1584 2569
178 121 246 155 260
269 129 329 154 ms
348 119 508 155 mrum.
523 123 642 154 usin.
661 128 736 153 cAr.
759 128 796 152 n.
812 128 856 152 m:
876 127 1066 153 socinum
1082 127 1156 153 civ.
1177 127 1213 153 m
1236 127 1275 153 sn
1293 128 1460 154 SPECTATA

179 199 440 247 justificandas
469 198 768 246 perduelliones,
800 198 1045 234 dominantes
1078 209 1187 243 vero,
1221 198 1461 244 tyrannidem

179 256 356 290 exercent
376 252 424 287 ad
449 250 713 286 sustinendam
736 250 979 296 majestatem
1000 251 1139 287 Status.

225 308 289 342 2¹¹¹.
313 319 329 337 ‹
359 305 394 340 Si
419 304 464 340 ad
491 304 551 350 jus
572 303 830 339 multitudinis
851 303 1011 349 alicujus
1030 303 1222 351 pertineat
1251 304 1322 340 sibi
1343 304 1464 350 provi-

179 359 268 394 dere
289 358 334 393 de
354 368 456 402 rege,
473 367 548 392 non
569 356 707 402 injuste
724 356 773 392 ab
788 356 923 392 eadem
941 366 1006 391 rex
1027 356 1225 392 institutus
1242 361 1368 404 potest
1383 356 1462 393 des-

181 411 265 445 titui
287 410 344 445 vel
365 409 560 445 refraenari
580 409 661 454 ejus
682 411 863 455 potestas.
886 408 917 443 si
935 410 1121 455 potestate
1146 409 1253 455 regia
1269 409 1463 456 tyrannice

181 464 374 500 abutatur.
406 464 479 498 Nec
508 461 679 507 putanda
704 465 759 496 est
782 461 868 497 talis
894 460 1101 497 multitudo
1129 461 1332 498 infideliter
1350 473 1464 509 agere

181 520 383 562 tyrannum
417 514 639 558 destituens,
662 514 779 549 etiam
807 514 837 549 si
871 513 995 549 eidem
1021 513 1060 549 in
1090 518 1273 561 perpetuo
1305 526 1345 551 se
1377 518 1464 551 ante

181 569 392 615 subjecerat
414 578 422 602 :
447 567 538 614 quia
562 566 633 602 hoc
658 567 736 613 ipse
764 567 904 602 meruit
926 567 965 602 in
990 567 1247 602 multitudinis
1278 568 1465 614 regimine

181 633 220 658 se
246 633 320 657 non
342 621 503 656 fideliter
521 630 669 666 gerens
688 624 728 654 ut
747 620 863 666 exigit
882 620 985 666 regis
1001 619 1184 666 osticium,
1206 620 1309 667 quod
1327 621 1361 657 ei
1378 632 1466 668 pac·

181 679 262 710 tum
291 685 312 709 a
333 673 494 709 subditis
516 683 590 708 non
613 676 839 708 reservetur.
857 686 874 706 ι
896 693 938 697 --
957 674 1053 708 Nota
1068 673 1183 709 verba
1197 673 1234 709 S.
1255 673 1411 710 Thomae
1429 675 1468 710 si

181 727 311 774 adjus
329 725 608 768 multitudinis,
631 725 741 772 quasi
762 725 903 761 diceret
924 734 935 762 ε
957 726 985 759 si
1001 724 1065 772 jus
1078 725 1274 772 judicandi
1288 730 1325 762 et
1341 726 1466 774 dispo-

181 780 296 816 nendi
316 778 361 814 de
388 779 486 824 regis
508 788 670 823 persona
691 779 743 824 (e.
779 787 831 824 g..
853 777 883 813 si
905 777 1002 814 tales
1025 778 1099 814 sint
1117 778 1219 826 leges
1238 779 1465 816 fundamen-

181 833 275 868 tales
301 832 424 878 regni)
457 831 642 875 pertineat
677 829 726 866 ad
761 831 1061 867 multitudinem.
1091 832 1156 866 Est
1187 843 1277 879 ergo
1307 833 1464 880 simplex

181 884 404 932 hypothesis
433 893 550 930 quam
582 884 690 929 ponit
725 883 945 924 Anaeticus.
977 894 1024 920 ne
1056 884 1273 920 membrum
1311 885 1466 932 aliquod

182 938 337 973 omittat
355 937 393 972 in
414 946 484 972 sua
505 937 839 982 argumentatione
857 936 1098 982 disjunctiva3
1119 941 1157 972 at
1177 947 1252 973 non
1271 938 1360 973 dicit
1379 949 1467 974 con·

183 991 368 1026 ditionem
399 989 504 1024 illam
538 999 691 1036 semper
727 988 913 1025 verificari
938 1000 946 1025 :
980 989 1151 1036 quinimo
1183 990 1217 1024 vi
1249 990 1468 1037 hypothesis

182 1043 364 1091 supponit
388 1042 427 1078 in
453 1041 551 1077 sacto
579 1041 663 1077 dari
686 1052 812 1088 posse,
834 1042 930 1077 sicut
953 1042 1210 1078 communiter
1228 1042 1354 1087 datur,
1381 1054 1469 1080 con·

182 1096 358 1132 trarium.

229 1151 278 1185 3ῐιἍ
307 1162 323 1179 ‹
351 1147 458 1190 Quod
487 1147 518 1182 si
538 1146 696 1182 omnino
719 1151 852 1182 contra
879 1151 1086 1193 tyrannum
1124 1147 1311 1183 auxilium
1335 1148 1470 1185 huma-

183 1212 276 1238 num
295 1200 423 1248 (juxta
443 1200 539 1235 duas
556 1200 805 1246 praecedentes
826 1199 1057 1245 hypotheses)
1073 1199 1206 1235 haberi
1230 1211 1304 1236 non
1329 1206 1467 1248 potest,

182 1252 458 1290 recurrendum
479 1256 536 1287 est
551 1250 599 1287 ad
614 1262 743 1298 regem
758 1253 933 1287 omnium
953 1253 1084 1296 Deum,
1103 1253 1169 1299 qui
1190 1257 1245 1287 est
1263 1253 1417 1300 adjutor
1432 1255 1470 1290 in

183 1305 536 1354 opportunitatibus
556 1305 593 1339 in
615 1304 872 1342 tribulatione.
896 1304 982 1350 Ejus
1003 1304 1104 1340 enim
1125 1305 1306 1352 potentiae
1326 1306 1468 1350 subest,

183 1363 224 1395 ut
242 1369 308 1395 cor
328 1357 480 1404 tyranni
500 1356 653 1392 crudele
682 1360 879 1392 convertat
908 1357 945 1391 in
967 1357 1318 1402 mansuetudinem,
1341 1369 1471 1394 secun-

185 1413 276 1448 dum
298 1410 513 1447 Salomonis
530 1410 772 1452 sententiam,
792 1410 975 1445 Pnovnnss.
995 1410 1071 1447 XII.
1094 1420 1129 1445 v.
1148 1412 1167 1445 9
1191 1420 1198 1428 ·
1223 1409 1296 1446 Cor
1311 1411 1412 1456 rngis
1431 1412 1472 1447 in

183 1474 297 1500 manv
312 1462 397 1507 Dei,
419 1472 646 1508 quocumque
662 1461 823 1497 voluerit
843 1460 1049 1497 inclinabit
1064 1461 1174 1497 illud.
1195 1477 1210 1494 ν

229 1516 341 1553 XVII.
364 1515 503 1550 Contra
517 1514 754 1550 excessivam
774 1514 1018 1559 tyrannidem
1037 1515 1262 1551 resistentia
1279 1526 1470 1552 nnrensivs

184 1572 313 1615 potest
332 1578 416 1604 esse
432 1567 556 1604 licita.
574 1566 662 1601 Dico
684 1570 818 1602 contra
834 1566 1060 1602 excessivam
1074 1567 1318 1613 tyrannidem
1335 1579 1342 1603 :
1361 1579 1470 1613 nam3

185 1626 227 1657 ut
257 1621 421 1657 inculcat
447 1620 482 1655 S.
505 1619 683 1663 Thomas,
711 1619 726 1654 1
745 1618 800 1655 De
818 1619 1012 1665 Reqimine
1031 1619 1275 1665 Principum,
1297 1620 1386 1666 Cap.
1412 1622 1470 1663 VI,

183 1674 222 1710 si
229 1684 304 1709 nnn
313 1672 433 1718 fuerit
444 1681 614 1707 excessus
626 1671 860 1716 tyrannidis,
873 1670 1008 1706 utilius
1023 1675 1075 1706 est
1086 1671 1289 1707 remissam
1302 1674 1474 1718 tyranni·

184 1727 264 1763 dem
278 1726 439 1761 tolerare
451 1724 503 1760 ad
517 1728 671 1770 tempus,
688 1734 801 1770 quam
810 1728 944 1759 contra
962 1728 1167 1770 tyrannum
1184 1725 1328 1770 aqendo
1344 1726 1473 1761 multis

185 1778 385 1826 implicari
394 1776 783 1823 periculis‚quaesunt
791 1777 976 1822 yravimu
986 1776 1072 1822 ipsa
1082 1776 1297 1822 tyrannide,
1313 1791 1328 1809 ι
1342 1782 1473 1825 etquae

186 1830 270 1868 ideo
283 1831 379 1866 cives
394 1830 535 1865 evitare
552 1832 740 1874 tenentur,
756 1839 802 1864 ne
820 1828 1040 1876 reipublicae
1058 1828 1210 1866 bonnm.
1223 1830 1470 1875 periclitetur.

185 1905 230 1911 -
251 1884 312 1919 llis
327 1882 539 1921 declaratis.
558 1881 742 1930 probatur
753 1881 884 1917 thesis.
901 1877 1167 1917 Resistentiam
1181 1876 1467 1930 passivamlegi-

186 1937 256 1972 bus
273 1935 472 1971 manifeste
499 1934 651 1978 iniustis
669 1934 813 1970 licitam
835 1944 916 1969 esse
936 1933 1098 1969 subditis
1112 1930 1370 1983 commprfiter
1389 1947 1475 1971 con-

186 1989 345 2025 ceditur.
370 1989 461 2023 Hinc
487 1988 523 2022 S.
544 1986 709 2023 Thomas
732 1987 808 2030 141,
833 1986 902 2028 Qu.
928 1986 1047 2029 XCVI,
1074 1988 1155 2022 Art.
1184 1983 1388 2034 IVlad'sB,
1437 2000 1474 2022 o-

187 2052 307 2089 quens
319 2041 362 2076 de
377 2040 450 2086 que
463 2050 546 2086 quoe
560 2040 677 2083 infert
694 2049 895 2085 yravamen
920 2039 1106 2083 injustum
1122 2039 1299 2080 subditis,
1313 1988 1495 2147 a&

187 2093 278 2129 ordo
297 2093 492 2139 potestatis
520 2093 709 2128 divinitus
733 2102 926 2127 concessus
950 2102 1022 2127 non
1044 2102 1081 2127 se
1102 2092 1269 2127 extendit
1279 2094 1333 2136 ⁶(u
1357 2093 1363 2098 '

154 2151 157 2155 '
189 2147 282 2192 [eyes
294 2156 457 2181 onerosoe
465 2144 631 2180 subditis
642 2155 716 2180 non
722 2144 950 2191 pertinentes
961 2144 1012 2179 ad
1020 2144 1223 2180 utilitatem
1233 2155 1472 2190 communem,

158 2222 160 2224 -
187 2199 250 2235 sed
265 2198 387 2244 magis
398 2197 449 2233 ad
458 2197 708 2243 cupiditatem
719 2196 1206 2243 vel-aleriamleqislatoris,
1220 2197 1276 2232 vel
1286 2197 1474 2243 leyeslatae

149 2257 152 2260 ’
187 2252 291 2287 ultra
311 2254 527 2297 potestatem
544 2249 669 2285 eidem
685 2250 892 2295 legislatori
907 2249 1173 2294 commissam),
1190 2249 1356 2284 affirmat
1372 2251 1472 2296 quo-t

190 2304 230 2339 in
245 2302 386 2339 talibus
398 2302 504 2338 homo
516 2312 590 2337 non
601 2301 796 2348 obliyatur
810 2307 850 2337 ut
861 2301 1012 2338 obediat
1029 2301 1114 2348 leyi,
1131 2301 1168 2336 si
1179 2302 1263 2337 sine
1276 2303 1470 2346 scandalo„

188 2356 244 2395 vel
254 2353 628 2399 maioridelrimrnto
640 2355 811 2390 resistere
820 2359 952 2394 potest.
963 2355 1053 2390 011ae
1064 2354 1198 2389 omnia
1209 2364 1340 2390 sunra.
1356 2365 1394 2389 n.
1408 2355 1470 2391 111.
