<?xml version="1.0" encoding="UTF-8"?>
<!DOCTYPE html PUBLIC "-//W3C//DTD XHTML 1.0 Transitional//EN"
    "http://www.w3.org/TR/xhtml1/DTD/xhtml1-transitional.dtd">
<html xmlns="http://www.w3.org/1999/xhtml" xml:lang="en" lang="en">
 <head>
  <title>
</title>
<meta http-equiv="Content-Type" content="text/html;charset=utf-8" />
  <meta name='ocr-system' content='tesseract 3.04.00' />
  <meta name='ocr-capabilities' content='ocr_page ocr_carea ocr_par ocr_line ocrx_word'/>
</head>
<body>
  <div class='ocr_page' id='page_1' title='image "./summaphilosophic03zigluoft_0373.png"; bbox 0 0 1584 2569; ppageno 0'>
   <div class='ocr_carea' id='block_1_1' title="bbox 529 93 1355 129">
    <p class='ocr_par' dir='ltr' id='par_1_1' title="bbox 529 93 1355 129">
     <span class='ocr_line' id='line_1_1' title="bbox 529 93 1355 129; baseline -0.006 0"><span class='ocrx_word' id='word_1_1' title='bbox 529 104 628 129; x_wconf 73' lang='lat' dir='ltr'>mon</span> <span class='ocrx_word' id='word_1_2' title='bbox 649 103 895 129; x_wconf 62' lang='lat' dir='ltr'>nuruum-icus</span> <span class='ocrx_word' id='word_1_3' title='bbox 1295 93 1355 124; x_wconf 79' lang='lat'>363</span> 
     </span>
    </p>
   </div>
   <div class='ocr_carea' id='block_1_2' title="bbox 110 169 1357 913">
    <p class='ocr_par' dir='ltr' id='par_1_2' title="bbox 110 169 1357 913">
     <span class='ocr_line' id='line_1_2' title="bbox 112 169 1355 213; baseline -0.001 -12"><span class='ocrx_word' id='word_1_4' title='bbox 112 174 251 211; x_wconf 81' lang='lat' dir='ltr'>propter</span> <span class='ocrx_word' id='word_1_5' title='bbox 273 170 426 212; x_wconf 82' lang='lat' dir='ltr'>aliquem</span> <span class='ocrx_word' id='word_1_6' title='bbox 450 171 570 212; x_wconf 82' lang='lat' dir='ltr'>finem,</span> <span class='ocrx_word' id='word_1_7' title='bbox 592 173 635 205; x_wconf 87' lang='lat'>11.</span> <span class='ocrx_word' id='word_1_8' title='bbox 655 189 741 205; x_wconf 91' lang='lat'><strong>-...</strong></span> <span class='ocrx_word' id='word_1_9' title='bbox 764 172 833 204; x_wconf 92' lang='lat' dir='ltr'>imo</span> <span class='ocrx_word' id='word_1_10' title='bbox 856 175 996 213; x_wconf 85' lang='lat' dir='ltr'>propter</span> <span class='ocrx_word' id='word_1_11' title='bbox 1015 170 1164 213; x_wconf 80' lang='lat' dir='ltr'><strong>aliquem</strong></span> <span class='ocrx_word' id='word_1_12' title='bbox 1194 169 1355 203; x_wconf 74' lang='lat' dir='ltr'>ultimum</span> 
     </span>
     <span class='ocr_line' id='line_1_3' title="bbox 112 216 1353 260; baseline -0.001 -12"><span class='ocrx_word' id='word_1_13' title='bbox 112 216 228 256; x_wconf 80' lang='lat' dir='ltr'>tinem,</span> <span class='ocrx_word' id='word_1_14' title='bbox 240 217 300 250; x_wconf 91' lang='lat'><strong>111.</strong></span> <span class='ocrx_word' id='word_1_15' title='bbox 315 218 411 251; x_wconf 82' lang='lat' dir='ltr'>—Ex</span> <span class='ocrx_word' id='word_1_16' title='bbox 421 217 488 251; x_wconf 82' lang='lat' dir='ltr'>fine</span> <span class='ocrx_word' id='word_1_17' title='bbox 499 218 601 252; x_wconf 87' lang='lat' dir='ltr'>rebus</span> <span class='ocrx_word' id='word_1_18' title='bbox 618 219 811 260; x_wconf 62' lang='lat' dir='ltr'>prostituto</span> <span class='ocrx_word' id='word_1_19' title='bbox 823 222 857 250; x_wconf 85' lang='lat' dir='ltr'>et</span> <span class='ocrx_word' id='word_1_20' title='bbox 875 218 1017 251; x_wconf 82' lang='lat' dir='ltr'>indubie</span> <span class='ocrx_word' id='word_1_21' title='bbox 1034 217 1187 259; x_wconf 80' lang='lat' dir='ltr'>cognitio</span> <span class='ocrx_word' id='word_1_22' title='bbox 1204 216 1353 249; x_wconf 86' lang='lat' dir='ltr'>solidum</span> 
     </span>
     <span class='ocr_line' id='line_1_4' title="bbox 111 263 1356 307; baseline -0.001 -12"><span class='ocrx_word' id='word_1_23' title='bbox 111 267 351 303; x_wconf 83' lang='lat' dir='ltr'><strong>argumentum</strong></span> <span class='ocrx_word' id='word_1_24' title='bbox 376 265 511 298; x_wconf 87' lang='lat' dir='ltr'><strong>desumi</strong></span> <span class='ocrx_word' id='word_1_25' title='bbox 538 269 651 307; x_wconf 86' lang='lat' dir='ltr'>potest</span> <span class='ocrx_word' id='word_1_26' title='bbox 665 265 711 298; x_wconf 88' lang='lat' dir='ltr'>ad</span> <span class='ocrx_word' id='word_1_27' title='bbox 734 273 855 299; x_wconf 85' lang='lat' dir='ltr'>earum</span> <span class='ocrx_word' id='word_1_28' title='bbox 873 272 991 298; x_wconf 85' lang='lat' dir='ltr'>rerum</span> <span class='ocrx_word' id='word_1_29' title='bbox 1012 268 1174 297; x_wconf 81' lang='lat' dir='ltr'>naturam</span> <span class='ocrx_word' id='word_1_30' title='bbox 1195 263 1356 296; x_wconf 89' lang='lat' dir='ltr'>determi-</span> 
     </span>
     <span class='ocr_line' id='line_1_5' title="bbox 111 309 1357 352; baseline -0.001 -11"><span class='ocrx_word' id='word_1_31' title='bbox 111 309 275 348; x_wconf 87' lang='lat' dir='ltr'>nandam,</span> <span class='ocrx_word' id='word_1_32' title='bbox 285 310 343 343; x_wconf 84' lang='lat' dir='ltr'>vl.</span> <span class='ocrx_word' id='word_1_33' title='bbox 353 327 395 336; x_wconf 85' lang='lat'>--</span> <span class='ocrx_word' id='word_1_34' title='bbox 408 311 456 344; x_wconf 87' lang='lat' dir='ltr'>De</span> <span class='ocrx_word' id='word_1_35' title='bbox 466 311 535 345; x_wconf 85' lang='lat' dir='ltr'>fine</span> <span class='ocrx_word' id='word_1_36' title='bbox 549 311 749 351; x_wconf 82' lang='lat' dir='ltr'>creationis,</span> <span class='ocrx_word' id='word_1_37' title='bbox 764 312 798 345; x_wconf 88' lang='lat' dir='ltr'><strong>C.</strong></span> <span class='ocrx_word' id='word_1_38' title='bbox 811 312 842 344; x_wconf 89' lang='lat'>8.</span> <span class='ocrx_word' id='word_1_39' title='bbox 857 311 954 352; x_wconf 87' lang='lat' dir='ltr'>(Vide</span> <span class='ocrx_word' id='word_1_40' title='bbox 969 310 1137 352; x_wconf 78' lang='lat' dir='ltr'>Creatio.)</span> <span class='ocrx_word' id='word_1_41' title='bbox 1153 328 1192 334; x_wconf 92' lang='lat'>-</span> <span class='ocrx_word' id='word_1_42' title='bbox 1208 309 1299 347; x_wconf 89' lang='lat' dir='ltr'>Quid</span> <span class='ocrx_word' id='word_1_43' title='bbox 1311 309 1357 340; x_wconf 82' lang='lat' dir='ltr'>sit</span> 
     </span>
     <span class='ocr_line' id='line_1_6' title="bbox 110 356 1356 400; baseline -0.001 -12"><span class='ocrx_word' id='word_1_44' title='bbox 110 364 211 397; x_wconf 83' lang='lat' dir='ltr'>agere</span> <span class='ocrx_word' id='word_1_45' title='bbox 226 361 364 399; x_wconf 85' lang='lat' dir='ltr'>propter</span> <span class='ocrx_word' id='word_1_46' title='bbox 376 357 495 398; x_wconf 87' lang='lat' dir='ltr'>finem,</span> <span class='ocrx_word' id='word_1_47' title='bbox 511 358 556 391; x_wconf 91' lang='lat' dir='ltr'>M.</span> <span class='ocrx_word' id='word_1_48' title='bbox 573 360 602 392; x_wconf 90' lang='lat'>1.</span> <span class='ocrx_word' id='word_1_49' title='bbox 622 376 664 385; x_wconf 89' lang='lat'>—-</span> <span class='ocrx_word' id='word_1_50' title='bbox 683 358 816 392; x_wconf 81' lang='lat' dir='ltr'>Diversi</span> <span class='ocrx_word' id='word_1_51' title='bbox 833 358 927 391; x_wconf 92' lang='lat' dir='ltr'>modi</span> <span class='ocrx_word' id='word_1_52' title='bbox 941 358 1066 400; x_wconf 84' lang='lat' dir='ltr'>agendi</span> <span class='ocrx_word' id='word_1_53' title='bbox 1082 361 1221 399; x_wconf 64' lang='lat' dir='ltr'>promea=</span> <span class='ocrx_word' id='word_1_54' title='bbox 1239 356 1356 394; x_wconf 60' lang='lat' dir='ltr'>anem,</span> 
     </span>
     <span class='ocr_line' id='line_1_7' title="bbox 112 403 1356 448; baseline -0.002 -12"><span class='ocrx_word' id='word_1_55' title='bbox 112 403 139 436; x_wconf 87' lang='lat'><strong>1.</strong></span> <span class='ocrx_word' id='word_1_56' title='bbox 164 419 204 428; x_wconf 90' lang='lat'>·-</span> <span class='ocrx_word' id='word_1_57' title='bbox 233 403 326 437; x_wconf 88' lang='lat' dir='ltr'>Finis</span> <span class='ocrx_word' id='word_1_58' title='bbox 353 404 388 437; x_wconf 89' lang='lat' dir='ltr'>in</span> <span class='ocrx_word' id='word_1_59' title='bbox 417 405 561 439; x_wconf 86' lang='lat' dir='ltr'>diversis</span> <span class='ocrx_word' id='word_1_60' title='bbox 585 406 784 448; x_wconf 84' lang='lat' dir='ltr'>agentibus,</span> <span class='ocrx_word' id='word_1_61' title='bbox 805 405 913 438; x_wconf 90' lang='lat' dir='ltr'><strong>II-IV.</strong></span> <span class='ocrx_word' id='word_1_62' title='bbox 933 422 975 428; x_wconf 95' lang='lat'>—</span> <span class='ocrx_word' id='word_1_63' title='bbox 995 407 1104 438; x_wconf 89' lang='lat' dir='ltr'><strong>Homo</strong></span> <span class='ocrx_word' id='word_1_64' title='bbox 1122 405 1228 436; x_wconf 87' lang='lat' dir='ltr'>libere</span> <span class='ocrx_word' id='word_1_65' title='bbox 1249 411 1356 445; x_wconf 84' lang='lat' dir='ltr'>agens</span> 
     </span>
     <span class='ocr_line' id='line_1_8' title="bbox 112 450 1356 494; baseline -0.001 -12"><span class='ocrx_word' id='word_1_66' title='bbox 112 450 182 491; x_wconf 81' lang='lat' dir='ltr'>agit</span> <span class='ocrx_word' id='word_1_67' title='bbox 192 458 328 492; x_wconf 85' lang='lat' dir='ltr'><strong>semper</strong></span> <span class='ocrx_word' id='word_1_68' title='bbox 347 456 486 494; x_wconf 86' lang='lat' dir='ltr'>propter</span> <span class='ocrx_word' id='word_1_69' title='bbox 504 452 623 492; x_wconf 84' lang='lat' dir='ltr'>finem,</span> <span class='ocrx_word' id='word_1_70' title='bbox 637 454 680 486; x_wconf 91' lang='lat' dir='ltr'>M.</span> <span class='ocrx_word' id='word_1_71' title='bbox 698 453 731 492; x_wconf 83' lang='lat'>2,</span> <span class='ocrx_word' id='word_1_72' title='bbox 755 453 814 485; x_wconf 88' lang='lat'>111.</span> <span class='ocrx_word' id='word_1_73' title='bbox 836 470 874 476; x_wconf 84' lang='lat'>—-</span> <span class='ocrx_word' id='word_1_74' title='bbox 894 453 1004 485; x_wconf 87' lang='lat' dir='ltr'><strong>Homo</strong></span> <span class='ocrx_word' id='word_1_75' title='bbox 1021 451 1129 485; x_wconf 85' lang='lat' dir='ltr'>libere</span> <span class='ocrx_word' id='word_1_76' title='bbox 1149 459 1256 492; x_wconf 83' lang='lat' dir='ltr'>agens</span> <span class='ocrx_word' id='word_1_77' title='bbox 1270 459 1356 482; x_wconf 88' lang='lat' dir='ltr'>sem-</span> 
     </span>
     <span class='ocr_line' id='line_1_9' title="bbox 113 497 1356 541; baseline -0.001 -12"><span class='ocrx_word' id='word_1_78' title='bbox 113 505 172 538; x_wconf 89' lang='lat' dir='ltr'>per</span> <span class='ocrx_word' id='word_1_79' title='bbox 197 497 268 539; x_wconf 85' lang='lat' dir='ltr'>agit</span> <span class='ocrx_word' id='word_1_80' title='bbox 294 502 435 540; x_wconf 83' lang='lat' dir='ltr'>propter</span> <span class='ocrx_word' id='word_1_81' title='bbox 455 499 607 541; x_wconf 82' lang='lat' dir='ltr'>aliquem</span> <span class='ocrx_word' id='word_1_82' title='bbox 629 500 789 532; x_wconf 85' lang='lat' dir='ltr'>ultimum</span> <span class='ocrx_word' id='word_1_83' title='bbox 810 499 930 539; x_wconf 84' lang='lat' dir='ltr'>finem,</span> <span class='ocrx_word' id='word_1_84' title='bbox 951 499 982 538; x_wconf 88' lang='lat'>3,</span> <span class='ocrx_word' id='word_1_85' title='bbox 1004 499 1030 531; x_wconf 85' lang='lat'>1.</span> <span class='ocrx_word' id='word_1_86' title='bbox 1049 517 1090 522; x_wconf 98' lang='lat'><strong>—</strong></span> <span class='ocrx_word' id='word_1_87' title='bbox 1113 498 1261 531; x_wconf 88' lang='lat' dir='ltr'>Ultimus</span> <span class='ocrx_word' id='word_1_88' title='bbox 1278 497 1356 529; x_wconf 82' lang='lat' dir='ltr'>finis</span> 
     </span>
     <span class='ocr_line' id='line_1_10' title="bbox 112 544 1356 587; baseline -0.001 -11"><span class='ocrx_word' id='word_1_89' title='bbox 112 547 164 576; x_wconf 88' lang='lat' dir='ltr'>est</span> <span class='ocrx_word' id='word_1_90' title='bbox 196 552 287 577; x_wconf 89' lang='lat' dir='ltr'>unus</span> <span class='ocrx_word' id='word_1_91' title='bbox 317 552 379 586; x_wconf 83' lang='lat' dir='ltr'>pro</span> <span class='ocrx_word' id='word_1_92' title='bbox 413 545 575 579; x_wconf 89' lang='lat' dir='ltr'>omnibus</span> <span class='ocrx_word' id='word_1_93' title='bbox 611 546 810 579; x_wconf 87' lang='lat' dir='ltr'>hominibus</span> <span class='ocrx_word' id='word_1_94' title='bbox 847 546 1027 587; x_wconf 83' lang='lat' dir='ltr'>objective,</span> <span class='ocrx_word' id='word_1_95' title='bbox 1061 554 1123 579; x_wconf 91' lang='lat' dir='ltr'>seu</span> <span class='ocrx_word' id='word_1_96' title='bbox 1164 544 1356 578; x_wconf 89' lang='lat' dir='ltr'>secundum</span> 
     </span>
     <span class='ocr_line' id='line_1_11' title="bbox 111 589 1356 635; baseline 0 -13"><span class='ocrx_word' id='word_1_97' title='bbox 111 589 278 623; x_wconf 85' lang='lat' dir='ltr'>rationem</span> <span class='ocrx_word' id='word_1_98' title='bbox 306 589 421 624; x_wconf 83' lang='lat' dir='ltr'>ultimi</span> <span class='ocrx_word' id='word_1_99' title='bbox 444 592 538 634; x_wconf 78' lang='lat' dir='ltr'>nnis,</span> <span class='ocrx_word' id='word_1_100' title='bbox 559 594 719 635; x_wconf 84' lang='lat' dir='ltr'>quamvis</span> <span class='ocrx_word' id='word_1_101' title='bbox 739 601 809 626; x_wconf 88' lang='lat' dir='ltr'>non</span> <span class='ocrx_word' id='word_1_102' title='bbox 834 593 878 625; x_wconf 88' lang='lat' dir='ltr'>sit</span> <span class='ocrx_word' id='word_1_103' title='bbox 897 592 990 625; x_wconf 88' lang='lat' dir='ltr'>idem</span> <span class='ocrx_word' id='word_1_104' title='bbox 1008 592 1210 633; x_wconf 82' lang='lat' dir='ltr'>subjective,</span> <span class='ocrx_word' id='word_1_105' title='bbox 1231 599 1356 631; x_wconf 82' lang='lat' dir='ltr'>nempe</span> 
     </span>
     <span class='ocr_line' id='line_1_12' title="bbox 110 637 1356 682; baseline -0.001 -12"><span class='ocrx_word' id='word_1_106' title='bbox 110 637 227 680; x_wconf 83' lang='lat' dir='ltr'>quoad</span> <span class='ocrx_word' id='word_1_107' title='bbox 242 638 413 679; x_wconf 86' lang='lat' dir='ltr'>judicium</span> <span class='ocrx_word' id='word_1_108' title='bbox 428 648 497 681; x_wconf 92' lang='lat' dir='ltr'>quo</span> <span class='ocrx_word' id='word_1_109' title='bbox 515 640 764 673; x_wconf 81' lang='lat' dir='ltr'>determinatur</span> <span class='ocrx_word' id='word_1_110' title='bbox 782 640 817 672; x_wconf 91' lang='lat' dir='ltr'>in</span> <span class='ocrx_word' id='word_1_111' title='bbox 838 648 906 682; x_wconf 88' lang='lat' dir='ltr'>quo</span> <span class='ocrx_word' id='word_1_112' title='bbox 930 639 1009 672; x_wconf 85' lang='lat' dir='ltr'>finis</span> <span class='ocrx_word' id='word_1_113' title='bbox 1029 639 1142 672; x_wconf 84' lang='lat' dir='ltr'>ultimi</span> <span class='ocrx_word' id='word_1_114' title='bbox 1161 639 1248 671; x_wconf 85' lang='lat' dir='ltr'>ratio</span> <span class='ocrx_word' id='word_1_115' title='bbox 1262 638 1356 669; x_wconf 86' lang='lat' dir='ltr'>inve-</span> 
     </span>
     <span class='ocr_line' id='line_1_13' title="bbox 113 684 1357 729; baseline -0.002 -11"><span class='ocrx_word' id='word_1_116' title='bbox 113 684 217 725; x_wconf 77' lang='lat' dir='ltr'>nitur,</span> <span class='ocrx_word' id='word_1_117' title='bbox 249 686 291 719; x_wconf 93' lang='lat'>11.</span> <span class='ocrx_word' id='word_1_118' title='bbox 328 703 367 710; x_wconf 95' lang='lat'><strong>—</strong></span> <span class='ocrx_word' id='word_1_119' title='bbox 394 686 545 719; x_wconf 87' lang='lat' dir='ltr'>Ultimus</span> <span class='ocrx_word' id='word_1_120' title='bbox 580 687 660 720; x_wconf 84' lang='lat' dir='ltr'>finis</span> <span class='ocrx_word' id='word_1_121' title='bbox 688 691 828 729; x_wconf 83' lang='lat' dir='ltr'>propter</span> <span class='ocrx_word' id='word_1_122' title='bbox 854 696 958 729; x_wconf 88' lang='lat' dir='ltr'>quem</span> <span class='ocrx_word' id='word_1_123' title='bbox 987 687 1091 720; x_wconf 87' lang='lat' dir='ltr'>homo</span> <span class='ocrx_word' id='word_1_124' title='bbox 1118 687 1189 728; x_wconf 86' lang='lat' dir='ltr'>agit</span> <span class='ocrx_word' id='word_1_125' title='bbox 1219 685 1357 718; x_wconf 80' lang='lat' dir='ltr'>realiter</span> 
     </span>
     <span class='ocr_line' id='line_1_14' title="bbox 112 732 1354 775; baseline 0 -11"><span class='ocrx_word' id='word_1_126' title='bbox 112 732 239 772; x_wconf 81' lang='lat' dir='ltr'>existit,</span> <span class='ocrx_word' id='word_1_127' title='bbox 265 732 327 766; x_wconf 88' lang='lat'>111.</span> <span class='ocrx_word' id='word_1_128' title='bbox 357 733 455 773; x_wconf 89' lang='lat' dir='ltr'>(Vide</span> <span class='ocrx_word' id='word_1_129' title='bbox 479 734 697 773; x_wconf 68' lang='lat' dir='ltr'>Beatitudo.)</span> <span class='ocrx_word' id='word_1_130' title='bbox 724 752 764 758; x_wconf 92' lang='lat'><em>-</em></span> <span class='ocrx_word' id='word_1_131' title='bbox 781 734 874 767; x_wconf 88' lang='lat' dir='ltr'>Finis</span> <span class='ocrx_word' id='word_1_132' title='bbox 909 738 962 767; x_wconf 90' lang='lat' dir='ltr'>est</span> <span class='ocrx_word' id='word_1_133' title='bbox 990 734 1171 775; x_wconf 84' lang='lat' dir='ltr'>potissima</span> <span class='ocrx_word' id='word_1_134' title='bbox 1206 733 1354 765; x_wconf 86' lang='lat' dir='ltr'>circum-</span> 
     </span>
     <span class='ocr_line' id='line_1_15' title="bbox 112 779 1357 820; baseline -0.002 -8"><span class='ocrx_word' id='word_1_135' title='bbox 112 779 251 819; x_wconf 81' lang='lat' dir='ltr'>stantia,</span> <span class='ocrx_word' id='word_1_136' title='bbox 278 780 322 812; x_wconf 91' lang='lat' dir='ltr'>M.</span> <span class='ocrx_word' id='word_1_137' title='bbox 347 781 399 820; x_wconf 80' lang='lat'>14,</span> <span class='ocrx_word' id='word_1_138' title='bbox 422 781 476 813; x_wconf 87' lang='lat' dir='ltr'><strong>IV.</strong></span> <span class='ocrx_word' id='word_1_139' title='bbox 500 799 539 805; x_wconf 88' lang='grc'>-</span> <span class='ocrx_word' id='word_1_140' title='bbox 566 782 663 815; x_wconf 86' lang='lat' dir='ltr'>Actio</span> <span class='ocrx_word' id='word_1_141' title='bbox 684 782 837 814; x_wconf 86' lang='lat' dir='ltr'>humana</span> <span class='ocrx_word' id='word_1_142' title='bbox 860 786 912 814; x_wconf 85' lang='lat' dir='ltr'>est</span> <span class='ocrx_word' id='word_1_143' title='bbox 931 782 1022 814; x_wconf 86' lang='lat' dir='ltr'>bona</span> <span class='ocrx_word' id='word_1_144' title='bbox 1038 781 1092 814; x_wconf 80' lang='lat' dir='ltr'>vel</span> <span class='ocrx_word' id='word_1_145' title='bbox 1108 780 1201 813; x_wconf 84' lang='lat' dir='ltr'>mala</span> <span class='ocrx_word' id='word_1_146' title='bbox 1220 788 1258 812; x_wconf 87' lang='lat' dir='ltr'>ex</span> <span class='ocrx_word' id='word_1_147' title='bbox 1290 779 1357 811; x_wconf 82' lang='lat' dir='ltr'>fine</span> 
     </span>
     <span class='ocr_line' id='line_1_16' title="bbox 112 826 1354 868; baseline -0.001 -9"><span class='ocrx_word' id='word_1_148' title='bbox 112 826 306 866; x_wconf 84' lang='lat' dir='ltr'>causaliter,</span> <span class='ocrx_word' id='word_1_149' title='bbox 328 826 403 861; x_wconf 91' lang='lat' dir='ltr'><strong>VII.</strong></span> <span class='ocrx_word' id='word_1_150' title='bbox 423 844 462 851; x_wconf 89' lang='lat'>—-</span> <span class='ocrx_word' id='word_1_151' title='bbox 481 829 527 861; x_wconf 89' lang='lat' dir='ltr'>De</span> <span class='ocrx_word' id='word_1_152' title='bbox 546 828 712 861; x_wconf 87' lang='lat' dir='ltr'>relatione</span> <span class='ocrx_word' id='word_1_153' title='bbox 727 829 815 860; x_wconf 82' lang='lat' dir='ltr'>inter</span> <span class='ocrx_word' id='word_1_154' title='bbox 835 828 941 861; x_wconf 88' lang='lat' dir='ltr'>finem</span> <span class='ocrx_word' id='word_1_155' title='bbox 955 828 1070 868; x_wconf 84' lang='lat' dir='ltr'>operis</span> <span class='ocrx_word' id='word_1_156' title='bbox 1093 832 1127 860; x_wconf 90' lang='lat' dir='ltr'>et</span> <span class='ocrx_word' id='word_1_157' title='bbox 1145 827 1251 859; x_wconf 80' lang='lat' dir='ltr'>finem</span> <span class='ocrx_word' id='word_1_158' title='bbox 1272 835 1354 866; x_wconf 85' lang='lat' dir='ltr'>ope-</span> 
     </span>
     <span class='ocr_line' id='line_1_17' title="bbox 112 873 314 913; baseline 0 -7"><span class='ocrx_word' id='word_1_159' title='bbox 112 874 233 913; x_wconf 75' lang='lat' dir='ltr'>rantiS,</span> <span class='ocrx_word' id='word_1_160' title='bbox 258 873 314 906; x_wconf 66' lang='lat' dir='ltr'>lx.</span> 
     </span>
    </p>
   </div>
   <div class='ocr_carea' id='block_1_3' title="bbox 71 925 724 970">
    <p class='ocr_par' dir='ltr' id='par_1_3' title="bbox 71 925 724 970">
     <span class='ocr_line' id='line_1_18' title="bbox 71 925 724 970; baseline 0.002 -11"><span class='ocrx_word' id='word_1_161' title='bbox 71 925 245 959; x_wconf 72' lang='lat' dir='ltr'>finitum.</span> <span class='ocrx_word' id='word_1_162' title='bbox 267 927 305 959; x_wconf 92' lang='grc' dir='ltr'>Ο.</span> <span class='ocrx_word' id='word_1_163' title='bbox 329 927 380 959; x_wconf 82' lang='grc'>23.</span> <span class='ocrx_word' id='word_1_164' title='bbox 395 926 493 967; x_wconf 86' lang='lat' dir='ltr'>(vide</span> <span class='ocrx_word' id='word_1_165' title='bbox 511 928 724 970; x_wconf 75' lang='lat' dir='ltr'>Infinitum.)</span> 
     </span>
    </p>
   </div>
   <div class='ocr_carea' id='block_1_4' title="bbox 72 984 1361 1591">
    <p class='ocr_par' dir='ltr' id='par_1_4' title="bbox 72 984 1361 1591">
     <span class='ocr_line' id='line_1_19' title="bbox 72 984 1355 1027; baseline -0.002 -10"><span class='ocrx_word' id='word_1_166' title='bbox 72 984 200 1018; x_wconf 83' lang='lat' dir='ltr'>Forma</span> <span class='ocrx_word' id='word_1_167' title='bbox 228 986 485 1027; x_wconf 86' lang='lat' dir='ltr'>propositionis,</span> <span class='ocrx_word' id='word_1_168' title='bbox 515 986 550 1018; x_wconf 89' lang='lat' dir='ltr'>L.</span> <span class='ocrx_word' id='word_1_169' title='bbox 578 987 630 1025; x_wconf 82' lang='lat'>20,</span> <span class='ocrx_word' id='word_1_170' title='bbox 658 987 699 1019; x_wconf 92' lang='grc' dir='ltr'>ΙΙ.</span> <span class='ocrx_word' id='word_1_171' title='bbox 730 1005 767 1010; x_wconf 88' lang='lat'>-</span> <span class='ocrx_word' id='word_1_172' title='bbox 796 987 919 1019; x_wconf 89' lang='lat' dir='ltr'>Forma</span> <span class='ocrx_word' id='word_1_173' title='bbox 948 986 1120 1027; x_wconf 78' lang='lat' dir='ltr'>significat</span> <span class='ocrx_word' id='word_1_174' title='bbox 1154 985 1355 1024; x_wconf 84' lang='lat' dir='ltr'>essentiam,</span> 
     </span>
     <span class='ocr_line' id='line_1_20' title="bbox 112 1032 1357 1072; baseline -0.002 -7"><span class='ocrx_word' id='word_1_175' title='bbox 112 1033 151 1065; x_wconf 92' lang='lat' dir='ltr'><strong>O.</strong></span> <span class='ocrx_word' id='word_1_176' title='bbox 188 1032 240 1072; x_wconf 85' lang='lat'>10,</span> <span class='ocrx_word' id='word_1_177' title='bbox 279 1032 338 1065; x_wconf 91' lang='lat'>111.</span> <span class='ocrx_word' id='word_1_178' title='bbox 377 1050 418 1057; x_wconf 95' lang='lat'><strong>—</strong></span> <span class='ocrx_word' id='word_1_179' title='bbox 444 1033 568 1067; x_wconf 84' lang='lat' dir='ltr'>Forma</span> <span class='ocrx_word' id='word_1_180' title='bbox 592 1034 700 1066; x_wconf 84' lang='lat' dir='ltr'>relate</span> <span class='ocrx_word' id='word_1_181' title='bbox 729 1034 773 1066; x_wconf 91' lang='lat' dir='ltr'>ad</span> <span class='ocrx_word' id='word_1_182' title='bbox 805 1033 1048 1072; x_wconf 85' lang='lat' dir='ltr'>mutationem,</span> <span class='ocrx_word' id='word_1_183' title='bbox 1081 1033 1118 1065; x_wconf 92' lang='lat' dir='ltr'><strong>O.</strong></span> <span class='ocrx_word' id='word_1_184' title='bbox 1153 1033 1204 1071; x_wconf 83' lang='lat'>25,</span> <span class='ocrx_word' id='word_1_185' title='bbox 1235 1032 1279 1065; x_wconf 87' lang='grc' dir='ltr'>ΙΙ.</span> <span class='ocrx_word' id='word_1_186' title='bbox 1318 1048 1357 1054; x_wconf 80' lang='lat'>—-</span> 
     </span>
     <span class='ocr_line' id='line_1_21' title="bbox 112 1079 1355 1122; baseline -0.002 -10"><span class='ocrx_word' id='word_1_187' title='bbox 112 1079 235 1113; x_wconf 84' lang='lat' dir='ltr'>Forma</span> <span class='ocrx_word' id='word_1_188' title='bbox 252 1080 387 1121; x_wconf 85' lang='lat' dir='ltr'>species</span> <span class='ocrx_word' id='word_1_189' title='bbox 405 1080 597 1122; x_wconf 83' lang='lat' dir='ltr'>qualitatis,</span> <span class='ocrx_word' id='word_1_190' title='bbox 619 1081 657 1113; x_wconf 93' lang='grc' dir='ltr'>Ο.</span> <span class='ocrx_word' id='word_1_191' title='bbox 674 1080 726 1119; x_wconf 80' lang='lat'>31,</span> <span class='ocrx_word' id='word_1_192' title='bbox 742 1081 794 1113; x_wconf 92' lang='lat' dir='ltr'><strong>IV.</strong></span> <span class='ocrx_word' id='word_1_193' title='bbox 815 1098 856 1105; x_wconf 88' lang='lat'>-</span> <span class='ocrx_word' id='word_1_194' title='bbox 878 1080 975 1112; x_wconf 85' lang='lat' dir='ltr'>Ratio</span> <span class='ocrx_word' id='word_1_195' title='bbox 995 1079 1225 1120; x_wconf 86' lang='lat' dir='ltr'>causalitatis,</span> <span class='ocrx_word' id='word_1_196' title='bbox 1243 1086 1355 1111; x_wconf 81' lang='lat' dir='ltr'>causae</span> 
     </span>
     <span class='ocr_line' id='line_1_22' title="bbox 113 1124 1358 1166; baseline 0 -9"><span class='ocrx_word' id='word_1_197' title='bbox 113 1125 281 1166; x_wconf 79' lang='lat' dir='ltr'>formalis,</span> <span class='ocrx_word' id='word_1_198' title='bbox 300 1126 344 1159; x_wconf 89' lang='lat'>11.</span> <span class='ocrx_word' id='word_1_199' title='bbox 367 1144 405 1150; x_wconf 94' lang='lat'>—</span> <span class='ocrx_word' id='word_1_200' title='bbox 422 1126 545 1160; x_wconf 85' lang='lat' dir='ltr'>Forma</span> <span class='ocrx_word' id='word_1_201' title='bbox 564 1127 804 1160; x_wconf 84' lang='lat' dir='ltr'>substantialis</span> <span class='ocrx_word' id='word_1_202' title='bbox 828 1131 861 1160; x_wconf 88' lang='lat' dir='ltr'>et</span> <span class='ocrx_word' id='word_1_203' title='bbox 883 1127 1117 1166; x_wconf 88' lang='lat' dir='ltr'>accidentalis,</span> <span class='ocrx_word' id='word_1_204' title='bbox 1142 1126 1204 1159; x_wconf 93' lang='lat'>111.</span> <span class='ocrx_word' id='word_1_205' title='bbox 1224 1144 1265 1148; x_wconf 97' lang='lat'><strong>—</strong></span> <span class='ocrx_word' id='word_1_206' title='bbox 1286 1124 1358 1157; x_wconf 83' lang='lat' dir='ltr'>Exi-</span> 
     </span>
     <span class='ocr_line' id='line_1_23' title="bbox 113 1173 1356 1215; baseline -0.003 -8"><span class='ocrx_word' id='word_1_207' title='bbox 113 1174 241 1207; x_wconf 88' lang='lat' dir='ltr'>stentia</span> <span class='ocrx_word' id='word_1_208' title='bbox 274 1173 377 1207; x_wconf 86' lang='lat' dir='ltr'>realis</span> <span class='ocrx_word' id='word_1_209' title='bbox 408 1174 597 1208; x_wconf 80' lang='lat' dir='ltr'>formarum</span> <span class='ocrx_word' id='word_1_210' title='bbox 625 1174 911 1208; x_wconf 86' lang='lat' dir='ltr'>substantialium</span> <span class='ocrx_word' id='word_1_211' title='bbox 935 1174 1127 1215; x_wconf 85' lang='lat' dir='ltr'>ontologice</span> <span class='ocrx_word' id='word_1_212' title='bbox 1158 1173 1279 1205; x_wconf 87' lang='lat' dir='ltr'>saltem</span> <span class='ocrx_word' id='word_1_213' title='bbox 1305 1177 1356 1204; x_wconf 87' lang='lat' dir='ltr'>est</span> 
     </span>
     <span class='ocr_line' id='line_1_24' title="bbox 113 1218 1357 1261; baseline -0.003 -8"><span class='ocrx_word' id='word_1_214' title='bbox 113 1219 339 1261; x_wconf 85' lang='lat' dir='ltr'>admittenda,</span> <span class='ocrx_word' id='word_1_215' title='bbox 358 1220 410 1253; x_wconf 91' lang='lat' dir='ltr'>1v.</span> <span class='ocrx_word' id='word_1_216' title='bbox 430 1237 472 1244; x_wconf 92' lang='lat'><em>-</em></span> <span class='ocrx_word' id='word_1_217' title='bbox 493 1221 540 1254; x_wconf 92' lang='lat' dir='ltr'>De</span> <span class='ocrx_word' id='word_1_218' title='bbox 562 1221 683 1254; x_wconf 89' lang='lat' dir='ltr'>ordine</span> <span class='ocrx_word' id='word_1_219' title='bbox 698 1220 788 1253; x_wconf 84' lang='lat' dir='ltr'>inter</span> <span class='ocrx_word' id='word_1_220' title='bbox 806 1221 988 1253; x_wconf 83' lang='lat' dir='ltr'>materiam</span> <span class='ocrx_word' id='word_1_221' title='bbox 1009 1224 1042 1251; x_wconf 86' lang='lat' dir='ltr'>et</span> <span class='ocrx_word' id='word_1_222' title='bbox 1065 1220 1225 1258; x_wconf 79' lang='lat' dir='ltr'>sormam,</span> <span class='ocrx_word' id='word_1_223' title='bbox 1244 1219 1282 1250; x_wconf 90' lang='lat' dir='ltr'><strong>O.</strong></span> <span class='ocrx_word' id='word_1_224' title='bbox 1307 1218 1357 1254; x_wconf 78' lang='lat'>49,</span> 
     </span>
     <span class='ocr_line' id='line_1_25' title="bbox 113 1266 1356 1308; baseline -0.002 -8"><span class='ocrx_word' id='word_1_225' title='bbox 113 1266 155 1300; x_wconf 90' lang='lat'>11.</span> <span class='ocrx_word' id='word_1_226' title='bbox 179 1285 219 1292; x_wconf 93' lang='lat'>—</span> <span class='ocrx_word' id='word_1_227' title='bbox 243 1267 367 1300; x_wconf 85' lang='lat' dir='ltr'>Forma</span> <span class='ocrx_word' id='word_1_228' title='bbox 391 1267 643 1308; x_wconf 87' lang='lat' dir='ltr'>substantialis,</span> <span class='ocrx_word' id='word_1_229' title='bbox 666 1269 701 1299; x_wconf 88' lang='lat' dir='ltr'><strong>C.</strong></span> <span class='ocrx_word' id='word_1_230' title='bbox 727 1268 777 1306; x_wconf 86' lang='lat'>16,</span> <span class='ocrx_word' id='word_1_231' title='bbox 799 1267 854 1299; x_wconf 88' lang='lat' dir='ltr'><strong>IV.</strong></span> <span class='ocrx_word' id='word_1_232' title='bbox 879 1267 980 1308; x_wconf 77' lang='lat' dir='ltr'>(Vide</span> <span class='ocrx_word' id='word_1_233' title='bbox 1001 1266 1263 1300; x_wconf 73' lang='lat' dir='ltr'>scholasticum</span> <span class='ocrx_word' id='word_1_234' title='bbox 1283 1275 1356 1306; x_wconf 75' lang='lat' dir='ltr'>sys-</span> 
     </span>
     <span class='ocr_line' id='line_1_26' title="bbox 115 1312 1358 1357; baseline -0.003 -10"><span class='ocrx_word' id='word_1_235' title='bbox 115 1317 205 1347; x_wconf 79' lang='lat' dir='ltr'>tema</span> <span class='ocrx_word' id='word_1_236' title='bbox 222 1314 264 1347; x_wconf 83' lang='lat' dir='ltr'>de</span> <span class='ocrx_word' id='word_1_237' title='bbox 283 1314 515 1348; x_wconf 75' lang='lat' dir='ltr'>substantiali</span> <span class='ocrx_word' id='word_1_238' title='bbox 524 1323 714 1357; x_wconf 82' lang='lat' dir='ltr'>corporum</span> <span class='ocrx_word' id='word_1_239' title='bbox 728 1314 1003 1356; x_wconf 77' lang='lat' dir='ltr'>compositione.)</span> <span class='ocrx_word' id='word_1_240' title='bbox 1018 1332 1058 1337; x_wconf 90' lang='lat'><em>—</em></span> <span class='ocrx_word' id='word_1_241' title='bbox 1074 1313 1218 1345; x_wconf 86' lang='lat' dir='ltr'>Eduotio</span> <span class='ocrx_word' id='word_1_242' title='bbox 1232 1312 1358 1346; x_wconf 82' lang='lat' dir='ltr'>forma-</span> 
     </span>
     <span class='ocr_line' id='line_1_27' title="bbox 114 1360 1360 1403; baseline -0.002 -10"><span class='ocrx_word' id='word_1_243' title='bbox 114 1369 190 1394; x_wconf 85' lang='lat' dir='ltr'>rum</span> <span class='ocrx_word' id='word_1_244' title='bbox 213 1370 233 1395; x_wconf 87' lang='lat' dir='ltr'>e</span> <span class='ocrx_word' id='word_1_245' title='bbox 253 1361 409 1403; x_wconf 87' lang='lat' dir='ltr'>potentia</span> <span class='ocrx_word' id='word_1_246' title='bbox 433 1361 598 1395; x_wconf 80' lang='lat' dir='ltr'>materiae.</span> <span class='ocrx_word' id='word_1_247' title='bbox 631 1362 665 1394; x_wconf 92' lang='lat' dir='ltr'><strong>C.</strong></span> <span class='ocrx_word' id='word_1_248' title='bbox 693 1362 744 1401; x_wconf 84' lang='lat'>17,</span> <span class='ocrx_word' id='word_1_249' title='bbox 778 1361 835 1393; x_wconf 82' lang='lat' dir='ltr'><strong>VI.</strong></span> <span class='ocrx_word' id='word_1_250' title='bbox 863 1379 901 1384; x_wconf 86' lang='lat'>—-</span> <span class='ocrx_word' id='word_1_251' title='bbox 929 1361 977 1392; x_wconf 89' lang='lat' dir='ltr'>De</span> <span class='ocrx_word' id='word_1_252' title='bbox 1007 1360 1123 1393; x_wconf 87' lang='lat' dir='ltr'>anima</span> <span class='ocrx_word' id='word_1_253' title='bbox 1142 1360 1296 1391; x_wconf 86' lang='lat' dir='ltr'>humana</span> <span class='ocrx_word' id='word_1_254' title='bbox 1323 1363 1360 1390; x_wconf 90' lang='lat' dir='ltr'>ut</span> 
     </span>
     <span class='ocr_line' id='line_1_28' title="bbox 113 1406 1359 1450; baseline -0.003 -9"><span class='ocrx_word' id='word_1_255' title='bbox 113 1408 223 1441; x_wconf 82' lang='lat' dir='ltr'>forma</span> <span class='ocrx_word' id='word_1_256' title='bbox 240 1409 460 1442; x_wconf 85' lang='lat' dir='ltr'>substantiali</span> <span class='ocrx_word' id='word_1_257' title='bbox 479 1408 647 1450; x_wconf 80' lang='lat' dir='ltr'>corporis,</span> <span class='ocrx_word' id='word_1_258' title='bbox 668 1410 705 1441; x_wconf 88' lang='lat' dir='ltr'>P.</span> <span class='ocrx_word' id='word_1_259' title='bbox 724 1409 775 1440; x_wconf 61' lang='lat'><strong>¹13.</strong></span> <span class='ocrx_word' id='word_1_260' title='bbox 795 1409 889 1449; x_wconf 87' lang='lat' dir='ltr'>(Vide</span> <span class='ocrx_word' id='word_1_261' title='bbox 906 1408 1068 1449; x_wconf 81' lang='lat' dir='ltr'>Anima.)</span> <span class='ocrx_word' id='word_1_262' title='bbox 1090 1425 1130 1431; x_wconf 92' lang='lat'><em>-</em></span> <span class='ocrx_word' id='word_1_263' title='bbox 1154 1408 1199 1439; x_wconf 85' lang='lat' dir='ltr'>De</span> <span class='ocrx_word' id='word_1_264' title='bbox 1226 1406 1359 1438; x_wconf 86' lang='lat' dir='ltr'>unitate</span> 
     </span>
     <span class='ocr_line' id='line_1_29' title="bbox 113 1455 1360 1495; baseline -0.002 -7"><span class='ocrx_word' id='word_1_265' title='bbox 113 1456 233 1489; x_wconf 85' lang='lat' dir='ltr'>formae</span> <span class='ocrx_word' id='word_1_266' title='bbox 252 1455 493 1489; x_wconf 86' lang='lat' dir='ltr'>substantialis</span> <span class='ocrx_word' id='word_1_267' title='bbox 513 1456 549 1488; x_wconf 90' lang='lat' dir='ltr'>in</span> <span class='ocrx_word' id='word_1_268' title='bbox 568 1456 722 1495; x_wconf 89' lang='lat' dir='ltr'>homine,</span> <span class='ocrx_word' id='word_1_269' title='bbox 747 1456 783 1488; x_wconf 91' lang='lat' dir='ltr'>P.</span> <span class='ocrx_word' id='word_1_270' title='bbox 810 1456 861 1494; x_wconf 89' lang='grc'>16,</span> <span class='ocrx_word' id='word_1_271' title='bbox 881 1455 921 1487; x_wconf 83' lang='lat' dir='ltr'><strong>X.</strong></span> <span class='ocrx_word' id='word_1_272' title='bbox 940 1472 981 1478; x_wconf 87' lang='lat'>——-</span> <span class='ocrx_word' id='word_1_273' title='bbox 1000 1455 1124 1487; x_wconf 81' lang='lat' dir='ltr'>Forma</span> <span class='ocrx_word' id='word_1_274' title='bbox 1140 1457 1279 1495; x_wconf 87' lang='lat' dir='ltr'>sumpta</span> <span class='ocrx_word' id='word_1_275' title='bbox 1299 1461 1360 1493; x_wconf 87' lang='lat' dir='ltr'>pro</span> 
     </span>
     <span class='ocr_line' id='line_1_30' title="bbox 113 1500 1361 1545; baseline -0.002 -11"><span class='ocrx_word' id='word_1_276' title='bbox 113 1502 192 1537; x_wconf 88' lang='lat' dir='ltr'>idea</span> <span class='ocrx_word' id='word_1_277' title='bbox 220 1502 275 1535; x_wconf 86' lang='lat' dir='ltr'>vel</span> <span class='ocrx_word' id='word_1_278' title='bbox 309 1503 424 1544; x_wconf 86' lang='lat' dir='ltr'>specie</span> <span class='ocrx_word' id='word_1_279' title='bbox 455 1502 677 1545; x_wconf 86' lang='lat' dir='ltr'>intelligibili,</span> <span class='ocrx_word' id='word_1_280' title='bbox 703 1503 739 1535; x_wconf 92' lang='lat' dir='ltr'>P.</span> <span class='ocrx_word' id='word_1_281' title='bbox 777 1502 829 1541; x_wconf 85' lang='lat'>30,</span> <span class='ocrx_word' id='word_1_282' title='bbox 856 1502 900 1534; x_wconf 76' lang='lat' dir='ltr'>it.</span> <span class='ocrx_word' id='word_1_283' title='bbox 928 1520 968 1525; x_wconf 92' lang='lat'>—</span> <span class='ocrx_word' id='word_1_284' title='bbox 994 1502 1119 1534; x_wconf 84' lang='lat' dir='ltr'>Forma</span> <span class='ocrx_word' id='word_1_285' title='bbox 1145 1500 1180 1532; x_wconf 87' lang='lat' dir='ltr'>in</span> <span class='ocrx_word' id='word_1_286' title='bbox 1207 1500 1361 1533; x_wconf 83' lang='lat' dir='ltr'>doctrina</span> 
     </span>
     <span class='ocr_line' id='line_1_31' title="bbox 114 1549 469 1591; baseline 0.003 -9"><span class='ocrx_word' id='word_1_287' title='bbox 114 1549 295 1591; x_wconf 83' lang='lat' dir='ltr'>Kantiana,</span> <span class='ocrx_word' id='word_1_288' title='bbox 316 1551 353 1582; x_wconf 89' lang='lat' dir='ltr'>L.</span> <span class='ocrx_word' id='word_1_289' title='bbox 370 1549 424 1590; x_wconf 82' lang='lat'>56,</span> <span class='ocrx_word' id='word_1_290' title='bbox 441 1549 469 1583; x_wconf 92' lang='lat'>1.</span> 
     </span>
    </p>
   </div>
   <div class='ocr_carea' id='block_1_5' title="bbox 75 1605 1361 1696">
    <p class='ocr_par' dir='ltr' id='par_1_5' title="bbox 75 1605 1361 1696">
     <span class='ocr_line' id='line_1_32' title="bbox 75 1605 1361 1690; baseline -0.002 -50"><span class='ocrx_word' id='word_1_291' title='bbox 75 1607 351 1690; x_wconf 48' lang='lat' dir='ltr'>Fofflagislffius.</span> <span class='ocrx_word' id='word_1_292' title='bbox 381 1608 541 1642; x_wconf 83' lang='lat' dir='ltr'>Almarici</span> <span class='ocrx_word' id='word_1_293' title='bbox 569 1608 678 1650; x_wconf 79' lang='lat' dir='ltr'>(juxta</span> <span class='ocrx_word' id='word_1_294' title='bbox 706 1616 812 1650; x_wconf 88' lang='lat' dir='ltr'>quem</span> <span class='ocrx_word' id='word_1_295' title='bbox 836 1609 928 1641; x_wconf 87' lang='lat' dir='ltr'>Deus</span> <span class='ocrx_word' id='word_1_296' title='bbox 951 1611 1023 1640; x_wconf 85' lang='lat' dir='ltr'>erat</span> <span class='ocrx_word' id='word_1_297' title='bbox 1040 1607 1151 1639; x_wconf 83' lang='lat' dir='ltr'>forma</span> <span class='ocrx_word' id='word_1_298' title='bbox 1177 1605 1361 1646; x_wconf 81' lang='lat' dir='ltr'>omnium).</span> 
     </span>
     <span class='ocr_line' id='line_1_33' title="bbox 142 1678 302 1696; baseline -0.006 -7"><span class='ocrx_word' id='word_1_299' title='bbox 142 1678 152 1689; x_wconf 87' lang='lat'><strong>.</strong></span> <span class='ocrx_word' id='word_1_300' title='bbox 215 1680 224 1696; x_wconf 93' lang='lat'>,</span> <span class='ocrx_word' id='word_1_301' title='bbox 293 1678 302 1688; x_wconf 93' lang='lat'><strong>.</strong></span> 
     </span>
    </p>
   </div>
   <div class='ocr_carea' id='block_1_6' title="bbox 75 1707 989 1984">
    <p class='ocr_par' dir='ltr' id='par_1_6' title="bbox 76 1707 491 1746">
     <span class='ocr_line' id='line_1_34' title="bbox 76 1707 491 1746; baseline 0 -6"><span class='ocrx_word' id='word_1_302' title='bbox 76 1707 304 1741; x_wconf 81' lang='lat' dir='ltr'>Formaliter.</span> <span class='ocrx_word' id='word_1_303' title='bbox 326 1708 365 1740; x_wconf 91' lang='lat' dir='ltr'><strong>O.</strong></span> <span class='ocrx_word' id='word_1_304' title='bbox 383 1707 434 1746; x_wconf 86' lang='lat'>20,</span> <span class='ocrx_word' id='word_1_305' title='bbox 454 1707 491 1740; x_wconf 81' lang='lat' dir='ltr'><strong>V.</strong></span> 
     </span>
    </p>

    <p class='ocr_par' dir='ltr' id='par_1_7' title="bbox 75 1765 530 1804">
     <span class='ocr_line' id='line_1_35' title="bbox 75 1765 530 1804; baseline 0 -6"><span class='ocrx_word' id='word_1_306' title='bbox 75 1765 281 1801; x_wconf 79' lang='lat' dir='ltr'>Fortitudo.</span> <span class='ocrx_word' id='word_1_307' title='bbox 298 1767 344 1800; x_wconf 82' lang='lat' dir='ltr'><strong>M.</strong></span> <span class='ocrx_word' id='word_1_308' title='bbox 364 1765 415 1804; x_wconf 81' lang='lat'>20,</span> <span class='ocrx_word' id='word_1_309' title='bbox 439 1765 530 1799; x_wconf 77' lang='lat' dir='ltr'>vni.</span> 
     </span>
    </p>

    <p class='ocr_par' dir='ltr' id='par_1_8' title="bbox 76 1823 677 1866">
     <span class='ocr_line' id='line_1_36' title="bbox 76 1823 677 1866; baseline 0 -10"><span class='ocrx_word' id='word_1_310' title='bbox 76 1824 254 1858; x_wconf 79' lang='lat' dir='ltr'>Fortuna.</span> <span class='ocrx_word' id='word_1_311' title='bbox 281 1824 321 1857; x_wconf 92' lang='grc' dir='ltr'>Ο.</span> <span class='ocrx_word' id='word_1_312' title='bbox 340 1824 392 1856; x_wconf 84' lang='grc'>52.</span> <span class='ocrx_word' id='word_1_313' title='bbox 416 1823 518 1866; x_wconf 81' lang='lat' dir='ltr'>(Vide</span> <span class='ocrx_word' id='word_1_314' title='bbox 538 1823 677 1866; x_wconf 68' lang='lat' dir='ltr'>Casus.)</span> 
     </span>
    </p>

    <p class='ocr_par' dir='ltr' id='par_1_9' title="bbox 75 1882 989 1984">
     <span class='ocr_line' id='line_1_37' title="bbox 75 1882 989 1923; baseline -0.003 -7"><span class='ocrx_word' id='word_1_315' title='bbox 75 1882 229 1917; x_wconf 71' lang='lat' dir='ltr'>fruitio.</span> <span class='ocrx_word' id='word_1_316' title='bbox 247 1885 350 1917; x_wconf 79' lang='lat' dir='ltr'>Actus</span> <span class='ocrx_word' id='word_1_317' title='bbox 369 1882 505 1916; x_wconf 82' lang='lat' dir='ltr'>elicitus</span> <span class='ocrx_word' id='word_1_318' title='bbox 519 1891 538 1915; x_wconf 89' lang='lat' dir='ltr'>a</span> <span class='ocrx_word' id='word_1_319' title='bbox 561 1883 751 1923; x_wconf 84' lang='lat' dir='ltr'>voluntate,</span> <span class='ocrx_word' id='word_1_320' title='bbox 772 1884 815 1915; x_wconf 79' lang='lat' dir='ltr'><strong>M.</strong></span> <span class='ocrx_word' id='word_1_321' title='bbox 841 1883 892 1922; x_wconf 77' lang='grc'>16,</span> <span class='ocrx_word' id='word_1_322' title='bbox 916 1882 989 1914; x_wconf 83' lang='lat' dir='ltr'>Vll.</span> 
     </span>
     <span class='ocr_line' id='line_1_38' title="bbox 76 1942 383 1984; baseline -0.007 -8"><span class='ocrx_word' id='word_1_323' title='bbox 76 1942 175 1984; x_wconf 68' lang='lat' dir='ltr'>Fuga</span> <span class='ocrx_word' id='word_1_324' title='bbox 197 1943 233 1975; x_wconf 90' lang='lat' dir='ltr'><strong>P.</strong></span> <span class='ocrx_word' id='word_1_325' title='bbox 252 1943 304 1983; x_wconf 80' lang='lat'>45,</span> <span class='ocrx_word' id='word_1_326' title='bbox 329 1942 383 1975; x_wconf 80' lang='lat' dir='ltr'><strong>IV.</strong></span> 
     </span>
    </p>
   </div>
   <div class='ocr_carea' id='block_1_7' title="bbox 76 1998 1361 2089">
    <p class='ocr_par' dir='ltr' id='par_1_10' title="bbox 76 1998 1361 2089">
     <span class='ocr_line' id='line_1_39' title="bbox 76 1998 1361 2036; baseline -0.002 -3"><span class='ocrx_word' id='word_1_327' title='bbox 76 2001 369 2036; x_wconf 79' lang='lat' dir='ltr'>Fundamentum</span> <span class='ocrx_word' id='word_1_328' title='bbox 406 2000 585 2033; x_wconf 81' lang='lat' dir='ltr'>materiale</span> <span class='ocrx_word' id='word_1_329' title='bbox 619 2008 680 2033; x_wconf 89' lang='lat' dir='ltr'>seu</span> <span class='ocrx_word' id='word_1_330' title='bbox 712 2003 883 2032; x_wconf 85' lang='lat' dir='ltr'>remotum</span> <span class='ocrx_word' id='word_1_331' title='bbox 918 2003 951 2032; x_wconf 85' lang='lat' dir='ltr'>et</span> <span class='ocrx_word' id='word_1_332' title='bbox 980 1999 1249 2031; x_wconf 71' lang='lat' dir='ltr'>fundamentum</span> <span class='ocrx_word' id='word_1_333' title='bbox 1288 1998 1361 2031; x_wconf 78' lang='lat' dir='ltr'>ior—</span> 
     </span>
     <span class='ocr_line' id='line_1_40' title="bbox 116 2047 692 2089; baseline -0.005 -8"><span class='ocrx_word' id='word_1_334' title='bbox 116 2048 206 2082; x_wconf 86' lang='lat' dir='ltr'>male</span> <span class='ocrx_word' id='word_1_335' title='bbox 225 2056 288 2081; x_wconf 89' lang='lat' dir='ltr'>seu</span> <span class='ocrx_word' id='word_1_336' title='bbox 304 2047 511 2089; x_wconf 85' lang='lat' dir='ltr'>proximum.</span> <span class='ocrx_word' id='word_1_337' title='bbox 529 2048 567 2080; x_wconf 92' lang='grc' dir='ltr'>Ο.</span> <span class='ocrx_word' id='word_1_338' title='bbox 582 2047 634 2079; x_wconf 87' lang='grc'>38.</span> <span class='ocrx_word' id='word_1_339' title='bbox 656 2047 692 2078; x_wconf 83' lang='lat' dir='ltr'><strong>V.</strong></span> 
     </span>
    </p>
   </div>
   <div class='ocr_carea' id='block_1_8' title="bbox 77 2100 643 2143">
    <p class='ocr_par' dir='ltr' id='par_1_11' title="bbox 77 2100 643 2143">
     <span class='ocr_line' id='line_1_41' title="bbox 77 2100 643 2143; baseline -0.004 -10"><span class='ocrx_word' id='word_1_340' title='bbox 77 2100 204 2134; x_wconf 80' lang='lat' dir='ltr'>Furor.</span> <span class='ocrx_word' id='word_1_341' title='bbox 226 2101 364 2143; x_wconf 82' lang='lat' dir='ltr'>Species</span> <span class='ocrx_word' id='word_1_342' title='bbox 385 2100 458 2141; x_wconf 82' lang='lat' dir='ltr'>irae,</span> <span class='ocrx_word' id='word_1_343' title='bbox 481 2101 516 2132; x_wconf 91' lang='lat' dir='ltr'><strong>P.</strong></span> <span class='ocrx_word' id='word_1_344' title='bbox 535 2100 587 2140; x_wconf 84' lang='lat'>46,</span> <span class='ocrx_word' id='word_1_345' title='bbox 607 2101 643 2132; x_wconf 88' lang='lat' dir='ltr'><strong>V.</strong></span> 
     </span>
    </p>
   </div>
   <div class='ocr_carea' id='block_1_9' title="bbox 77 2157 1363 2295">
    <p class='ocr_par' dir='ltr' id='par_1_12' title="bbox 77 2157 1363 2295">
     <span class='ocr_line' id='line_1_42' title="bbox 77 2157 1363 2201; baseline -0.003 -9"><span class='ocrx_word' id='word_1_346' title='bbox 77 2158 268 2193; x_wconf 71' lang='lat' dir='ltr'>Futurum.</span> <span class='ocrx_word' id='word_1_347' title='bbox 299 2159 339 2194; x_wconf 90' lang='grc' dir='ltr'>Ο.</span> <span class='ocrx_word' id='word_1_348' title='bbox 370 2159 421 2192; x_wconf 78' lang='grc'>36.</span> <span class='ocrx_word' id='word_1_349' title='bbox 452 2157 553 2200; x_wconf 86' lang='lat' dir='ltr'>(Vide</span> <span class='ocrx_word' id='word_1_350' title='bbox 585 2158 758 2201; x_wconf 82' lang='lat' dir='ltr'>Tempus.)</span> <span class='ocrx_word' id='word_1_351' title='bbox 781 2177 823 2183; x_wconf 90' lang='lat'>—</span> <span class='ocrx_word' id='word_1_352' title='bbox 848 2159 977 2191; x_wconf 78' lang='lat' dir='ltr'>Futura</span> <span class='ocrx_word' id='word_1_353' title='bbox 1002 2158 1197 2192; x_wconf 86' lang='lat' dir='ltr'>necessaria</span> <span class='ocrx_word' id='word_1_354' title='bbox 1222 2162 1254 2190; x_wconf 87' lang='lat' dir='ltr'>et</span> <span class='ocrx_word' id='word_1_355' title='bbox 1279 2166 1363 2190; x_wconf 88' lang='lat' dir='ltr'>con-</span> 
     </span>
     <span class='ocr_line' id='line_1_43' title="bbox 118 2204 1362 2247; baseline -0.002 -8"><span class='ocrx_word' id='word_1_356' title='bbox 118 2206 302 2247; x_wconf 82' lang='lat' dir='ltr'>tingentia,</span> <span class='ocrx_word' id='word_1_357' title='bbox 325 2205 363 2238; x_wconf 88' lang='grc' dir='ltr'>Τ.</span> <span class='ocrx_word' id='word_1_358' title='bbox 384 2205 437 2245; x_wconf 84' lang='grc'>24,</span> <span class='ocrx_word' id='word_1_359' title='bbox 456 2205 488 2238; x_wconf 91' lang='lat'>11</span> <span class='ocrx_word' id='word_1_360' title='bbox 506 2222 587 2238; x_wconf 92' lang='lat'><strong>—...</strong></span> <span class='ocrx_word' id='word_1_361' title='bbox 609 2205 769 2238; x_wconf 85' lang='lat' dir='ltr'>absoluta</span> <span class='ocrx_word' id='word_1_362' title='bbox 792 2208 827 2238; x_wconf 92' lang='lat' dir='ltr'>et</span> <span class='ocrx_word' id='word_1_363' title='bbox 845 2204 1091 2244; x_wconf 82' lang='lat' dir='ltr'>conditionata,</span> <span class='ocrx_word' id='word_1_364' title='bbox 1115 2204 1170 2237; x_wconf 89' lang='lat' dir='ltr'><strong>IV.</strong></span> <span class='ocrx_word' id='word_1_365' title='bbox 1184 2222 1264 2236; x_wconf 82' lang='lat'><strong>-...</strong></span> <span class='ocrx_word' id='word_1_366' title='bbox 1292 2204 1362 2235; x_wconf 88' lang='lat' dir='ltr'>dis·</span> 
     </span>
     <span class='ocr_line' id='line_1_44' title="bbox 119 2250 1363 2295; baseline -0.002 -9"><span class='ocrx_word' id='word_1_367' title='bbox 119 2257 241 2295; x_wconf 80' lang='lat' dir='ltr'>parata</span> <span class='ocrx_word' id='word_1_368' title='bbox 266 2257 299 2286; x_wconf 91' lang='lat' dir='ltr'>et</span> <span class='ocrx_word' id='word_1_369' title='bbox 326 2260 492 2291; x_wconf 84' lang='lat' dir='ltr'>connexa,</span> <span class='ocrx_word' id='word_1_370' title='bbox 508 2251 566 2285; x_wconf 79' lang='lat' dir='ltr'><strong>IV.</strong></span> <span class='ocrx_word' id='word_1_371' title='bbox 585 2269 627 2276; x_wconf 90' lang='lat'>-</span> <span class='ocrx_word' id='word_1_372' title='bbox 646 2253 738 2286; x_wconf 69' lang='lat' dir='ltr'>Deus</span> <span class='ocrx_word' id='word_1_373' title='bbox 761 2251 854 2284; x_wconf 84' lang='lat' dir='ltr'>videt</span> <span class='ocrx_word' id='word_1_374' title='bbox 872 2252 990 2285; x_wconf 82' lang='lat' dir='ltr'>omnia</span> <span class='ocrx_word' id='word_1_375' title='bbox 1010 2252 1126 2284; x_wconf 77' lang='lat' dir='ltr'>sutura</span> <span class='ocrx_word' id='word_1_376' title='bbox 1146 2252 1265 2288; x_wconf 87' lang='lat' dir='ltr'>libera,</span> <span class='ocrx_word' id='word_1_377' title='bbox 1291 2250 1363 2283; x_wconf 87' lang='lat' dir='ltr'>sive</span> 
     </span>
    </p>
   </div>
   <div class='ocr_carea' id='block_1_10' title="bbox 120 2298 1364 2387">
    <p class='ocr_par' dir='ltr' id='par_1_13' title="bbox 120 2298 1364 2387">
     <span class='ocr_line' id='line_1_45' title="bbox 120 2298 1364 2381; baseline -0.002 -48"><span class='ocrx_word' id='word_1_378' title='bbox 120 2299 288 2381; x_wconf 48' lang='lat' dir='ltr'>ffwm’te&#39;</span> <span class='ocrx_word' id='word_1_379' title='bbox 300 2299 392 2379; x_wconf 56' lang='lat' dir='ltr'>1{ive</span> <span class='ocrx_word' id='word_1_380' title='bbox 421 2299 654 2333; x_wconf 78' lang='lat' dir='ltr'>conditionate</span> <span class='ocrx_word' id='word_1_381' title='bbox 684 2303 835 2340; x_wconf 77' lang='lat' dir='ltr'>sumpta,</span> <span class='ocrx_word' id='word_1_382' title='bbox 860 2299 896 2331; x_wconf 87' lang='lat' dir='ltr'>in</span> <span class='ocrx_word' id='word_1_383' title='bbox 921 2299 1030 2332; x_wconf 85' lang='lat' dir='ltr'>libero</span> <span class='ocrx_word' id='word_1_384' title='bbox 1054 2298 1189 2332; x_wconf 85' lang='lat' dir='ltr'>decreto</span> <span class='ocrx_word' id='word_1_385' title='bbox 1210 2307 1280 2330; x_wconf 78' lang='lat' dir='ltr'>suae</span> <span class='ocrx_word' id='word_1_386' title='bbox 1304 2306 1364 2330; x_wconf 84' lang='lat' dir='ltr'>vo·</span> 
     </span>
     <span class='ocr_line' id='line_1_46' title="bbox 158 2351 277 2387; baseline -0.008 -7"><span class='ocrx_word' id='word_1_387' title='bbox 158 2351 277 2387; x_wconf 77' lang='lat' dir='ltr'>utatis,</span> 
     </span>
    </p>
   </div>
  </div>
 </body>
</html>
