1584 2569
229 96 288 130 363
683 100 782 125 mnzx
813 100 1055 127 maumetis

222 355 414 392 Gaudium.
431 355 514 396 Ejus
531 360 637 386 causa
658 356 693 385 et
715 352 869 391 effectus,
890 352 925 385 P.
944 353 996 393 45,
1017 352 1057 385 V.

224 413 564 450 Generatianismus
601 410 736 443 admitti
770 410 905 450 nequit,
942 411 978 443 P.
1014 411 1066 451 11,
1098 412 1138 445 V.
1171 412 1274 454 (Vide
1315 415 1507 452 Traducfg.

265 463 425 502 nismus.)

223 521 431 560 Generatim
455 517 587 560 species
609 521 739 557 motus,
766 517 805 549 L.
833 516 864 555 8,
890 516 950 548 lx.
983 535 1020 540 —
1050 518 1247 559 Generatio,
1269 521 1304 553 C.
1327 522 1378 561 16,
1403 524 1432 556 1.
1469 542 1510 549 -

263 569 314 602 De
339 565 564 610 generatione
588 566 791 605 spontanea.
822 562 857 595 P.
884 564 935 595 10.
967 581 1005 587 —
1031 564 1120 603 Quid
1138 565 1194 605 sit,
1215 567 1243 599 1.
1258 585 1299 591 —
1316 569 1376 601 Est
1396 571 1510 603 unde-

263 623 402 657 quaque
427 612 590 650 absurda,
608 611 648 644 IV
671 615 706 642 et
727 611 763 642 V.
785 628 824 633 —
845 610 1083 644 Generationis
1103 613 1271 647 terminus
1295 624 1363 657 quo
1383 621 1416 649 et
1442 623 1509 649 ter-

263 662 380 694 minus
398 661 472 703 qui,
493 660 527 692 P.
549 659 600 697 11,
621 657 676 690 IX.
698 675 737 681 —
759 657 942 689 Generatio
963 657 1157 691 animarum
1174 659 1325 694 filiorum
1349 671 1369 694 a
1388 672 1496 703 paren

261 709 353 741 tibus
376 716 445 740 non
465 710 518 738 est
540 703 769 743 admittenda,
790 704 826 735 P.
847 703 897 735 11.
919 703 1014 744 (Vide
1037 704 1382 750 Traducianismus.)

222 767 328 801 Gonu.
346 766 406 799 Jus
429 764 598 807 gentium,
621 764 666 795 M.
691 762 742 794 26.
765 761 860 803 (Vide
883 762 977 803 Jus.)

221 826 353 859 Genus.
390 825 426 857 L.
458 824 491 862 4,
527 822 587 855 111.
620 840 661 845 -
689 822 764 860 Quo
796 829 900 854 sensu
925 821 1060 854 dicatur
1082 831 1161 863 pars
1193 825 1334 865 speciei,
1360 827 1395 859 L.
1417 827 1448 866 4,
1468 827 1506 859 V.

259 891 300 897 —
318 873 434 904 Genus
449 877 664 911 supremum,
685 868 859 907 infimum,
880 867 1132 908 subalternum,
1148 870 1183 902 L.
1204 871 1236 910 5,
1258 871 1301 903 11.
1321 890 1362 896 —
1376 875 1506 906 Genera

259 924 333 952 toto
350 918 497 956 differre,
510 917 545 949 P.
564 916 596 955 5,
611 916 650 947 V.
675 933 716 938 —
729 914 903 947 Genericae
917 920 952 947 et
967 915 1137 956 specificae
1151 917 1313 951 noticnes
1328 921 1504 960 quomodo

261 966 302 999 ad
322 974 386 998 nos
402 963 555 1002 veniant,
578 964 613 994 L.
642 963 673 1001 5,
703 962 758 994 vt.

220 1025 363 1058 Gestus.
382 1023 482 1056 Notio
502 1027 534 1054 et
559 1021 704 1060 utilitas,
721 1022 756 1052 L.
774 1020 827 1059 10,
847 1021 921 1053 XII.

219 1083 351 1117 Gloria.
371 1081 552 1114 Beatitudo
572 1079 723 1112 hominis
745 1079 780 1111 in
796 1088 838 1112 ea
856 1087 926 1111 non
946 1080 1116 1119 consistit,
1138 1081 1181 1113 M.
1202 1082 1234 1122 5,
1254 1081 1316 1117 m.

218 1139 453 1175 Gubernatio.
473 1139 510 1170 T.
529 1139 581 1177 31,
603 1138 616 1170 1
638 1142 672 1170 et
693 1137 753 1169 111.

843 1294 879 1327 Η

216 1379 384 1413 Habitus.
415 1379 735 1416 Praedicamentum,
761 1378 797 1409 L.
826 1378 857 1417 6,
880 1378 950 1410 vn.
970 1396 1008 1402 -—
1027 1379 1078 1411 De
1099 1379 1288 1421 habitibus,
1313 1383 1349 1414 Ο.
1375 1383 1428 1418 32.
1462 1402 1502 1411 -·

257 1427 402 1459 Habitus
419 1425 587 1463 definitio,
603 1425 645 1457 11.
661 1442 698 1448 —
715 1426 762 1457 De
773 1424 906 1457 ratione
921 1425 1060 1458 habitus
1076 1431 1128 1458 est
1141 1427 1254 1460 dicere
1267 1428 1385 1470 aliquo
1397 1431 1502 1463 modo

256 1473 413 1506 ordinem
440 1472 483 1504 ad
511 1471 759 1513 operationem,
791 1472 843 1503 IV.
867 1489 908 1495 -
932 1472 981 1504 De
1007 1473 1110 1505 modo
1136 1483 1205 1515 quo
1225 1474 1365 1508 habitus
1388 1481 1502 1517 potest

255 1529 331 1552 esse
349 1523 383 1551 in
406 1527 548 1559 corpore
569 1522 701 1556 nostro,
721 1518 755 1549 in
777 1518 940 1550 sensibus
961 1523 995 1550 et
1014 1519 1049 1550 in
1066 1519 1182 1551 anima
1195 1526 1325 1560 nostra,
1340 1523 1376 1555 V.
1395 1541 1433 1546 —
1453 1525 1499 1556 De

253 1566 429 1599 habitibus
445 1564 736 1597 intellectualibus
753 1564 907 1604 (habitus
921 1565 1110 1604 primorum
1125 1567 1374 1608 principiorum
1392 1574 1425 1602 et
1442 1571 1500 1602 ha-

253 1614 345 1646 bitus
365 1612 571 1652 scientifici),
590 1611 644 1643 VI.
664 1628 704 1634 —
719 1611 767 1643 De
785 1611 1009 1644 coexistentia
1023 1612 1160 1645 habitus
1176 1613 1258 1646 fidei
1281 1623 1360 1647 cum
1376 1617 1496 1649 habitu

254 1660 418 1698 scientiae,
443 1659 479 1691 in
506 1659 628 1691 eodem
654 1659 820 1698 subjecto,
843 1658 912 1697 VII,
932 1658 1022 1691 VIII.
1040 1677 1080 1682 —
1101 1660 1148 1691 De
1168 1660 1282 1693 causis
1300 1662 1497 1702 habituum,

253 1708 305 1740 IX.
333 1724 372 1730 —-
396 1706 434 1738 In
460 1705 638 1738 voluntate
658 1706 812 1737 humana
835 1709 948 1745 potest
968 1714 1044 1738 esse
1066 1706 1218 1747 habitus,
1240 1709 1286 1740 M.
1311 1709 1362 1748 20,
1384 1710 1428 1742 II.
1459 1728 1496 1734 —

253 1753 397 1786 Habitus
407 1752 489 1785 boni
505 1756 539 1784 et
552 1751 690 1784 habitus
706 1752 813 1793 pravi,
828 1752 888 1783 111.
905 1770 945 1776 -
961 1753 1029 1784 Per
1042 1761 1076 1784 se
1089 1753 1226 1786 babitus
1239 1761 1365 1796 augent
1378 1757 1497 1789 volun-

252 1801 377 1833 tarium
392 1810 400 1840 ;
417 1808 485 1841 per
496 1798 656 1831 accidens
670 1803 785 1830 autem
801 1798 958 1831 minuere
970 1799 1022 1831 vel
1035 1799 1211 1833 destruere
1224 1801 1494 1843 culpabilitatem

252 1852 410 1889 possunt.
434 1848 470 1879 V.

210 1906 424 1940 Haecceitas.
447 1906 485 1938 Ο.
500 1906 531 1946 4,
551 1906 582 1937 6.
604 1906 653 1946 (ιιι
669 1905 893 1946 responsione
916 1904 959 1937 ad
979 1905 1026 1946 1.)

208 1964 407 1998 Harmonia
428 1963 664 2005 praestabilita,
688 1964 725 1995 Ρ.
750 1964 799 1995 14.
822 1963 874 1994 VI.

208 2022 502 2057 Hermeneutica.
524 2024 560 2055 L.
581 2023 633 2061 61,
655 2023 706 2055 IV.

208 2081 339 2132 Herus.
367 2081 417 2132 De
439 2081 602 2112 societate
623 2080 740 2120 herili,
755 2080 799 2112 M.
825 2080 874 2112 48.
897 2098 935 2105 —-
956 2080 1004 2114 De
1019 2081 1214 2123 mancipiis,
1235 2083 1279 2115 II.
1297 2101 1338 2107 —
1360 2085 1489 2117 Manci-

246 2133 340 2168 patio
357 2132 474 2159 stricte
491 2127 713 2168 sumptajuri
729 2131 860 2159 naturae
879 2127 1095 2168 adversatur,
1113 2129 1174 2161 111.
1193 2147 1231 2153 —-
1246 2130 1292 2161 De
1308 2130 1491 2167 famulatu,

246 2175 299 2207 IV.
318 2190 360 2198 —
378 2174 427 2206 De
446 2173 578 2206 mutuis
595 2173 718 2206 officiis
732 2174 822 2206 inter
841 2174 1001 2207 dominos
1018 2180 1052 2207 et
1073 2184 1202 2216 servos,
1226 2176 1259 2209 V.

207 2233 332 2266 Homo.
356 2233 403 2264 De
426 2231 559 2264 actibus
579 2231 754 2264 humanis.
777 2231 872 2272 (Vide
893 2232 1034 2273 Actus.)

206 2291 341 2370 Ho5ncg.
368 2289 551 2323 Beatitudo
576 2289 727 2322 hominis
756 2299 826 2322 non
854 2294 970 2331 potest
994 2291 1180 2325 consistere
1202 2292 1239 2325 in
1269 2293 1413 2333 honore,
1439 2294 1483 2327 M.

266 2360 276 2376 ,
329 2359 339 2368 .
