1554 2569
207 125 251 159 22
277 133 404 159 ETfflCA
421 132 493 160 ΗΒ.
510 133 626 160 Len».
644 134 685 159 Π.
701 133 745 160 m:
758 133 901 160 NATURA
918 132 1039 158 mmm
1053 132 1146 158 FINIS
1159 132 1316 158 EUHANAE
1325 133 1417 160 vrrae

204 204 277 242 Sed
296 215 422 252 neque
446 215 494 241 ex
519 205 687 241 secundo
717 205 841 251 capite
861 216 869 241 ε
891 216 983 241 nam
1013 204 1141 241 divina
1165 205 1331 241 essentia
1362 208 1493 252 utpote

205 257 456 306 intelligibilis
485 258 705 294 continetur
742 258 843 293 intra
860 257 1104 294 latitudinem
1133 257 1273 305 objecti
1306 257 1494 304 adaequati

206 310 366 347 humani
393 309 624 356 intellectus,
651 310 718 358 qui
744 319 858 346 omne
887 310 993 357 quod
1017 310 1207 346 rationem
1233 310 1405 346 entitatis
1431 321 1494 347 seu

206 361 528 411 intelligibilitatis
548 362 679 407 babet,
706 366 846 411 potest,
874 363 1052 400 absolute
1077 362 1286 410 loquendo,
1309 363 1496 411 attingere

207 417 280 463 (Ps.
313 417 370 461 37,
401 417 463 462 ΠΙ,
483 415 524 453 in
545 415 646 461 stne).
664 417 747 453 Non
767 419 824 451 est
850 425 941 463 ergo
961 415 1177 452 absurdum
1210 415 1304 452 illud
1325 416 1430 463 quod
1451 416 1497 452 de

207 469 384 506 felicitate
404 468 686 518 supernaturali
704 468 813 505 docet
831 468 1024 505 catholica
1040 469 1219 507 Ecclesia.

253 523 297 560 V.
331 523 446 559 Nou.
478 521 630 567 Quaeres
655 533 663 558 :
690 522 825 560 Utrum
853 521 948 558 visio
981 522 1158 558 beatifica
1193 523 1497 570 supernaturalis

207 574 326 621 possit
348 574 429 611 solo
445 574 591 611 lumine
611 574 778 610 naturali
795 574 1084 610 demonstrari?
1104 595 1150 601 —
1166 574 1393 623 Respondeo
1409 585 1500 612 cum>

209 627 367 664 Billuart
388 627 498 666 Cure.
538 626 679 672 leeoL,
702 627 748 663 de
768 628 860 663 Deo.
881 627 1044 664 Dissere.
1068 627 1129 673 IV,
1160 629 1241 664 Art.
1263 629 1326 674 111,
1344 628 1497 676 Appen-

208 680 290 723 ἀίω,
313 679 547 726 probabilius
564 681 745 727 neyative.
763 681 859 716 Nam
878 680 973 716 visio
991 680 1060 716 Dei
1073 679 1247 718 intuitiva
1263 683 1321 716 est
1339 681 1498 717 omnino

209 732 512 780 supernaturalis
530 743 606 769 non
627 733 753 769 solum
774 733 812 768 in
832 732 981 769 ratione
996 733 1108 776 entis,
1130 732 1198 769 sed
1219 733 1337 769 etiam
1357 737 1395 770 et
1411 744 1499 770 con·

211 788 415 832 sequenter
431 785 470 822 in
490 786 638 822 ratione
655 786 733 821 veri
748 789 786 822 et
798 784 1080 833 cognoscibilis,
1093 795 1183 822 curn
1196 795 1321 834 neque
1332 796 1357 822 a
1368 786 1501 834 priori

210 849 277 885 per
298 849 456 874 causam
484 838 716 884 naturalem,
738 849 862 885 neque
884 849 906 875 a
919 838 1132 886 posteriori
1150 848 1218 886 per
1233 838 1410 876 effectum
1430 849 1500 876 na-

209 891 374 927 turalem
388 892 567 939 cognosci
582 895 649 928 aut
666 891 924 928 demonstrari
939 891 1059 939 possit
1074 891 1400 928 demonstratione
1411 903 1502 939 apo-

210 945 380 981 dictica:
408 943 554 980 nullam
587 944 691 981 enim
723 944 788 981 illa
826 944 919 981 visio
949 944 1065 980 habet
1099 945 1382 981 connexionem
1414 956 1501 981 cum

210 1007 327 1033 causa
346 1000 414 1033 aut
438 997 575 1033 effectu
596 997 777 1041 naturali,
799 1007 845 1033 ex
865 997 974 1044 cujus
995 997 1215 1044 cognitione
1235 1008 1345 1034 mens
1366 1007 1501 1034 ascen-

210 1048 347 1085 datad
376 1049 483 1085 illam
513 1048 775 1096 indagandam
802 1052 869 1085 aut
908 1050 1275 1095 demonstrandam;
1303 1050 1356 1087 ita
1389 1055 1431 1086 ut
1465 1050 1504 1086 si

212 1113 286 1138 non
297 1103 482 1145 existeret,
497 1106 563 1138 aut
578 1112 652 1138 non
664 1101 765 1149 foret
768 1101 973 1150 possibilis
991 1102 1067 1139 ista
1079 1103 1189 1148 visio,
1206 1113 1268 1139 res
1280 1114 1421 1162 [amnes
1435 1114 1503 1139 na-

213 1155 357 1191 turales
375 1155 500 1191 forent
526 1154 778 1191 nihilominus
804 1155 940 1191 eodem
966 1166 1122 1202 prorsus
1149 1157 1278 1201 modo,
1305 1155 1383 1204 quo
1401 1167 1505 1193 nunc

217 1210 318 1243 sunt.
334 1209 382 1243 At
401 1208 603 1255 supposita
617 1207 777 1244 veritate
789 1207 904 1254 hujus
924 1208 1097 1255 mysterii
1115 1209 1269 1256 cognita
1286 1219 1355 1256 per
1370 1208 1501 1254 fidem,

212 1261 396 1296 solvimus
430 1260 664 1307 obJectiones
696 1264 734 1296 et
773 1261 1063 1307 repugnantias,
1095 1271 1183 1308 quae
1214 1266 1349 1298 contra
1376 1261 1503 1310 ipsum

212 1315 462 1360 opponuntur
481 1324 490 1349 z
515 1312 620 1360 quod
646 1317 704 1349 est
727 1313 928 1349 ostendere
955 1314 1179 1360 mysterium
1200 1314 1296 1350 illud
1322 1325 1399 1351 non
1417 1325 1504 1362 pro·

212 1365 295 1400 bari
319 1364 557 1411 impossibile
576 1368 613 1401 et
632 1364 856 1401 absurdum.
880 1385 924 1392 -—
943 1366 1025 1401 Imo
1045 1365 1255 1413 probamus
1278 1366 1503 1414 mysterium

213 1416 321 1462 illud,
344 1418 546 1464 supposita
562 1416 644 1465 ejus
663 1417 909 1463 revelatione,
932 1428 1013 1453 esse
1033 1418 1174 1454 rationi
1191 1419 1503 1455 convenientissi-

213 1480 335 1513 mum,
374 1472 507 1517 utpote
553 1479 767 1506 consonum
811 1469 1051 1506 inclinationi
1087 1480 1163 1517 qua
1208 1471 1338 1508 anima
1374 1475 1505 1508 nostra

215 1522 352 1569 quaerit
372 1532 503 1558 rerum
524 1523 702 1559 omnium
723 1523 973 1568 naturalium,
995 1533 1081 1570 quae
1108 1524 1180 1560 sibi
1202 1527 1420 1570 occurrunt,
1441 1536 1504 1572 pe-

214 1578 365 1611 netrare
397 1576 620 1612 essentiam.
660 1576 770 1619 Quod
801 1579 932 1612 autem
968 1576 1099 1613 anima
1135 1580 1268 1613 nostra
1296 1578 1437 1625 quaerit
1467 1578 1506 1613 in

215 1627 328 1663 rebus
357 1628 614 1672 naturalibus,
652 1629 883 1665 conveniens
917 1632 975 1666 est
1012 1633 1055 1666 ut
1091 1630 1190 1666 Deus
1225 1630 1337 1666 nobis
1367 1630 1508 1667 revelet

216 1681 261 1715 de
294 1682 419 1728 seipso
433 1707 442 1724 ,
485 1684 526 1717 ut
564 1686 603 1717 at
643 1680 823 1717 ultimum
862 1682 979 1718 finem
1022 1682 1345 1729 intelligibilitatis
1380 1687 1418 1718 et
1459 1683 1505 1718 ad

216 1732 360 1819 septem
381 1734 496 1769 totius
514 1734 686 1770 veritatis
706 1733 834 1770 divina
860 1744 928 1770 sua
955 1734 1221 1771 misericordia
1250 1740 1286 1770 et
1307 1735 1432 1782 gratia
1453 1739 1508 1770 at-

216 1788 254 1820 to
270 1785 413 1824 lamur.

611 1886 866 1924 ARTICULUS
898 1887 1104 1929 QUARws

838 1976 892 2020 (7)

416 2060 550 2099 Utrum
571 2061 760 2099 beatitudo
780 2062 918 2099 haberi
927 2063 1053 2109 possit
1071 2064 1113 2099 in
1129 2062 1202 2100 hac
1219 2063 1312 2100 vita.

264 2156 292 2194 Ι.
312 2156 518 2194 Beatitudo
532 2157 706 2202 perfecta
722 2160 763 2193 et
775 2157 1015 2203 imperfecta.
1036 2158 1080 2193 Ut
1096 2157 1178 2193 sine
1207 2158 1507 2205 aequivocatione

218 2210 461 2256 propositum
484 2209 644 2245 dubium
674 2210 882 2253 solvamus,
914 2210 1190 2257 distinguimus
1210 2220 1298 2246 cum
1318 2209 1509 2256 theologis

219 2264 257 2298 et
275 2261 518 2310 philosophis
537 2261 818 2298 beatitudinem
834 2262 871 2297 in
886 2262 1097 2309 perfectam
1117 2267 1153 2298 et
1173 2263 1211 2297 in
1233 2262 1506 2309 imperfectam.

218 2315 390 2351 Perfecta
419 2314 486 2351 illa
515 2318 573 2350 est
599 2314 646 2350 de
671 2324 747 2360 qua
775 2314 973 2362 hucusque
1004 2315 1122 2351 locuti
1153 2326 1300 2356 sumus,
1333 2318 1369 2350 et
1401 2315 1509 2362 cujus

219 2368 458 2405 conditiones
478 2366 758 2415 assignavimus
777 2368 826 2413 (4,
847 2368 908 2412 II),
931 2368 1155 2415 imperfecta
1173 2378 1263 2404 vero
1278 2370 1336 2405 est
1356 2368 1508 2416 partici-
