1584 2569
200 110 269 145 228
294 119 352 146 ms
366 120 529 147 unitim.
550 121 622 146 Lm.
642 122 682 147 11.
702 121 783 148 mr.
801 121 840 148 11.
861 120 905 146 »Ε
918 121 1109 146 socinum
1121 121 1194 146 cnr.
1211 121 1247 146 m
1265 120 1305 145 sn
1317 121 1492 147 SPECTATA

201 192 388 229 naturalis
407 193 457 229 sit
474 193 624 229 homini
650 192 809 238 locutio,
831 192 1042 229 certissime
1061 191 1330 229 demonstrant
1349 193 1492 240 perfec-

201 245 325 282 tiones
342 247 554 294 organismi
573 246 727 283 vocalis.

249 297 422 346 objectio
440 301 566 336 tertia.
586 300 708 336 Homo
724 299 797 336 sibi
812 299 966 336 relictus
980 299 1020 335 in
1030 299 1248 336 barbariem
1264 298 1492 346 prolabitur,

200 355 241 387 ut
262 350 310 387 de
327 352 581 397 Hurronibus‚
604 352 855 397 Huttentotis‚
877 352 1038 399 aliisque
1058 352 1210 399 populis
1227 352 1389 388 historia
1408 362 1494 387 nar-

198 408 272 439 rat.
292 404 370 441 Hoc
386 409 516 441 autem
536 405 692 453 signum
709 409 779 450 est,
797 409 943 441 statum
962 405 1173 441 silvestrem
1194 409 1495 441 consentaneum

198 467 281 493 esse
297 456 467 494 hominis
487 463 650 494 naturae.

246 510 357 557 Hesp.
379 510 582 559 Distinguo
604 512 825 549 antecedens
842 523 855 548 :
887 511 1010 548 Homo
1030 511 1103 548 sibi
1123 511 1278 548 relictus
1297 511 1337 547 in
1359 511 1496 557 barba-

199 562 297 598 riem
318 563 536 610 prolabitur
560 568 713 609 natura,
746 575 861 611 ne90‚·
890 564 997 609 vitio,
1019 564 1192 601 concedo.
1213 583 1259 590 —
1288 563 1359 599 Ubi
1391 563 1494 599 enim

199 614 319 651 homo
340 616 490 652 ratione
511 620 655 661 utatur,
686 617 786 653 sicut
820 616 927 654 decet
955 617 1025 661 uti,
1047 627 1125 652 non
1157 616 1343 653 barbarus
1368 617 1413 651 fit
1430 615 1495 651 sed

201 668 406 714 perfectior
436 673 474 705 et
509 669 687 716 politi0r;
725 669 790 705 sed
817 671 848 706 si
879 670 1018 706 vitium
1059 670 1249 705 rationem
1287 669 1495 716 opprimat,

202 721 321 757 homo
342 732 421 758 non
439 733 509 758 sua
522 726 662 759 natura
678 722 744 759 sed
762 723 911 759 malitia
927 733 1008 759 suae
1023 722 1233 758 voluntatis
1250 727 1498 770 comparatur

199 774 389 820 jumentis
410 775 694 822 insipientibus,
718 779 755 810 et
771 775 907 811 similis
935 775 1010 811 illis
1041 775 1099 810 fit.
1120 774 1174 810 Ex
1193 784 1270 821 quo
1300 774 1497 820 consequi-

202 832 265 862 tur
290 826 395 873 quod
422 838 468 864 ex
507 832 737 875 argumento
774 827 982 864 adversarii
1017 828 1194 875 opposita
1224 827 1497 874 consequentia

204 878 418 916 deducatur
439 890 448 916 ε
467 890 558 917 nam
575 880 607 916 si
624 880 742 917 homo
760 880 999 929 segregando
1016 891 1056 917 se
1074 891 1099 917 a
1113 880 1296 916 societate
1311 879 1498 916 barbarus

203 933 247 967 fit
282 937 320 969 et
351 932 528 978 brutalis,
559 932 632 970 hoc
663 938 732 978 est,
768 934 925 981 ponitur
956 934 995 970 in
1021 932 1241 970 conditione
1258 937 1498 980 repugnante

202 996 280 1021 suae
316 990 486 1031 naturae:
514 991 653 1023 natura
683 997 774 1034 ergo
806 986 902 1023 duce
928 987 967 1022 in
995 986 1220 1023 societatem
1252 990 1423 1022 vocatur.
1445 985 1499 1021 De

201 1038 388 1086 exemplis
416 1049 506 1076 vero
539 1039 586 1075 ab
621 1038 841 1076 adversario
870 1038 1046 1076 adductis
1074 1038 1171 1075 nihil
1197 1042 1254 1074 est
1274 1037 1495 1083 dicendum,

203 1091 276 1127 nisi
296 1091 401 1137 quod
433 1102 500 1140 per
540 1091 725 1128 veridicos
746 1092 949 1128 historicos
974 1096 1218 1139 compertum
1247 1095 1316 1136 est,
1347 1101 1392 1127 ea
1417 1101 1498 1127 esse

204 1148 271 1179 aut
303 1148 536 1191 exaggerata
569 1148 636 1179 aut
662 1143 798 1191 putida
829 1144 1044 1188 mendacia,
1071 1143 1120 1180 ad
1152 1144 1283 1179 fucum
1309 1143 1498 1190 imperitis

205 1195 435 1233 faciendum.
472 1196 616 1232 Deinde
649 1196 740 1233 data
771 1197 888 1233 etiam
919 1197 1080 1232 veritate
1109 1196 1266 1232 illorum
1292 1195 1495 1241 factorum,

203 1259 280 1285 non
307 1248 412 1285 aliud
442 1249 524 1285 haec
552 1249 819 1285 demonstrant
845 1249 918 1285 nisi
938 1254 1118 1286 naturam
1139 1249 1233 1285 vitio
1260 1253 1496 1296 corruptam,

205 1306 246 1337 ut
264 1301 410 1338 dictum
434 1306 504 1338 est.

253 1353 425 1401 objectio
443 1360 599 1402 quarta.
619 1355 661 1391 In
681 1359 785 1392 statu
818 1355 985 1392 naturali
1005 1356 1138 1392 omnia
1164 1358 1256 1391 sunt
1275 1355 1500 1391 communia

205 1412 243 1443 et
258 1407 358 1444 vires
378 1408 561 1455 aequales,
583 1412 621 1445 et
640 1412 920 1455 consequenter
931 1409 995 1455 jus
1012 1409 1051 1444 in
1081 1408 1263 1444 omnibus
1281 1407 1331 1444 ad
1352 1408 1497 1444 omnia.

195 1460 322 1507 'Atqui
343 1461 470 1508 posita
489 1461 769 1497 communitate
789 1460 981 1497 bonorum
1003 1465 1041 1497 et
1066 1461 1238 1507 egoismo
1259 1458 1499 1503 individuali,

213 1512 378 1549 habetur
407 1514 622 1549 necessario
648 1513 840 1560 appetitus
872 1512 1076 1549 invadendi
1098 1513 1200 1548 bona
1217 1512 1442 1548 communia
1461 1512 1500 1548 in

209 1565 308 1610 aliis,
327 1569 365 1602 et
385 1566 425 1601 in
442 1565 528 1601 aliis
544 1566 773 1602 resistentia.
797 1566 891 1601 Hinc
910 1565 1068 1610 bellum,
1099 1575 1175 1612 quo
1201 1565 1288 1601 lites
1313 1564 1500 1601 definiun—

210 1623 284 1662 tur,
307 1622 345 1654 et
365 1617 468 1665 quod
487 1623 691 1666 propterea
716 1622 774 1655 est
796 1622 919 1654 status
939 1617 1127 1654 naturalis
1147 1618 1297 1665 generis
1324 1617 1501 1654 humani.

206 1690 252 1698 -
270 1670 284 1706 1
292 1675 328 1707 ta
348 1670 512 1707 Hobbes.

254 1723 365 1770 Resp.
397 1723 501 1771 Nego
531 1723 717 1771 majorem
746 1724 785 1760 in
814 1735 927 1761 sensu
962 1723 1192 1769 adversari13
1228 1727 1266 1761 et
1300 1724 1338 1760 in
1364 1723 1501 1760 eodem

208 1786 322 1813 sensu
339 1784 439 1824 nego
458 1776 655 1813 minorem.
677 1777 781 1813 Licet
800 1777 904 1813 enim
930 1782 1069 1813 natura
1088 1786 1166 1812 non
1193 1777 1392 1824 praecipiat
1412 1776 1503 1812 divi·

210 1830 358 1867 sionem
390 1829 598 1875 bonorum,
632 1841 710 1867 non
741 1834 846 1867 vetat
877 1835 1027 1875 tamen3
1061 1830 1237 1876 quinimo
1272 1830 1338 1866 illa
1367 1829 1502 1866 divisio

210 1887 359 1920 naturae
390 1887 650 1920 consentanea
680 1888 737 1920 est
771 1884 845 1928 (38,
864 1883 939 1930 IX).
966 1882 1110 1919 Deinde
1144 1883 1270 1930 posita
1289 1883 1502 1919 communi·

211 1940 290 1972 tate
308 1935 516 1981 bonorum,
537 1936 637 1972 ratio
661 1935 782 1973 dictat
815 1936 862 1972 iis
892 1935 1080 1972 utendum
1108 1946 1202 1980 esse,
1236 1935 1350 1971 salvis
1371 1939 1502 1971 tamen

211 1988 377 2024 aliorum
387 1988 542 2036 juribus
563 1999 572 2025 ε
591 1999 677 2036 quae
697 1989 728 2025 si
749 1987 993 2034 invadantur,
1015 1988 1098 2024 haec
1127 1988 1273 2024 invasio
1294 1992 1351 2024 est
1369 1993 1504 2025 contra

212 2045 406 2086 naturam,
441 2045 480 2078 et
517 2046 796 2089 consequenter
835 2045 969 2078 contra
1005 2040 1229 2088 praescripta
1263 2046 1411 2076 naturae
1447 2045 1504 2076 est

174 2133 177 2138 ,
211 2093 356 2130 bellum
376 2092 466 2130 inde
481 2104 658 2141 sequens,
680 2105 819 2142 nempe
843 2099 966 2131 status
985 2093 1185 2138 violentus,
1214 2093 1264 2128 ad
1292 2103 1408 2139 quem
1437 2103 1503 2128 na-

175 2151 181 2192 }
212 2151 300 2183 tura
317 2146 481 2183 recurrit
497 2151 540 2182 ut
559 2146 749 2184 habeatur
767 2158 855 2195 pax.
883 2147 982 2194 Ergo
1009 2157 1085 2194 pax
1104 2150 1262 2193 propter
1288 2156 1406 2193 quam
1427 2145 1503 2181 bel-

211 2199 293 2235 lum
328 2203 540 2244 exercetur,
579 2205 636 2236 est
665 2204 788 2236 status
825 2199 1011 2236 naturalis
1048 2199 1230 2235 hominis.
1270 2218 1314 2225 —
1353 2199 1505 2235 Ceteras

213 2252 386 2300 argutias
410 2252 590 2289 Hobbesii
622 2253 737 2289 refert
768 2257 807 2290 et
837 2252 978 2290 refutat
1003 2251 1156 2296 Roselli‚
1180 2251 1338 2297 Emica,
1362 2252 1432 2294 Qu.
1459 2251 1502 2294 V,

213 2305 318 2342 Artio
351 2305 398 2342 11.

263 2357 436 2406 Objectio
460 2360 611 2407 quinta.
631 2358 670 2397 Si
686 2358 860 2396 naturale
877 2362 934 2396 est
951 2357 1100 2396 homini
1117 2358 1158 2394 in
1167 2358 1349 2395 societate
1364 2358 1503 2404 vivere,
