1584 2569
0 2483 29 2569 ww
0 2335 3 2374 ’

107 158 190 183 ΑΜ.
208 158 273 183 vn.
288 157 332 181 ns
345 157 423 182 οη.
442 156 484 181 εἰ·
498 157 575 182 sun.
595 156 816 182 susurronum
833 157 927 182 nno*
942 157 1058 182 rom-r.
1075 158 1302 184 rorsssrnssu
1328 151 1399 184 255

107 230 309 274 Adveniat‚
325 228 450 265 vultus
469 239 557 264 neve
573 228 813 265 exhorrescat
829 228 987 264 amicos.
1005 248 1050 255 -
1063 229 1164 265 Pars
1177 229 1400 276 mihipacis

106 283 181 319 erit
193 282 365 319 dextram
383 283 545 328 tetigisse
560 282 731 328 tyranni,
751 281 822 317 hoc
840 285 895 317 est
913 283 1052 318 AEneae.
1071 303 1116 307 —
1130 284 1178 317 At
1191 293 1398 329 progressu

108 335 293 383 temporis
313 345 455 371 nomen
477 335 634 382 tyranni
654 336 692 370 in
714 345 873 382 pravum
894 346 1049 371 sensum
1078 340 1307 382 usurpatum
1329 340 1399 382 est,

109 399 244 436 nempe
266 389 315 424 ad
338 388 634 435 significandum
662 389 864 435 principes,
889 389 954 435 qui
980 399 1047 436 per
1070 389 1317 425 insolentiam
1344 390 1400 425 vi-

106 442 213 478 ribus
239 442 391 487 imperii
418 440 633 486 abutentes,
656 452 733 476 non
759 441 842 487 jure
869 446 905 477 et
931 442 1052 487 aequis
1078 442 1240 489 legibus,
1273 443 1339 478 sed
1365 445 1400 478 vi

106 499 144 530 et
169 494 341 542 quadam
364 494 485 530 animi
507 494 665 530 libidine
694 494 992 531 dominabantur
1014 495 1082 540 (Cf.
1110 495 1278 531 Leaeicon
1307 496 1399 532 lati-

105 559 206 593 num,
223 553 312 593 etc„
328 548 370 583 in
381 558 490 584 usum
505 547 721 584 Seminarii
736 548 935 593 Patavini,
951 549 1177 594 Tyrannus).
1195 550 1272 584 Hoc
1287 560 1400 585 sensu

107 601 260 648 tyranni
280 605 420 637 natura
441 601 671 636 describitur
695 612 716 636 a
737 600 870 643 Tullio,
893 601 948 637 De
974 602 1165 646 amicitia,
1189 602 1281 649 Cap.
1308 604 1368 638 XV
1390 614 1397 638 :

107 667 122 686 ι
153 654 239 690 Haec
265 657 319 690 est
346 654 462 696 enim,
492 654 630 700 inquit,
661 657 913 700 tyrannorum
937 655 1026 697 vita,
1050 656 1087 689 in
1116 665 1193 700 qua
1214 655 1398 691 nimirum

108 707 214 742 nulla
235 706 343 751 fides,
361 706 468 742 nulla
484 706 668 748 charitas,
685 707 790 741 nulla
810 707 955 743 stabilis
976 708 1252 743 benevolentiae
1274 713 1400 754 potest

108 770 189 795 esse
210 759 353 795 fiducia
371 769 379 795 ε
403 759 534 795 omnia
554 769 705 806 semper
725 763 904 805 suspecta
922 764 1038 807 atque
1059 760 1222 796 sollicita
1242 771 1249 796 :
1272 761 1400 796 nullus

105 812 213 849 locus
234 812 428 848 amicitiae.
453 826 469 844 »

151 865 246 901 VIII.
261 866 313 902 De
326 868 494 911 tyranno
509 866 695 911 regimine
707 869 747 901 et
762 866 808 901 de
819 868 986 910 tyranno
997 867 1263 911 usurpatione
1280 868 1398 903 Porro

105 922 291 964 tyrannus
305 918 343 952 in
358 928 428 952 sua
445 917 625 953 deteriori
641 918 919 965 significatione
935 923 1126 965 acceptus,
1150 919 1400 966 distinguitur

105 970 361 1007 communiter
386 970 426 1005 in
451 972 660 1016 tyrannum
680 970 865 1016 regimine
885 974 920 1005 et
940 971 980 1005 in
1001 975 1209 1017 tyrannum
1229 983 1398 1018 usurpa-

105 1023 218 1060 tione.
243 1024 442 1070 Tyrannus
467 1023 653 1069 reqimine
680 1022 819 1058 dicitur
840 1023 901 1058 ille
922 1024 988 1068 qui
1008 1024 1179 1070 legitime
1201 1030 1399 1061 assecutus

104 1081 160 1112 est
179 1076 441 1123 principatum
461 1076 501 1111 in
525 1075 654 1121 aliqua
674 1075 957 1118 societate‚-sed
980 1087 1046 1122 per
1071 1076 1174 1124 leges
1197 1078 1398 1113 manifeste

105 1129 266 1175 injustas
300 1129 509 1175 gubernat;
540 1129 736 1175 Tyrannus
766 1128 1017 1175 usurpatione
1056 1129 1119 1165 ille
1158 1131 1298 1166 dicitur
1333 1132 1396 1179 qui

103 1192 170 1228 per
194 1180 441 1217 ambitionem
459 1180 515 1217 vel
536 1191 763 1227 quocumque
786 1181 866 1217 alio
891 1181 1031 1217 illicito
1052 1182 1160 1218 modo
1175 1188 1398 1229 potestatem

103 1234 353 1280 adipiscitur,
371 1237 412 1268 ut
427 1233 513 1269 lect.
529 1234 557 1268 1.
574 1235 612 1269 in
631 1234 709 1269 XIII
724 1234 773 1269 ad
786 1234 945 1271 Roman.
965 1234 1136 1280 loquitur
1158 1236 1193 1271 S.
1217 1236 1395 1273 Thomas.

149 1287 211 1323 IX.
230 1288 281 1323 De
297 1287 524 1323 resistentia
541 1289 677 1323 contra
694 1290 904 1331 tyrannum
922 1288 1187 1332 usurpatione.
1208 1302 1223 1320 ‹
1242 1289 1312 1330 Qui
1332 1300 1398 1336 per

101 1339 325 1375 violentiam
356 1339 574 1375 dominium
604 1340 775 1386 surripit,
808 1350 884 1375 non
913 1340 1076 1376 efficitur
1101 1352 1186 1376 vere
1215 1342 1397 1388 praelatus

101 1392 159 1428 vel
181 1392 382 1436 dominus;
405 1396 442 1427 et
461 1391 547 1427 ideo
569 1402 658 1427 cum
679 1392 842 1427 facultas
863 1392 983 1437 adest,
1007 1397 1134 1439 potest
1155 1393 1292 1441 aliquis
1320 1395 1396 1430 tale

102 1445 318 1482 dominium
345 1445 528 1491 repellere
553 1455 561 1480 :
588 1445 661 1480 nisi
684 1445 780 1480 forte
801 1446 1052 1492 postmodum
1080 1445 1261 1483 dominus
1287 1458 1396 1483 verus

101 1498 258 1534 effectus
279 1498 340 1543 sit,
365 1497 423 1533 vel
449 1508 515 1543 per
541 1507 771 1533 consensum
795 1498 1053 1543 subditorum,
1083 1499 1140 1535 vel
1166 1510 1234 1545 per
1260 1505 1396 1536 aucto—

100 1551 256 1587 ritatem
287 1549 507 1596 superioris.
540 1564 555 1582 ›
590 1551 677 1586 Haec
707 1551 743 1586 S.
775 1551 944 1586 Thomas
969 1551 1009 1587 in
1035 1552 1068 1587 11
1094 1551 1394 1597 Sententiarum,

100 1604 194 1640 Dist.
216 1603 338 1648 XLIV,
363 1603 433 1646 Qu.
461 1603 505 1645 11,
532 1603 648 1639 Artic.
673 1604 702 1639 11
727 1613 735 1638 :
764 1614 810 1639 ex
831 1604 971 1650 quibus
990 1605 1242 1643 manifestum
1266 1606 1395 1652 impri-

101 1657 175 1693 mis
209 1660 266 1692 est
301 1660 511 1704 tyrannum
546 1656 797 1702 usurpatione
832 1656 992 1693 evadere
1032 1667 1144 1704 posse
1177 1657 1395 1705 legitimum

101 1709 327 1756 principem,
355 1712 398 1744 ut
425 1719 560 1744 omnes
581 1710 825 1744 conveniunt.
849 1710 921 1745 Sed
943 1709 989 1745 de
1009 1709 1081 1746 hoc
1098 1721 1175 1748 non
1197 1716 1253 1747 est
1273 1714 1395 1757 quaes'-

103 1762 169 1796 tio.

147 1815 267 1850 Porro
295 1819 504 1860 tyrannum
532 1815 784 1860 usurpatione
806 1814 1010 1860 dupliciter
1036 1816 1282 1852 considerare
1304 1828 1394 1863 pos-

101 1876 247 1910 sumus,
283 1865 425 1902 scilicet
453 1868 494 1901 in
530 1870 618 1902 actu
644 1866 919 1913 usurpationis,
948 1866 1020 1903 hoc
1047 1871 1104 1902 est
1127 1868 1166 1903 in
1193 1874 1279 1904 actu
1309 1869 1397 1905 belli

100 1919 241 1966 injuste
262 1919 360 1956 illati
379 1918 614 1966 reipublicae,
638 1923 674 1954 et
694 1922 779 1965 post
802 1920 1091 1966 usurpationem
1114 1921 1198 1967 jam
1211 1932 1393 1958 consum-

94 1976 262 2016 matam,
285 1971 440 2020 quando
469 1972 624 2014 scilicet,
648 1972 846 2019 republica
873 1972 1086 2018 pacificata,
1112 1977 1298 2020 tyrannus
1322 1977 1393 2022 ipsi

95 2026 323 2063 dominatur
351 2029 388 2061 et
417 2025 520 2072 leges
550 2025 682 2061 condit
709 2029 824 2072 atque
851 2025 1076 2072 promulgat
1105 2038 1181 2062 non
1205 2027 1297 2074 jure
1329 2028 1393 2064 sed

94 2079 216 2124 facto,
250 2078 344 2125 quin
372 2081 504 2115 tamen
541 2081 582 2114 ut
613 2078 788 2124 princeps
822 2078 1018 2124 legitimus
1046 2079 1247 2117 habeatur.
1278 2102 1323 2107 —
1352 2083 1393 2117 In

93 2125 186 2168 ⁴autu
220 2131 481 2177 usurpationis
511 2134 698 2178 tyrannus
731 2135 789 2166 est
819 2131 986 2178 injustus
1020 2132 1203 2177 invasor3
1240 2138 1276 2169 et
1307 2134 1393 2170 ideo

95 2184 199 2222 sir-ut
226 2183 425 2220 individua
454 2179 618 2231 persona
645 2187 768 2231 potest
797 2184 873 2219 vim
903 2185 936 2219 vi
965 2185 1161 2232 repellere,
1191 2186 1245 2222 ita
1270 2198 1292 2222 a
1313 2188 1392 2224 for-

97 2236 187 2274 tiori
212 2236 453 2283 Respublica,
475 2238 534 2273 cui
558 2238 613 2273 vis
639 2237 811 2281 insertur,
835 2240 963 2284 potest
986 2238 1062 2273 vim
1090 2239 1121 2273 vi
1148 2239 1329 2285 repellere
1357 2245 1394 2276 et

99 2292 307 2336 tyrannum
331 2288 502 2325 occidere
526 2300 533 2307 ·
565 2293 601 2325 et
628 2288 712 2325 dico
743 2289 1048 2336 Rempublicam‚
1079 2301 1145 2326 seu
1171 2292 1283 2335 cives,
1313 2303 1392 2328 non

99 2344 251 2390 privata
271 2343 512 2384 auctoritate:
539 2341 606 2377 sed
631 2342 859 2377 auctoritate
880 2342 1034 2388 publica
1056 2342 1113 2378 vel
1134 2354 1315 2391 expressa
1336 2346 1389 2381 vel

100 2395 220 2431 tacita
238 2394 421 2442 principis
439 2395 628 2442 legitimi;
651 2394 726 2441 siye
747 2406 882 2431 eorum
909 2396 973 2443 qui
994 2395 1164 2442 legitime
1190 2396 1271 2444 ejus
1293 2398 1391 2433 vices
