1584 2569
270 120 349 146 Ant.
379 120 428 145 11.
455 119 499 144 m:
524 118 643 143 roam
669 117 848 142 REG1M1NIS
875 116 1185 141 REPnAEsExrAnvi
1308 107 1372 139 ‘257

86 200 152 231 sed
162 192 331 240 gaudent
344 189 715 237 irresponsahilitate
724 187 1150 235 responsabilitalis.Ad
1160 191 1376 222 extremum

88 246 287 283 dimittunt
308 244 489 279 officium.
520 242 592 278 Sed
617 241 797 277 audiatur
819 240 1016 284 Audisius,
1038 240 1149 276 luris
1169 244 1319 275 naturae
1345 244 1377 274 et

32 329 33 333 ,
87 299 254 346 ymztium
262 324 336 335 .....
354 296 618 343 fundamenta,
639 295 719 330 Lib.
740 295 802 334 111.
821 294 945 330 Titulo
969 293 1060 329 VIII.
1081 293 1203 337 §.Vllz
1230 293 1378 339 «Regis

88 351 305 387 ministri...
348 350 460 385 toties
486 348 617 395 repelli
645 350 825 394 posssunt
861 357 882 382 a
911 346 1090 390 comitiis,
1125 345 1246 381 donec
1279 346 1379 392 grati

87 404 280 452 eligantur
302 413 309 437 :
339 413 382 437 ac
407 405 611 449 propterea
631 400 885 436 Comitiorum
906 398 1002 434 servi
1030 398 1220 433 habentur
1253 398 1380 445 potius

90 467 205 503 quam
234 456 348 503 regis.
375 455 520 490 Horum
546 452 716 489 conditio
739 452 1010 488 infelicissima.
1036 451 1221 487 Habilitas
1244 461 1378 486 eorum

91 509 285 556 praecipua
315 509 353 543 in
375 518 418 542 eo
449 511 506 542 est
534 510 575 541 ut
605 505 817 541 dominanti
853 504 1010 541 factioni
1040 504 1305 550 obsequantur
1334 514 1380 538 ne

91 563 262 609 pereant.
288 560 361 596 Sed
398 570 485 595 cum
525 558 685 594 ambitio
733 557 1001 600 ambitionem,
1034 556 1148 593 factio
1173 557 1380 592 factionem

91 618 244 662 premat
278 613 316 648 in
342 612 529 660 regimine
556 610 886 657 repraesentativo‚
911 621 987 656 quo
1017 620 1151 645 omnes
1182 610 1382 655 passiones

91 669 379 710 coacervantur,
400 665 564 700 ministri
579 664 734 710 ingenio
755 663 991 699 contendunt
1010 674 1054 698 ne
1070 662 1379 709 supplantentur.

92 719 265 755 Primum
286 729 324 754 se
344 718 488 764 stipant
510 717 657 762 amicis,
677 717 960 752 incontinenter
981 715 1028 752 ad
1048 726 1209 751 munera
1228 715 1382 761 publica

94 772 360 819 irrepentibus,
396 771 587 806 veteribus
625 769 774 816 rejectis
804 779 904 816 saepe
950 769 1185 815 experientia
1228 772 1265 803 et
1310 769 1383 804 fide

95 824 425 872 praecellentibus:
459 823 576 868 hisce,
602 824 633 859 si
654 823 785 870 pensio
814 823 984 867 additur,
1010 822 1151 857 frustra
1179 832 1229 857 aes
1262 822 1384 868 publi-

97 888 182 913 :um
203 876 412 912 effunditur
430 887 438 921 3
463 877 493 912 si
510 880 685 922 negatur,
707 875 847 922 injuste
868 876 1008 921 agitur.
1035 874 1272 910 AdversariiS
1292 886 1384 921 quo—

96 941 170 977 que
191 930 266 965 offa
289 929 455 976 plurima
480 928 687 975 injicienda
708 939 754 964 ne
781 932 955 964 noceant.
985 927 1144 963 Emendi
1167 926 1386 974 ephemeri-

98 983 191 1019 dum
208 983 425 1029 scriptores,
443 992 488 1017 ne
507 982 660 1016 latrent.
683 980 974 1026 Corrumpenda
985 981 1193 1016 electorum
1208 980 1382 1026 collegia.

98 1037 184 1071 Haec
215 1035 345 1071 omnia
373 1035 503 1081 populi
538 1034 699 1081 pecunia
736 1037 823 1068 sunt
855 1032 1102 1079 peragenda:
1142 1032 1242 1067 unde
1274 1033 1384 1067 velie-

100 1092 247 1124 mentes
266 1087 353 1123 aeris
374 1087 515 1134 publici
543 1086 842 1133 dilapidationes
863 1085 1034 1131 aliquam
1061 1085 1249 1132 recipiunt
1271 1085 1387 1131 expli—

99 1142 304 1177 cationem.
336 1140 480 1186 Majora
515 1145 645 1175 autem
676 1139 792 1181 mala,
820 1139 995 1174 versutiae
1022 1138 1211 1185 exempla,
1238 1138 1387 1173 venalia

101 1194 246 1239 omnia,
267 1193 416 1228 virtutis
437 1192 650 1236 dissolutio,
672 1196 708 1228 et
723 1191 978 1237 corruptionis
999 1191 1144 1235 schola,
1167 1202 1212 1227 ex
1234 1192 1387 1237 imperii

101 1247 268 1282 eulmine
294 1246 333 1281 in
365 1245 539 1281 subditos
566 1244 809 1291 profluentia.
839 1244 933 1280 Hinc
953 1244 1175 1279 animorum
1204 1247 1238 1279 et
1266 1244 1388 1291 gentis

102 1299 277 1345 abjectio,
298 1299 401 1333 intus
427 1302 464 1333 et
487 1298 604 1333 soris:
626 1298 719 1333 dum
742 1297 845 1333 enim
868 1297 1033 1332 liberum
1060 1307 1190 1343 regem
1218 1307 1289 1332 sua
1315 1297 1388 1331 im-

103 1351 207 1398 pellit
238 1350 382 1386 utilitas
414 1353 454 1385 ut
486 1351 606 1397 gentis
637 1360 714 1385 suae
746 1353 899 1385 tueatur
932 1348 1171 1392 libertatem,
1203 1360 1222 1384 e
1255 1352 1389 1384 contra

104 1403 278 1439 minister
301 1402 624 1439 constitutionalis
645 1413 714 1437 sua
735 1402 902 1443 allicitur
923 1401 1102 1444 utilitate,
1126 1405 1167 1436 ut
1190 1402 1238 1437 ab
1258 1405 1391 1437 extera

105 1460 215 1503 gente
241 1455 348 1491 illam
379 1455 449 1490 sibi
481 1454 672 1490 mendicet
702 1465 820 1500 quam
854 1454 956 1489 intus
987 1464 1063 1489 non
1088 1454 1203 1489 habet
1232 1454 1390 1489 firmita-

105 1513 196 1545 tem.
220 1524 234 1543 ιι
254 1509 443 1544 Hactenus
467 1508 660 1543 Audisius.
682 1507 881 1543 llorribilis
905 1517 995 1542 sane
1017 1507 1181 1553 pictura,
1204 1510 1239 1543 et
1262 1511 1391 1543 tamen

106 1563 234 1598 minus
255 1561 372 1597 etiam
391 1561 585 1596 horribilis
607 1571 726 1607 quam
746 1571 848 1596 vera.

153 1613 285 1660 Quoad
302 1617 522 1660 potestatem
526 1610 805 1657 judiciariam.
822 1626 838 1645 ‹
853 1613 974 1649 Jurati
994 1613 1259 1658 cives‚iterun1
1280 1614 1393 1649 Audi-

108 1668 185 1702 sius
207 1666 257 1701 ib.
272 1669 301 1711 g.
316 1667 354 1702 X.
377 1668 478 1701 sorte
499 1665 646 1710 delecti,
669 1670 711 1700 ut
730 1665 921 1711 judicium
948 1665 1073 1700 serant
1101 1665 1146 1700 de
1168 1665 1267 1701 sacto
1290 1666 1327 1700 in
1355 1677 1394 1701 re

108 1719 312 1764 criminali,
334 1718 479 1765 judicia
502 1718 611 1754 facile
638 1718 809 1762 turbant,
841 1719 932 1764 quia
955 1720 1126 1763 experta,
1149 1729 1226 1753 non
1261 1719 1395 1764 ignara

111 1782 232 1813 mens,
253 1771 299 1806 de
319 1771 428 1806 factis
449 1770 656 1816 prudenter
670 1771 830 1816 judicat,
852 1773 936 1805 tum
951 1770 1042 1815 quia
1063 1770 1152 1806 facti
1173 1771 1272 1805 ratio
1294 1781 1395 1816 saepe

110 1835 196 1860 cum
221 1823 307 1870 jure
331 1823 588 1870 conjungitur.
615 1823 729 1868 Finge
753 1833 910 1858 causam
952 1823 1013 1869 agi
1041 1823 1087 1858 de
1126 1823 1306 1869 episcopo
1343 1834 1397 1858 re-

110 1877 278 1913 luctante
295 1876 369 1923 legi
390 1876 486 1911 civili
504 1886 588 1921 quae
608 1875 768 1911 dubium
788 1875 883 1911 ferat
897 1875 1053 1911 haeresis
1075 1875 1131 1911 vel
1150 1876 1370 1911 schismatis
1387 1887 1395 1910 :

113 1930 200 1966 sacti
227 1929 364 1965 solutio
391 1929 530 1976 pendet
551 1939 596 1963 ex
622 1928 720 1974 jure.
749 1927 846 1970 Quid
871 1932 1000 1963 autem
1040 1927 1102 1963 hic
1130 1928 1231 1964 videt
1260 1939 1396 1975 caupo,

114 1983 233 2025 saber,
284 1981 633 2017 salsamentarius?
676 1982 807 2016 Nonne
849 1980 1054 2016 ridiculum
1096 1980 1192 2016 soret
1245 1981 1398 2016 illorum

110 2033 311 2080 judicium,
334 2033 493 2068 ridicula
522 2032 595 2077 lex,
622 2032 782 2068 ridicula
809 2042 901 2080 gens
935 2031 1039 2068 hisce
1064 2036 1246 2068 contenta
1263 2032 1398 2079 judici-

117 2087 214 2123 bus?
237 2087 311 2121 Hoc
332 2090 462 2121 tamen
480 2086 521 2121 fit
537 2097 545 2130 ;
563 2089 599 2121 et
617 2085 931 2132 quotiescumque
950 2086 1086 2121 insana
1105 2085 1193 2120 sacti
1212 2087 1399 2121 sententia

117 2139 320 2186 praecessit,
342 2138 436 2174 nihil
462 2138 753 2186 magistratibus
772 2138 1017 2185 relinquitur,
1048 2139 1118 2173 nisi
1141 2141 1182 2173 ut
1203 2139 1275 2186 ipsi
1303 2139 1400 2174 inter

117 2202 235 2238 poenae
255 2192 469 2227 maximum
487 2192 543 2227 vel
564 2191 767 2226 minimum
785 2191 1034 2228 constituant.
1050 2192 1158 2227 Ratio
1180 2191 1399 2238 hujusmodi

117 2244 211 2290 legis
233 2244 313 2280 hoec
332 2246 424 2287 erat,
447 2244 684 2291 distorquere
702 2242 859 2290 judicia,
878 2244 1178 2290 magistratuum
1200 2244 1399 2291 integrita-

119 2300 196 2332 tem
226 2297 373 2332 irritam
405 2297 542 2338 facere,
586 2296 851 2332 innocentibus
886 2296 975 2339 vim,
1007 2297 1082 2332 reis
1124 2296 1396 2343 impunitatem

119 2349 444 2395 afferre.justitiae
476 2360 610 2385 nervos
633 2350 853 2386 concidere.
889 2349 985 2392 Quid
1018 2360 1108 2396 ergo
1145 2353 1321 2396 superest
1361 2351 1397 2384 in
