1584 2569
166 132 228 163 334

760 133 856 157 mnu

572 221 740 262 CAPUT
776 218 1055 259 SECUNDUM

381 322 432 351 nE
460 320 617 350 NATURA
647 318 780 348 ULTIMI
814 316 915 346 FINIS
949 316 1118 345 EUMANAE
1146 314 1245 344 VITAE

174 399 243 434 i’roi
251 408 335 441 ogus
359 415 1352 430 ...................

171 472 252 506 Aur.
276 471 302 501 l.
327 469 453 502 Utrum
474 466 649 500 bea'itudo
670 465 822 497 hominis
838 465 1006 497 consistat
1025 464 1064 496 in
1081 463 1178 497 bonis
1195 474 1355 508 corpora·

255 516 356 549 tibus.
369 534 411 539 —
427 517 453 548 Ι.
468 513 651 548 Beatitudo
667 512 836 555 objectiva
853 516 887 545 et
898 511 1076 545 beatitudo
1089 513 1278 553 subjectiva
1292 523 1354 546 seu

253 562 421 595 formalis.
449 579 491 586 —
520 561 563 594 11.
594 559 815 593 conditiones
852 558 1078 591 beatitudinis
1105 560 1297 600 objectivae.
1316 580 1354 585 -

255 610 314 643 111.
342 609 632 650 Philosophorum
663 606 846 639 sententias
864 607 896 637 in
917 614 1044 646 genere
1068 607 1180 647 quoad
1205 608 1356 641 hominis

255 657 518 689 beatitudinem.
537 673 578 678 —
592 655 650 687 IV.
670 654 847 687 Sententia
867 653 1059 686 sensistica.
1075 671 1115 677 —
1128 654 1168 686 V.
1190 655 1358 696 Suprema

255 704 406 737 hominis
439 703 583 735 (elicitas
618 710 686 734 non
720 705 835 742 potest
867 700 1056 733 consistere
1088 700 1122 732 in
1151 701 1293 735 divitiis.
1319 721 1358 727 —

256 753 310 783 Vl.
335 753 503 792 Suprema
520 748 671 782 bominis
693 748 868 780 beatitudo
890 756 958 780 non
980 751 1094 788 potest
1112 749 1297 783 consistere
1321 751 1356 784 in

257 799 448 839 voluptate.
472 814 512 821 —
530 797 603 829 vn.
623 795 843 837 Impossibile
862 799 914 828 est
936 794 1187 828 beatitudinem
1208 797 1358 831 hominis

257 847 293 878 in
313 846 412 878 bonis
437 845 590 886 corporis
615 846 814 876 consistere.
859 866 869 876 .
915 865 924 873 .

176 920 255 954 Anr.
276 919 317 949 ΙΙ.
353 917 480 950 Utrum
500 915 679 948 beatitudo
703 914 855 946 hominis
879 914 1047 947 consistat
1075 915 1113 947 in
1131 916 1252 958 aliquo
1271 917 1360 951 bono

181 1275 258 1306 Anr.

187 1628 262 1659 ΛΒΤ.

195 2123 269 2153 Aur.

259 966 400 997 animoe.
421 981 462 987 —
481 964 506 995 1.
531 964 659 996 Sensus
679 961 895 1002 quaestionis.
916 978 954 984 -
974 961 1016 994 11.
1040 961 1221 995 Beatitudo
1247 964 1359 997 homi·

259 1012 313 1044 nis
335 1020 402 1044 non
428 1015 540 1051 potest
557 1009 746 1043 consistere
761 1009 796 1040 in
810 1009 951 1040 bonore.
964 1026 1002 1032 —-
1016 1008 1075 1041 111.
1098 1009 1278 1043 Beatitudo
1298 1013 1361 1045 ho·

259 1058 365 1092 minis
388 1067 456 1090 non
480 1056 639 1090 consistit
661 1055 695 1087 in
719 1056 811 1088 sama
827 1054 880 1086 vel
899 1054 1020 1096 gloria.
1044 1074 1084 1079 —
1105 1056 1159 1088 IV.
1181 1058 1362 1093 Beatitudo

261 1105 412 1139 hominis
443 1113 511 1136 non
542 1102 701 1136 consistit
727 1102 762 1134 in
789 1106 972 1143 potestate.
995 1120 1032 1124 —
1049 1102 1088 1134 V.
1112 1103 1279 1145 Suprema
1300 1106 1361 1138 lio·

261 1154 365 1185 minis
388 1151 566 1185 beatitudo
591 1159 659 1182 non
679 1148 837 1183 consistit
855 1150 890 1181 in
911 1149 1030 1189 aliquo
1053 1150 1144 1183 bono
1165 1152 1302 1185 animae.
1323 1171 1363 1176 —

261 1200 319 1232 VI.
335 1199 486 1232 Solvitur
503 1197 690 1230 difficultas
696 1220 1360 1232 .............

283 1272 343 1303 111.
363 1271 489 1304 Utrum
503 1269 655 1302 hominis
669 1268 848 1302 beatitudo
863 1269 1032 1302 consistat
1049 1270 1086 1302 in
1101 1271 1188 1304 bono
1211 1272 1362 1314 infinito.

262 1334 302 1344 —
320 1318 347 1350 1.
368 1317 607 1351 Praenotanda.
625 1333 667 1339 —-
684 1316 727 1348 ΙΙ.
758 1315 939 1357 Objectum
959 1317 1183 1351 beatitudinis
1203 1319 1366 1353 humanae

264 1376 334 1398 non
370 1370 483 1406 potest
521 1372 598 1396 esse
629 1362 695 1396 niSi
727 1363 857 1396 bonum
892 1363 1068 1396 infinitum
1100 1369 1133 1396 et
1161 1365 1365 1405 increatum,

265 1422 389 1455 nempe
418 1413 521 1445 Deus.
542 1429 582 1434 —
603 1411 662 1443 111.
691 1411 741 1443 De
770 1410 898 1451 duplici
924 1410 1138 1444 beatitudine
1161 1414 1314 1446 naturali
1335 1420 1368 1446 et

266 1458 586 1502 supernaturali.—
600 1458 657 1490 1v.
676 1457 769 1489 Visio
787 1457 912 1491 divinae
926 1458 1096 1498 essentiae,
1115 1467 1176 1492 seu
1189 1460 1367 1494 beatitudo

266 1505 542 1547 supernaturalis
564 1503 676 1545 qualis
703 1504 897 1545 dogmatice
920 1505 1065 1537 definita
1087 1509 1141 1538 est
1162 1515 1179 1538 a
1200 1507 1369 1540 catholica

267 1553 430 1593 Ecclesia,
452 1552 538 1584 nihil
562 1551 716 1584 continet
734 1551 969 1584 absurditatis.
989 1570 1030 1575 —-
1052 1553 1083 1583 V.
1108 1554 1246 1591 Quaeres
1272 1581 1282 1588 .
1314 1582 1322 1589 .
1354 1580 1362 1587 .

276 1625 331 1657 lV.
346 1624 471 1658 Utrum
485 1622 666 1655 beatitudo
683 1622 810 1654 haberi
820 1622 932 1664 possit
944 1622 982 1654 in
992 1622 1059 1656 hac
1069 1623 1155 1656 vita.
1168 1625 1245 1657 -1.
1259 1625 1368 1658 Beati-

270 1673 353 1704 tudo
368 1671 518 1712 perfecta
538 1674 570 1702 et
587 1670 799 1711 imperfecta.
820 1669 916 1701 —-·ll.
935 1670 1116 1703 Beatitudo
1131 1672 1282 1713 perfecta
1302 1681 1371 1705 non

269 1723 384 1761 potest
403 1717 522 1751 baberi
546 1718 581 1749 in
602 1718 667 1750 hac
682 1716 817 1749 vita.—
831 1717 891 1749 111.
911 1717 1035 1758 Aliqua
1056 1722 1172 1751 tamen
1197 1719 1372 1753 beatitudo

269 1768 303 1798 in
324 1766 388 1799 hac
408 1766 512 1798 etiam
532 1764 602 1797 vita
622 1769 737 1805 potest
757 1764 889 1796 haberi.
905 1782 946 1788 -
967 1765 1025 1796 IV.
1048 1765 1228 1799 Beatitudo
1241 1776 1318 1808 quae
1337 1766 1371 1799 in

269 1815 335 1846 hac
363 1812 431 1845 vita
451 1811 572 1844 baberi
604 1815 730 1852 potest,
752 1811 863 1852 primo
883 1815 917 1844 et
931 1820 991 1852 per
1011 1820 1046 1844 se
1064 1813 1222 1846 consistit
1241 1813 1274 1846 in
1296 1823 1372 1855 per-

271 1860 417 1894 fectione
435 1859 541 1901 partis
557 1858 788 1899 intellectivae‚
805 1858 936 1891 scilicet
953 1859 988 1891 in
1007 1861 1248 1901 cognoscendo
1264 1862 1372 1894 Deum

270 1908 454 1949 ipsumque
473 1906 633 1939 amando.
659 1923 700 1930 —
725 1906 764 1938 V.
782 1907 942 1939 Attamen
975 1906 1018 1938 ad
1045 1907 1297 1941 beatitudinem
1315 1909 1375 1940 im-

273 1955 459 1996 perfectam
472 1954 577 1995 huJus
590 1953 682 1993 vitae,
702 1952 909 1986 secundario
924 1953 1150 1994 requiruntur
1164 1955 1270 1987 etiam
1287 1956 1376 1989 bona

272 2001 437 2043 corporis.
457 2017 497 2025 —
516 2000 575 2032 VI.
598 2000 746 2040 Insuper
755 1999 799 2032 ad
819 1998 1020 2032 felicitatem
1036 1999 1274 2041 imperfectam
1291 2011 1375 2042 prae-

274 2050 380 2081 sentis
406 2048 481 2080 vitae
508 2047 613 2080 homo
632 2046 765 2088 indiget
783 2046 888 2079 etiam
916 2046 1036 2080 amicis
1040 2070 1375 2082 .......

284 2120 323 2151 V.
336 2119 385 2152 De
396 2118 614 2151 beatitudine
627 2117 788 2159 formali.
805 2136 844 2141 —
855 2118 881 2150 Ι.
899 2118 1063 2156 Quaestio.
1077 2136 1118 2141 —
1130 2118 1173 2150 11.
1194 2119 1379 2152 Sententiae

275 2167 388 2199 variae.
408 2182 450 2189 —
470 2165 529 2197 111.
554 2164 790 2197 Praenotamen
808 2165 971 2206 primum.
992 2183 1032 2189 -
1053 2166 1110 2197 VI.
1142 2166 1379 2199 Praenotamen

276 2214 437 2246 alterum.
455 2229 495 2235 —
518 2211 557 2243 V.
592 2213 831 2245 Praenotamen
869 2212 1025 2245 tertium.
1042 2230 1081 2235 —
1102 2212 1154 2244 iv.
1200 2211 1379 2246 Beatitudo

277 2259 430 2294 formalis
461 2259 612 2292 bominis
645 2259 760 2300 quoad
787 2259 975 2292 essentiam
1008 2259 1152 2293 hel-etur
1180 2268 1240 2298 per
1265 2258 1380 2293 actum

276 2307 487 2346 intellectus»,
515 2306 575 2347 qui
599 2311 696 2339 actus
725 2310 778 2338 est
799 2306 913 2339 VISIO
946 2315 1015 2348 qua
1032 2305 1227 2339 intellectus
1257 2306 1380 2339 huma—

278 2363 344 2386 nus
380 2354 489 2386 Deum
525 2352 631 2386 videt.
651 2370 691 2377 —-
710 2353 778 2385 vu.
821 2352 972 2389 Solvitur
1008 2351 1212 2387 difficultas.
1233 2370 1275 2378 —
1295 2354 1381 2386 Vlll.

278 2401 470 2441 Descriptio
498 2399 642 2438 visionis
664 2399 832 2433 beatifica*
851 2409 892 2433 ex
913 2401 952 2434 D.
972 2400 1114 2435 Thoma.
1142 2420 1373 2434 .....

1414 395 1451 428 12

1430 1201 1465 1233 16

1433 1556 1470 1588 19

1442 2049 1478 2081 22

1440 2400 1478 2428 26
