1554 2569
82 168 161 195 ΛΚΤ.
183 168 208 193 1.
223 167 342 193 UTRUM
356 166 552 192 BEATITUDO
563 166 651 192 ΠΟΜ.
664 166 852 192 CONSISTAT
866 167 902 192 IN
913 168 1018 193 BONIS
1035 167 1305 195 CORPORALIBUS
1329 160 1368 197 13

83 239 345 284 beatitudinis,
372 249 495 285 neque
531 239 615 286 ipsa
644 250 757 275 omne
796 239 942 275 malum
975 240 1204 276 excluderet.
1233 262 1277 267 —
1306 242 1368 278 His

83 293 229 341 positis,
248 292 480 328 veniendum
501 296 558 327 est
576 291 623 327 ad
645 292 876 339 quaestiones
895 291 1109 328 solvendas.

126 346 191 381 111.
209 345 525 390 Philosophorum
537 345 742 381 sententiae
754 345 796 380 in
809 354 948 390 genere
963 346 1089 390 quoad
1099 346 1266 382 hominis
1283 346 1368 383 hea-

81 399 302 435 titudinem.
323 398 359 432 S.
379 397 627 445 Augustinus,
650 397 730 433 Lib.
760 398 839 432 XIX
861 397 916 433 De
945 397 1107 433 Ciuitate
1126 400 1205 442 Dei,
1229 400 1318 446 Cap.
1339 402 1365 444 I,

80 463 117 488 n.
152 453 180 495 Ι,
216 451 432 487 edisserens
468 450 514 486 de
549 450 796 496 opinionibus
829 454 1002 486 veterum
1046 451 1366 497 philosophorum

79 505 161 540 hoec
181 503 324 540 habet:
349 517 365 536 ‹
387 504 440 539 De
461 503 603 539 finibus
622 503 724 539 enim
750 503 942 539 honorum
969 507 1006 539 et
1031 504 1224 540 malorum
1246 506 1365 542 multa

79 562 117 593 et
132 556 399 603 multipliciter
418 556 516 592 inter
529 567 569 592 se
586 555 806 602 philosophi
821 555 1068 602 disputarunt
1084 567 1092 592 :
1106 568 1223 603 quam
1239 569 1364 605 quaes-

79 611 224 646 tionem
250 610 424 645 maxima
453 610 664 645 intentione
690 612 898 654 versantes,
928 610 1095 646 invenire
1121 612 1249 646 conati
1282 616 1369 647 sunt

79 663 171 711 quid
205 662 347 699 efficiat
380 662 577 698 hominem
615 663 814 698 beatum...
848 662 899 698 De
941 662 1080 710 quibus
1116 664 1367 708 inveniendis,

80 720 195 763 atque
212 715 250 751 in
270 715 342 751 hac
364 716 442 751 vita
466 726 617 751 summo
644 715 745 751 bono
769 714 1031 763 adipiscendo,
1054 715 1209 751 vitando
1237 721 1366 752 autem

79 779 232 804 summo
260 768 379 813 malo,
409 768 588 809 multum,
621 768 718 804 sicut
753 768 844 811 dixi,
871 768 1158 813 laboraverunt,
1186 770 1249 816 qui
1287 774 1366 806 stu-

82 821 185 857 dium
206 821 405 868 sapientiae
429 821 468 855 in
490 820 605 867 hujus
633 820 761 857 saeeuli
781 820 949 857 vanitate
970 821 1131 868 professi
1157 825 1246 857 sunt
1268 833 1276 858 :
1300 834 1368 858 nec

82 877 208 910 lamen
229 884 308 917 eos,
330 874 506 921 quamvis
534 874 692 909 diversis
722 877 892 910 errantes
912 874 1054 919 modis,
1077 879 1227 910 naturae
1256 875 1366 911 limes

79 926 286 963 intantum
321 924 355 959 a!
390 925 526 961 itinere
552 926 723 962 veritatis
745 926 896 962 deviare
923 927 1113 973 permisit,
1134 930 1176 962 ut
1202 939 1279 964 non
1303 928 1367 964 alii

79 980 118 1016 in
133 979 278 1024 animm,
294 982 358 1015 alil
375 979 415 1014 iu
432 989 602 1025 corpore,
620 979 684 1015 alii
702 979 739 1014 in
751 984 909 1026 utroque
927 980 1021 1015 fines
1039 979 1231 1016 bonorum
1253 991 1368 1027 pone-

77 1034 162 1068 rent
179 1036 217 1068 et
236 1031 441 1069 malorum.
464 1033 516 1067 Ex
542 1042 619 1078 qua
647 1031 841 1078 tripartita
860 1031 961 1067 velut
981 1033 1220 1078 generalium
1242 1033 1368 1068 distri-

79 1085 235 1122 butione
254 1088 459 1128 sectarum,
475 1086 621 1121 Marcus
640 1085 759 1120 Varro
781 1085 819 1120 in
835 1085 933 1121 libro
956 1085 1001 1120 de
1019 1085 1266 1132 philosophia
1287 1090 1366 1122 tam

77 1138 242 1173 multam
262 1137 490 1184 dogmatum
510 1137 736 1173 varietatem
763 1137 967 1184 diligenter
992 1142 1029 1173 et
1055 1138 1244 1174 subtiliter
1263 1150 1367 1174 scru-

76 1193 181 1226 tatus
196 1189 372 1235 advertit,
390 1194 433 1225 ut
451 1189 499 1225 ad
517 1190 1018 1237 ducentas-octoginta-octo
1037 1195 1172 1235 sectaS,
1189 1202 1265 1226 non
1282 1202 1366 1237 quae

75 1243 156 1289 jam
176 1246 315 1284 essent,
338 1242 406 1278 sed
433 1252 521 1290 quae
541 1253 623 1278 esse
641 1245 809 1288 possent,
832 1242 1020 1278 adhibens
1046 1243 1236 1290 quasdam
1259 1244 1365 1279 diffe-

77 1295 232 1339 rentias,
252 1294 432 1330 facillime
451 1295 675 1340 perveniret.
700 1309 715 1327 ›

123 1347 183 1383 IV.
208 1347 409 1384 Sententia
433 1348 649 1384 sensistica.
671 1347 741 1390 Qui
762 1348 1073 1395 spiritualitatem
1102 1351 1138 1384 et
1168 1349 1362 1384 immorta-

75 1400 225 1436 litatem
251 1399 391 1436 animae
410 1399 593 1436 humanae
614 1399 847 1445 inficiantur,
868 1411 1024 1436 omnem
1054 1400 1224 1436 hominis
1245 1402 1362 1437 beati-

76 1452 250 1489 tudinem
276 1463 323 1488 ex
342 1453 591 1500 consequenti
615 1455 804 1499 reponunt
825 1453 863 1488 in
887 1453 1066 1489 fruitione
1086 1464 1217 1489 rerum
1235 1464 1364 1501 corpo-

75 1516 230 1542 rearum
245 1516 313 1553 per
325 1516 471 1542 sensus.
489 1506 716 1552 Huiusmodi
733 1505 888 1542 fuerunt
906 1517 953 1541 ex
973 1506 1141 1553 antiquis
1156 1507 1363 1554 Cyrenaici,

75 1559 140 1605 qui
168 1558 264 1595 duce
287 1558 481 1606 Aristippo
507 1570 732 1605 supremum
765 1559 929 1594 hominis
963 1560 1107 1595 bonum
1135 1560 1172 1595 in
1202 1571 1364 1595 sensua—

74 1610 174 1646 libus
201 1611 462 1657 voluptatibus
493 1612 744 1659 reponebant.
765 1613 807 1647 In
834 1622 952 1658 quam
974 1613 1204 1648 sententiam
1232 1616 1364 1659 postea

75 1663 354 1700 descenderunt
373 1664 563 1710 Epicurei,
586 1665 760 1712 quamvis
780 1665 967 1710 nonnulli,
988 1669 1032 1700 ut
1048 1665 1236 1711 Diogenes
1254 1665 1363 1701 La'er-

72 1716 162 1761 tius,
199 1717 354 1760 Seneca,
392 1717 625 1760 Gassendus,
661 1717 707 1753 ab
743 1717 815 1754 hac
854 1718 996 1753 brutali
1037 1722 1130 1754 nota
1160 1718 1365 1764 Epicurum

70 1769 287 1813 absolvant,
307 1769 452 1805 aientes
473 1770 602 1817 ipsum
621 1770 737 1806 tuisse
757 1771 931 1806 locutum
947 1781 1024 1806 non
1040 1770 1085 1806 de
1106 1772 1278 1818 eorporis
1298 1771 1365 1806 sed

75 1821 119 1857 de
140 1821 261 1857 animi
281 1822 489 1880 voluptate.
511 1823 582 1858 Sed
604 1822 678 1859 hac
698 1824 738 1859 in
762 1834 802 1858 re
826 1823 1040 1859 audiendus
1061 1828 1116 1859 est
1138 1825 1173 1860 S.
1196 1823 1365 1859 Thomas

78 1874 139 1921 qui
159 1875 245 1910 lect.
267 1876 295 1909 V
314 1874 352 1910 in
372 1874 620 1910 IEthicorum
636 1875 718 1911 haec
735 1875 781 1911 de
798 1876 993 1923 Epicureis
1014 1877 1142 1912 scribit
1166 1887 1173 1912 :
1198 1891 1212 1908 ‹
1240 1878 1364 1912 Etiam

75 1926 257 1972 vEpicurei,
277 1926 342 1972 qui
361 1926 599 1974 voluptatem
620 1938 817 1963 summum
836 1929 981 1964 bonum
1004 1929 1263 1973 aestimabant,
1282 1928 1364 1964 dili-

73 1982 206 2026 genter
222 1978 400 2015 colebant
416 1979 595 2024 virtutes;
620 1980 686 2015 sed
708 1985 837 2016 tamen
859 1985 1017 2027 propter
1044 1981 1294 2026 voluptatem,
1317 1992 1363 2017 ne

73 2032 216 2067 scilicet
230 2042 297 2078 per
313 2032 507 2068 contraria
520 2033 611 2068 vitia
630 2043 767 2068 eorum
781 2033 958 2079 voluptas
976 2032 1242 2080 impediretur.
1269 2034 1364 2070 Gula

73 2083 174 2120 enim
201 2094 269 2130 per
296 2083 636 2120 immoderantiam
665 2085 753 2128 cibi,
787 2085 940 2121 dolores
971 2086 1141 2131 corporis
1177 2091 1361 2133 generat3

73 2139 229 2183 propter
254 2135 402 2172 furtum
434 2137 572 2184 aliquis
603 2138 746 2174 carceri
772 2138 1030 2184 mancipatur,
1059 2142 1097 2174 et
1124 2139 1178 2175 ita
1214 2139 1365 2175 diversa

74 2187 165 2223 vitia
179 2187 432 2225 diversimode
446 2190 683 2237 voluptatem
700 2190 926 2237 impediunt.
946 2204 964 2223 »
984 2191 1034 2227 Cf.
1051 2191 1205 2239 Origen.
1224 2192 1364 2228 Contra

75 2239 234 2286 Celsum,
253 2241 332 2276 Lib.
356 2242 430 2286 VH,
453 2244 491 2278 n⁰
511 2245 568 2286 63,
592 2254 628 2290 p.
651 2244 719 2279 739
738 2243 848 2291 (Opp.
870 2244 976 2280 Tom.
997 2244 1026 2289 1,
1048 2244 1215 2287 Parisiis,
1246 2246 1360 2290 1733).

75 2293 116 2327 Et
136 2291 219 2328 haec
239 2302 262 2328 a
282 2294 318 2329 S.
335 2293 483 2330 Thoma
503 2294 549 2331 de
569 2295 763 2342 Epicureis
780 2306 961 2343 expressa
981 2297 1171 2332 sententia
1187 2299 1242 2331 est
1256 2307 1361 2332 com-

76 2345 215 2380 munis.
248 2346 299 2380 Ex
331 2347 607 2383 recentioribus
640 2359 727 2384 vero
763 2349 829 2395 qui
867 2349 1099 2385 sensismum
1135 2348 1364 2396 profitentur

75 2397 328 2444 epioni-eismo
354 2398 516 2435 libenter
538 2401 793 2446 subscribunt,
816 2406 853 2437 et
879 2402 1115 2449 voluptatem
1141 2403 1362 2439 sensibilem

167 2468 310 2495 zat-im.
327 2469 441 2496 Summa
468 2469 675 2505 philosophica.
698 2484 729 2491 -ι
745 2470 777 2497 π.
796 2471 848 2511 μζ.
1220 2468 1237 2497 2
