1584 2569
431 112 511 135 aar.
540 110 592 135 ιν.
620 109 663 135 nn
689 109 772 134 sums
798 107 1048 134 mormanus
1315 96 1379 129 165

97 185 178 232 lege
194 188 338 221 aeterna
355 182 435 227 Dei,
454 182 563 229 cujus
581 181 824 217 existentiam
838 183 904 215 aut
920 178 1096 226 explicite
1114 181 1181 212 aut
1197 176 1380 223 implicite

97 242 223 285 negat.
246 236 435 273 Probatur
453 236 592 271 minor.
1320 282 1325 288 ¹

46 286 51 290 '
142 291 205 326 Ex
222 289 372 326 ratione
391 288 704 325 conservationis.
723 287 872 323 Etenim
890 285 939 323 ad
953 285 1281 321 conservationem
1294 286 1380 317 vitae

97 343 305 389 requiritur
322 341 502 388 quaedam
524 340 777 388 providentia,
799 350 876 386 qua
892 339 1008 374 homo
1025 342 1123 373 recte
1144 336 1322 383 disponat
1336 334 1381 369 de

97 395 234 431 mediis
254 395 476 432 necessariis
496 394 544 429 ad
564 394 683 429 vitam
708 394 830 440 ipsam
854 390 1152 428 conservandam
1170 401 1177 425 z
1201 388 1383 424 ridiculus

95 449 199 484 enim
219 452 317 484 esset
340 448 405 494 qui
425 447 516 483 velit
535 457 759 482 conservare
779 446 960 492 seipsum,
982 448 1019 480 et
1038 442 1167 479 media
1192 442 1383 488 negligere

97 501 145 536 ad
164 501 279 537 talem
296 501 412 536 finem
430 500 656 537 necessaria.
675 499 789 546 Atqui
806 497 1045 546 providentia
1064 495 1206 532 nedum
1222 494 1269 530 ad
1287 504 1382 541 prae-

96 564 182 589 sens
201 553 365 589 attendit
385 553 451 589 sed
469 553 516 589 ad
537 552 666 588 futura
683 563 691 587 :
714 552 815 588 unde
833 563 877 587 ea
893 562 969 587 non
988 550 1182 586 immerito
1200 548 1384 584 resultare

97 606 237 642 dicitur
262 617 307 642 ex
333 606 516 642 memoria
542 606 842 653 praeteritorum,
869 615 915 640 ex
936 602 1192 649 intellz'yentz'a
1218 611 1383 649 praesen-

99 659 194 694 tium
218 663 255 695 et
278 670 323 694 ex
339 658 597 705 praevidentia
619 658 850 693 futurorum.
872 657 970 703 Ergo
989 656 1106 691 homo
1124 656 1210 702 jure
1237 658 1385 689 naturae

97 716 221 759 potest
240 712 313 747 sibi
333 712 503 759 legitime
526 722 730 759 procurare
753 710 893 754 media,
916 710 1055 756 quibus
1072 720 1149 744 non
1170 708 1294 743 solum
1316 717 1384 754 pro

98 765 276 810 praesenti
296 764 362 800 sed
389 765 505 800 etiam
531 775 598 811 pro
620 764 748 800 futuro
777 763 1057 800 conservationi
1080 762 1168 797 vitae
1191 771 1270 796 suae
1296 771 1384 807 pru-

97 817 318 853 dentissime
349 818 569 865 prospiciat,
605 821 659 861 ut,
693 816 797 862 quod
827 827 979 862 semper
1008 813 1160 858 accidit,
1191 814 1386 860 subjectus

97 869 154 905 vel
173 869 479 914 infirmitatibus,
501 870 558 905 vel
579 870 780 914 senectuti,
802 869 860 905 vel
878 869 962 904 aliis
982 868 1146 903 miseriis
1165 867 1303 913 quibus
1321 866 1386 900 ho·

96 922 218 958 mines
238 922 478 969 affliguntur,
507 922 647 958 habeat
669 933 715 958 ex
738 933 778 957 se
804 923 887 969 ipso
914 921 1015 956 unde
1041 921 1160 955 vitam
1185 922 1384 954 sustentet.

95 995 140 1001 -
166 975 294 1022 Neque
318 975 422 1011 dicas
448 975 647 1011 hominem
668 975 707 1011 in
735 974 808 1011 hoc
835 985 924 1010 casu
951 984 1062 1020 posse
1086 973 1252 1019 recipere
1278 970 1385 1018 adju-

96 1032 228 1064 menta
250 1028 297 1064 ab
319 1027 426 1073 aliis;
449 1039 539 1064 nam
563 1039 676 1063 nemo
698 1031 850 1063 tenetur
872 1027 918 1063 ab
946 1026 1103 1062 alterius
1123 1023 1387 1060 misericordia

97 1079 263 1126 pendere
288 1090 378 1116 cum
404 1081 525 1127 possit
551 1080 608 1116 uti
631 1080 805 1127 legitimo
825 1080 912 1126 jure
938 1089 1018 1114 suae
1044 1077 1255 1126 personalis
1281 1076 1386 1112 inde-

96 1131 326 1179 pendentiae.

141 1185 205 1220 Ex
221 1185 372 1220 ratione
382 1184 730 1231 perfectibilitatis.
750 1185 872 1220 Homo
891 1185 993 1220 enim
1011 1183 1060 1220 ad
1081 1182 1289 1231 perfectam
1307 1182 1385 1217 feli-

94 1237 253 1273 citatem
269 1238 333 1284 jus
356 1248 444 1273 cum
466 1237 619 1281 habeat,
642 1237 758 1273 habet
784 1237 899 1273 simul
918 1241 956 1273 et
977 1237 1041 1283 jus
1063 1235 1294 1283 procurandi
1315 1235 1385 1269 sibi

95 1289 362 1337 imperfectam
386 1289 492 1325 illam
514 1290 748 1333 felicitatem,
771 1300 858 1336 quoe
879 1290 917 1324 in
944 1289 1016 1325 hac
1034 1289 1112 1324 vita
1134 1288 1299 1323 obtineri
1323 1298 1386 1333 po-

96 1346 182 1378 test.
203 1341 274 1378 Sed
291 1341 339 1378 ad
355 1342 618 1389 imperfectam
635 1343 854 1379 felicitatem
872 1341 1123 1378 obtinendam
1139 1341 1386 1387 requiruntur

96 1395 265 1430 maxime
285 1395 387 1431 hona
403 1395 574 1442 spiritus,
595 1400 633 1431 et
653 1395 878 1431 secundario
898 1395 999 1431 bona
1021 1394 1193 1440 corporis
1215 1395 1263 1438 (7,
1284 1393 1329 1428 lv
1349 1398 1386 1428 et

100 1447 162 1493 V);
191 1457 277 1493 quae
301 1447 375 1483 nisi
397 1448 474 1483 sint
493 1447 648 1483 stabilia
673 1447 790 1483 homo
815 1448 1039 1483 necessitate
1060 1446 1289 1482 constrictus
1314 1445 1385 1480 sibi

96 1499 267 1546 quotidie
282 1499 537 1547 procurandae
554 1500 608 1536 rei
629 1500 842 1545 familiaris,
859 1511 1105 1547 summopere
1120 1510 1142 1535 a
1158 1499 1285 1535 studio
1305 1509 1384 1545 per-

95 1552 497 1600 fectionis‘spiritualis
517 1552 783 1600 impediretur,
802 1558 844 1589 ut
864 1564 932 1601 per
951 1553 1229 1600 experientiam
1250 1557 1385 1587 notum

95 1609 152 1641 est
169 1606 242 1650 (33,
258 1605 337 1651 ΙΙΙ).
356 1606 454 1653 Ergo
476 1616 521 1642 ex
540 1606 666 1642 officio
688 1606 853 1642 naturali
879 1617 959 1642 sese
979 1605 1200 1653 perficiendi
1225 1605 1385 1651 emergit

97 1657 136 1693 in
158 1656 314 1694 homine
327 1659 392 1705 ,ius
411 1659 635 1705 acquirendi
656 1658 810 1695 stabiles
831 1659 1098 1706 proprietates.

141 1710 205 1747 Ex
220 1715 364 1747 natura
377 1711 555 1748 humanae
564 1712 870 1758 personalitatis.
890 1712 1040 1747 Etenim
1055 1710 1103 1747 ad
1122 1711 1291 1746 hominis
1308 1721 1386 1756 per-

97 1762 341 1798 sonalitatem
355 1773 432 1799 non
449 1764 574 1799 solum
589 1764 755 1811 pertinet
769 1764 926 1811 propria
942 1764 1171 1807 substantia,
1191 1763 1255 1798 sed
1272 1763 1385 1798 etiam

97 1814 300 1862 explicatio
325 1825 404 1850 suae
428 1815 644 1852 activitatis.
671 1815 771 1863 Ergo
800 1817 899 1852 sicut
927 1815 1044 1852 homo
1070 1817 1134 1862 jus
1167 1816 1282 1851 habet
1308 1825 1385 1850 sese

99 1866 319 1914 possidendi
338 1867 467 1913 quoad
492 1868 688 1915 propriam
708 1868 979 1913 substantiam,
1005 1869 1059 1904 ita
1080 1869 1146 1914 jus
1170 1868 1287 1903 habet
1308 1878 1385 1903 sese

98 1918 319 1966 possidendi
348 1919 475 1966 quoad
510 1920 676 1967 proprioe
705 1920 910 1957 activitatis
939 1920 1252 1967 explicationem.
1285 1920 1384 1956 Inter

97 1972 191 2008 alias
211 1976 341 2008 autem
367 1973 640 2020 explicationes
665 1974 832 2021 propriae
863 1973 1066 2009 activitatis
1098 1978 1154 2009 est
1186 1973 1384 2017 industria,

98 2034 184 2070 quae
199 2025 392 2072 applicata
410 2026 462 2062 rei
479 2025 621 2071 stabili,
640 2037 662 2061 a
679 2026 831 2062 nemine
848 2025 953 2073 prius
971 2030 1180 2074 occupatae,
1199 2036 1282 2061 cam
1308 2037 1383 2073 per-

97 2077 179 2114 ficit
209 2077 410 2125 redditque
438 2078 687 2123 fructuosam,
715 2084 758 2114 ut
783 2083 840 2114 est
868 2078 1115 2114 manifestum
1139 2080 1177 2115 in
1204 2089 1384 2126 agrorum

97 2129 260 2166 cultura.
282 2129 379 2178 Ergo
398 2135 436 2167 et
455 2131 509 2168 rei
528 2131 675 2167 stabilis
693 2131 893 2178 perfectio,
915 2141 1002 2178 quae
1022 2130 1164 2179 duplex
1185 2135 1254 2175 est,
1277 2132 1384 2167 nimi·

99 2193 186 2219 rum
210 2194 435 2229 permanens
460 2189 498 2221 et
523 2195 600 2221 non
628 2184 948 2231 transportabilis,
977 2188 1019 2220 ut
1045 2189 1156 2220 terrae
1183 2185 1322 2229 cultus,
1349 2190 1382 2220 et

99 2235 292 2273 transiens
311 2242 348 2273 et
373 2238 691 2285 transportabilis,
714 2242 755 2273 ut
774 2237 933 2281 fructus,
952 2242 1009 2273 est
1028 2237 1172 2284 aliquid
1198 2237 1244 2273 de
1264 2237 1382 2272 homi·

101 2288 160 2324 nis
173 2290 457 2336 personalitate,
475 2290 651 2327 videlicet
666 2289 811 2336 aliquid
828 2290 909 2336 ejus
927 2290 1120 2326 activitate
1139 2289 1386 2337 productum.

99 2340 197 2388 Ergo
215 2352 261 2378 ex
273 2343 359 2390 jure
377 2343 543 2381 naturali
564 2354 644 2380 sese
659 2342 893 2391 possidendi,
915 2343 1128 2379 necessario
1144 2343 1306 2387 emergit
1321 2344 1381 2386 ju!
