1584 2569
477 134 556 159 Aur.
584 134 624 159 11.
651 132 695 159 nn
718 132 886 159 necessu
912 132 1108 160 CATHoLch
1366 127 1433 162 2855

148 207 295 244 cietatis
324 208 504 243 naturam
535 205 607 242 sihi
635 204 843 242 vindicare.
871 205 968 248 Quid
995 206 1029 242 si
1055 205 1239 243 increduli
1267 209 1434 254 nege-nt?

148 262 292 308 Nempe
312 269 419 296 error
437 259 494 294 vel
511 258 660 294 malitia
676 268 811 296 eorum
828 269 906 294 non
923 258 1065 295 minuit
1080 259 1296 305 veritatem,
1311 271 1435 307 neque

147 312 347 351 catholicae
366 311 541 348 Ecclesiae
557 311 645 358 jura
663 310 838 348 destruit.

194 367 240 403 11.
257 366 428 403 Ecclesia
438 365 581 401 Christi
594 368 654 402 est
664 366 830 403 societas
843 366 1075 403 necessaria.
1091 365 1260 402 Societas
1269 365 1336 402 illa
1347 366 1437 402 diei-

147 424 212 456 tur
228 419 445 456 necessaria
465 429 487 453 a
508 428 585 465 qua
606 419 686 454 sine
706 418 820 466 culpa
840 418 987 455 homini
1006 418 1221 455 voluntarie
1245 418 1436 455 abstinere

147 483 226 510 non
244 472 346 517 licet,
369 471 531 507 societas
547 481 636 508 vero
652 470 774 508 libera
793 482 858 508 seu
876 471 1100 508 voluntaria
1119 471 1185 508 illa
1200 476 1258 508 est
1277 472 1339 509 cui
1356 483 1437 509 sese

149 524 391 563 adscribendi
419 525 525 561 nulla
553 523 672 561 homo
703 524 938 571 obligatione
965 524 1234 571 obstringitur.
1268 525 1438 561 Dicimus

150 583 280 616 autem
309 579 347 614 in
373 578 447 614 hoc
472 588 586 614 sensu
612 577 821 614 Ecclesiam
847 576 1078 613 catholicam
1105 587 1187 613 esse
1214 578 1437 615 societatem

149 631 422 675 necessat-ianm,-
437 634 474 667 et
493 631 694 678 probatur.
712 630 843 667 Sciunt
859 630 960 666 enim
980 629 1161 667 catholici
1179 641 1314 667 omnes
1329 634 1437 667 extra

149 685 354 722 Ecclesiam
375 683 513 719 Christi
535 683 698 719 salutem
719 687 903 720 aeternam
930 683 1094 719 obtineri
1116 694 1193 720 non
1220 694 1354 731 posse;
1385 684 1439 719 ita

151 748 288 785 nempe
308 740 350 773 ut
369 738 435 783 qui
458 741 567 773 extra
590 736 797 773 Ecclesiam
824 735 964 773 Christi
988 736 1203 773 voluntarie
1223 741 1326 781 sunt,
1349 748 1437 785 sup-

150 791 272 840 pliciis
290 791 446 827 aeternis
468 789 726 835 damnentur;
748 789 812 837 qui
832 800 920 826 vero
941 790 1194 826 involuntarie
1215 790 1295 837 ejus
1316 801 1438 827 mem-

150 846 220 882 bra
250 854 329 880 non
364 847 466 886 sunt,
502 843 638 879 saltem
672 842 720 879 ab
751 842 888 879 ultimo
920 843 1011 888 fine,
1045 842 1118 879 hoc
1150 847 1206 879 est
1238 854 1261 879 a
1294 843 1438 880 visione

152 898 289 935 divinae
309 896 486 932 essentiae
508 900 722 932 arceantur.
745 895 861 943 Atqui
887 896 1049 932 societas
1077 899 1186 931 extra
1210 906 1330 943 quam
1356 895 1431 934 ultt

149 962 237 989 mus
255 950 341 987 finis
361 949 543 984 humanae
562 949 648 984 vitae
669 949 832 984 obtineri
855 949 987 996 nequit
1007 951 1064 984 est
1083 949 1246 985 societas
1266 960 1440 987 necessa·-

149 1006 222 1041 ria.
242 1004 342 1050 Ergo
363 1002 449 1038 talis
470 1006 526 1037 est
545 1001 712 1038 Ecclesia
732 1001 886 1037 Christi.

196 1057 264 1093 111.
277 1055 448 1093 Ecclesia
462 1054 655 1092 catholica
671 1058 732 1090 est
749 1055 915 1091 societas
933 1055 1121 1100 perfecta.
1137 1054 1195 1092 Ad
1215 1056 1440 1092 societatem

148 1110 357 1158 perfectam
384 1111 551 1154 quatuor
579 1107 819 1144 conditiones
848 1108 1124 1155 requiruntur:
1155 1111 1191 1144 1⁰
1217 1112 1259 1144 ut
1287 1119 1364 1145 non
1391 1109 1439 1145 sit

150 1161 305 1210 proprie
332 1171 421 1208 pars
447 1159 603 1196 alterius
630 1170 638 1195 :
666 1170 774 1196 secus
800 1161 902 1195 enim
928 1170 1003 1195 non
1031 1160 1090 1196 sui
1112 1160 1208 1207 juris
1232 1165 1345 1203 esset,
1374 1161 1439 1197 sed

153 1215 310 1252 alterius
338 1213 447 1260 cujus
476 1216 575 1248 esset
606 1223 709 1259 pars,
736 1212 848 1258 juxta
880 1212 974 1248 illud
1004 1213 1043 1248 in
1072 1213 1214 1249 scholis
1240 1213 1439 1261 vulgatum

152 1268 334 1316 adagium
357 1277 364 1302 :
384 1276 493 1312 pars,
515 1269 632 1301 totum
658 1265 701 1301 id
724 1265 825 1312 quod
849 1269 914 1308 est,
944 1267 1059 1301 totius
1079 1270 1154 1309 est;
1175 1286 1220 1293 —
1240 1268 1279 1302 2⁰
1299 1271 1342 1302 ut
1361 1266 1441 1313 ejus

153 1321 239 1358 finis
258 1331 334 1357 non
356 1320 417 1362 sit,
434 1320 473 1355 in
487 1318 624 1355 eodem
647 1329 797 1365 genere,
820 1318 979 1355 alterius
1002 1318 1198 1355 societatis
1220 1320 1288 1356 fini
1309 1320 1441 1356 subor-

153 1375 309 1411 dinatus
331 1383 339 1408 :
362 1383 470 1408 secus
492 1376 590 1408 esset
615 1371 774 1407 alterius
799 1381 904 1418 pars,
925 1371 983 1407 vel
1009 1372 1120 1419 quasi
1139 1383 1253 1420 pars;
1277 1392 1324 1399 -
1344 1374 1380 1408 30
1403 1377 1442 1408 ut

147 1426 322 1473 gaudeat
340 1423 652 1472 independentia,
668 1434 744 1471 qua
762 1434 844 1460 sese
862 1424 901 1460 in
923 1425 1038 1460 finem
1056 1425 1257 1472 proprium
1276 1425 1440 1472 dirigat;

151 1500 198 1506 -
217 1481 256 1516 4⁰
274 1483 316 1514 ut
335 1478 376 1515 in
392 1488 432 1514 se
450 1477 534 1524 ipsa
550 1481 829 1524 consequenter
849 1476 990 1513 habeat
1010 1477 1139 1514 media
1157 1479 1373 1515 necessaria
1392 1479 1442 1515 ad

153 1533 213 1569 sui
237 1530 567 1568 conservationem
593 1533 631 1565 et
655 1529 968 1566 consecutionem
996 1530 1140 1578 proprii
1170 1531 1270 1567 finis.
1297 1551 1343 1558 —-
1369 1532 1442 1568 Has

152 1584 393 1621 conditiones
412 1582 558 1619 indicat
577 1582 615 1618 S.
632 1581 800 1618 Thomas
817 1583 902 1628 1-11‚
925 1582 993 1625 Qu.
1012 1583 1084 1628 XC,
1104 1583 1221 1619 Artic.
1241 1585 1303 1629 111,
1325 1584 1375 1620 ad
1396 1585 1415 1620 3
1432 1595 1441 1619 ι

153 1648 251 1686 quas
287 1637 445 1684 quidem
485 1635 725 1672 conditiones
763 1636 794 1672 si
836 1636 1008 1672 intimius
1046 1642 1279 1682 scrutemur,
1321 1638 1443 1673 mani-

152 1691 292 1728 festum
327 1690 399 1726 erit
430 1688 479 1725 ad
514 1698 632 1724 unam
665 1688 917 1735 principalem
955 1688 1102 1734 reduci,
1141 1700 1164 1725 a
1195 1700 1273 1736 qua
1306 1693 1436 1726 cetera

154 1753 289 1779 omnes
308 1742 491 1790 pendent,
517 1751 655 1787 nempe
683 1741 731 1777 ad
754 1741 879 1788 finem,
905 1752 951 1777 ex
977 1752 1054 1788 quo
1078 1741 1239 1778 societas
1266 1742 1444 1788 quaelibet

155 1805 267 1832 suam
290 1794 408 1831 habet
428 1796 610 1830 naturam
633 1796 670 1830 et
689 1794 901 1841 propriam,
923 1797 966 1829 ut
994 1794 1048 1829 ita
1073 1794 1211 1836 dicam,
1233 1794 1442 1840 personali-

154 1852 289 1884 tatem.
311 1846 378 1884 Ubi
399 1846 502 1882 enim
521 1846 613 1893 finis
636 1846 750 1881 unius
767 1846 961 1882 societatis
981 1846 1048 1881 tini
1070 1845 1228 1882 alterius
1251 1847 1443 1882 societatis

155 1911 233 1937 non
253 1899 529 1937 subordinatur
548 1899 587 1934 in
607 1898 743 1934 eodem
764 1908 915 1945 genere,
936 1898 1019 1944 Jam
1045 1909 1123 1934 una
1149 1899 1311 1934 societas
1337 1899 1444 1935 inde-

155 1953 326 2002 pendens
356 1953 404 1989 ab
430 1952 506 1989 alia
533 1956 603 1996 est,
626 1952 684 1987 sui
706 1951 804 1998 juris
832 1954 868 1987 et
896 1961 972 1986 non
999 1962 1088 1998 pars
1113 1962 1238 1998 neque
1267 1951 1438 1988 medium

156 2006 314 2043 alterius
333 2005 541 2050 societatis,
566 2009 604 2040 et
629 2006 805 2040 censetur
829 2004 958 2040 media
984 2003 1124 2040 habere
1150 2004 1365 2040 necessaria
1394 2005 1443 2041 ad

155 2069 268 2096 suam
287 2059 628 2095 conservationem.
645 2077 690 2083 —-
706 2057 822 2104 Atqui
838 2056 929 2104 finis
948 2056 1121 2093 Ecclesiae
1142 2056 1284 2093 Christi
1301 2068 1309 2092 :
1331 2059 1368 2092 10
1387 2062 1443 2093 est

156 2122 374 2160 supremus,
401 2112 494 2159 quia
522 2115 580 2147 est
608 2110 826 2147 consecutio
856 2114 1009 2146 aeternae
1036 2110 1147 2155 vitae;
1175 2129 1217 2136 —
1243 2111 1282 2144 2⁰
1300 2114 1337 2146 et
1356 2110 1442 2146 ideo

156 2176 236 2202 non
268 2165 393 2202 solum
428 2165 495 2201 fini
528 2164 684 2201 alterius
716 2163 909 2200 societatis
943 2163 1126 2200 humanae
1160 2174 1238 2199 non
1269 2163 1443 2199 subordi-

156 2221 282 2264 natur,
314 2218 381 2255 sed
408 2218 488 2254 imo
518 2218 606 2254 finis
638 2217 820 2253 humanae
849 2216 1045 2253 societatis
1073 2221 1130 2253 est
1161 2216 1363 2252 ordinatus
1394 2216 1440 2252 ad

159 2272 275 2307 finem
295 2270 470 2307 Ecclesiae
491 2282 499 2307 ε
522 2270 571 2307 ad
594 2269 692 2306 nihil
717 2270 821 2306 enim
843 2269 970 2306 valent
990 2269 1093 2305 bona
1112 2269 1282 2313 socialia,
1308 2269 1340 2305 si
1360 2269 1444 2315 ipsa

120 2322 124 2348 ἒ
160 2335 237 2360 non
257 2323 404 2360 homini
424 2324 634 2360 inserviant
648 2322 697 2359 ad
717 2322 880 2358 salutern
901 2327 1087 2359 aeternam
1106 2320 1442 2369 consequendam:

153 2395 206 2422 ,-
232 2377 269 2411 30
295 2378 332 2413 et
359 2376 408 2412 ad
437 2376 539 2413 hunc
565 2386 677 2412 suum
702 2375 818 2411 tinem
844 2374 1172 2421 consequendum,
1195 2384 1265 2411 nec
1290 2384 1369 2410 non
1395 2371 1442 2409 ad

250 2453 391 2481 ΖισιιΔιΑ.
409 2453 524 2479 Summa
549 2452 651 2486 philon.
672 2466 705 2472 —
721 2452 752 2478 ¹1¹.
773 2452 820 2479 111.
1264 2435 1301 2464 ¹9
