1584 2569
660 110 832 137 APPENDIX
1326 103 1394 139 325

102 187 263 225 humani
287 186 491 233 compositi
513 195 559 221 ex
584 185 715 220 anima
735 183 912 220 rationali
933 188 970 221 et
995 184 1170 221 materia.
1193 185 1321 221 Placet
1347 197 1394 222 ne

100 240 255 278 Auctori
281 242 412 275 nostro
439 238 521 274 haec
540 237 749 283 conclusio,
771 248 857 284 quae
876 239 988 274 unice
1011 237 1207 274 descendit
1227 250 1272 274 ex
1297 250 1393 287 prze-

101 293 253 331 missis?
280 291 417 329 Procul
449 291 567 327 dubio
594 291 736 338 placet,
764 291 855 337 quia
886 291 1145 338 compositum
1175 291 1392 328 humanum

100 345 349 385 constituitur
377 355 422 380 ex
455 344 586 380 anima
619 348 656 380 et
687 344 861 381 materia.
887 364 932 370 —
954 344 1009 379 Ex
1037 343 1096 379 his
1128 344 1245 380 etiam
1277 355 1393 392 appa-

101 406 159 438 ret
183 399 374 436 rationem
400 396 515 443 hujus
529 396 657 443 primi
675 397 931 444 consequentis
952 396 1125 433 habitam
1146 408 1169 433 a
1190 408 1252 433 me
1278 397 1394 434 fuisse

102 455 139 490 in
174 450 422 500 responsione
458 449 548 485 data
585 450 623 485 in
658 449 910 497 Psychologia
948 450 1020 495 (16,
1058 450 1118 493 XI,
1155 449 1204 486 ad
1242 452 1288 495 1),
1327 451 1393 486 ubi

100 505 258 543 distinxi
277 513 414 549 corpus
434 513 457 538 a
473 513 632 549 corpore
649 502 815 538 humano
832 506 870 538 et
886 506 1035 550 partem
1052 503 1229 549 corporis
1247 503 1393 551 simpli-

100 559 194 596 citer
212 569 235 594 a
250 560 358 604 parte
378 556 583 602 compositi
602 555 777 591 humani.

147 611 418 649 SUBSUMPTUM.
436 609 483 644 Id
495 619 614 654 porro
629 619 854 654 concoquere
864 619 939 645 non
953 609 1131 646 valemus.
1150 610 1293 646 Anima
1309 611 1391 656 qui-

99 665 180 701 dem
195 661 404 700 rationalis
421 665 473 697 est
486 671 583 707 pars
601 661 782 705 hominis,
801 666 842 697 at
857 661 987 708 nequit
1007 672 1082 697 esse
1095 673 1195 708 pars
1216 663 1392 709 eorporis

98 728 163 754 seu
176 725 365 763 corporeae
379 713 616 750 substantioe.
635 714 873 761 Hujusmodi
884 716 984 750 enim
995 726 1092 761 pars
1109 720 1142 750 et
1158 716 1244 761 ipsa
1261 727 1391 762 corpo-

99 781 164 807 rea
185 773 250 812 est,
271 778 337 804 nec
361 766 487 802 nihilo
502 767 712 813 perfectior
731 778 899 813 corpore.
926 767 1014 804 Ideo
1037 769 1179 804 Auctor
1198 768 1235 803 id
1257 779 1394 805 conco-

98 833 215 870 quere
240 832 318 858 non
337 820 435 856 valet
456 820 546 866 quia
571 820 711 855 iterum
732 820 933 856 confundit
952 831 1090 868 corpus
1110 822 1337 868 simpliciter
1356 828 1395 858 et

99 875 286 912 exclusive
304 877 346 909 ut
364 883 502 920 corpus
519 883 607 908 cum
627 883 782 919 corpore
796 873 975 918 humano,
993 878 1030 910 et
1047 875 1230 922 supponit
1244 886 1266 910 a
1282 875 1394 911 nobis

98 927 284 965 affirmari
321 926 493 961 animam
527 925 755 961 rationalem
797 937 876 962 esse
919 930 1068 974 partem
1111 928 1286 973 corporis
1330 939 1394 964 seu

98 990 288 1028 corporeae
303 978 532 1014 substantioe
554 977 749 1014 distinctae
769 978 924 1015 realiter
942 979 990 1015 ab
1010 979 1077 1016 illa
1096 990 1280 1026 corporea
1304 981 1391 1016 sub-

99 1034 252 1078 stantia,
271 1041 357 1078 quae
374 1035 431 1066 est
448 1030 695 1077 compositum
709 1031 1000 1068 humanum'seu
1018 1032 1150 1068 homo.
1167 1033 1244 1069 Hoc
1262 1038 1391 1069 autem

99 1087 290 1123 affirmare
328 1094 542 1130 numquam
584 1084 874 1120 somniavimus.
915 1083 987 1120 Sed
1033 1095 1120 1122 cum
1166 1085 1203 1121 S.
1245 1086 1393 1122 Thomu

99 1139 264 1176 dicimus
283 1137 454 1173 animam
474 1136 702 1172 rationalem
724 1147 803 1172 esse
823 1141 973 1184 partem
995 1148 1081 1183 quae
1102 1148 1179 1174 una
1199 1149 1286 1174 cum
1311 1150 1392 1175 ma-

100 1192 194 1228 teria
219 1190 345 1238 prima
374 1188 596 1225 immediate
623 1190 822 1224 constituit
850 1190 1106 1226 substantiam
1134 1192 1391 1238 compositam

101 1255 182 1290 quae
209 1247 265 1280 est
290 1243 423 1286 homo,
446 1242 484 1276 in
511 1252 587 1288 quo
618 1242 771 1277 nonnisi
800 1253 868 1289 per
895 1243 1085 1279 rationem
1115 1243 1392 1291 distinguimus

96 1296 299 1343 multiplex
327 1305 415 1339 esse,
449 1304 587 1341 nempe
620 1304 700 1329 esse
729 1294 948 1340 spirituale,
980 1305 1059 1331 esse
1093 1296 1274 1342 animale,
1310 1308 1391 1332 esse

98 1349 268 1396 ileyetale,
293 1358 374 1384 esse
394 1357 626 1393 corporeum.
646 1346 744 1394 Ergo
765 1358 811 1383 ex
832 1348 1040 1394 praemissis
1061 1349 1186 1384 solum
1214 1349 1391 1385 concludi

98 1406 222 1448 potest
238 1400 342 1448 quod
362 1400 493 1436 anima
509 1400 720 1445 rationalis,
741 1410 827 1447 quae
842 1405 899 1437 est
912 1401 1134 1447 formaliter
1149 1403 1390 1448 spiritualis,

95 1456 144 1491 sit
159 1456 364 1491 eminenter
383 1463 579 1500 corporea,
599 1457 788 1500 quatenus
808 1458 934 1500 potest
954 1465 1023 1501 per
1038 1455 1203 1501 seipsam
1224 1456 1391 1492 tribuere

93 1519 169 1544 esse
188 1507 283 1544 illud
306 1517 535 1554 corporeum
553 1506 657 1553 quod
677 1510 733 1543 est
750 1508 958 1553 proprium
984 1507 1167 1553 hominis,
1186 1509 1284 1545 sicut
1305 1510 1390 1545 aliae

93 1561 229 1597 formae
254 1559 480 1606 simpliciter
499 1559 717 1595 materiales
744 1559 920 1596 tribuunt
946 1571 1027 1596 esse
1048 1560 1142 1596 illud
1160 1572 1389 1609 corporeum

93 1612 199 1660 quod
219 1617 277 1649 est
299 1612 505 1659 proprium
531 1622 659 1648 rerum
686 1622 972 1659 corporearum,
1001 1617 1042 1648 ut
1062 1624 1151 1649 cum
1182 1613 1218 1649 S.
1241 1614 1390 1650 Thoma

93 1665 368 1714 explicavimus
390 1664 541 1711 (Psych.
564 1666 620 1709 16,
642 1665 671 1699 X
691 1669 727 1700 et
750 1665 826 1710 xl).
846 1665 933 1701 Haec
959 1665 1123 1702 dicimus
1151 1678 1239 1702 cum
1266 1669 1388 1714 Ange-

93 1719 180 1763 lico,
211 1718 294 1753 haec
321 1717 397 1763 legi
427 1721 588 1763 possunt
616 1716 655 1751 in
685 1718 817 1763 quovis
842 1721 997 1753 auctore
1024 1718 1260 1765 thomitisco,
1284 1725 1321 1755 et
1342 1732 1388 1756 ne

93 1769 317 1807 consodales
349 1779 455 1804 meos
487 1769 602 1804 citem
638 1769 792 1804 remitto
821 1770 1025 1806 Auctorem
1059 1771 1107 1807 ad
1143 1771 1388 1809 doctissimos

92 1822 302 1860 confratres
329 1832 433 1866 suos,
461 1820 588 1857 adhuc
607 1821 785 1867 viventes,
816 1822 1048 1868 Liberatore,
1078 1824 1278 1871 Kleutgen,
1302 1825 1389 1861 Cor-

92 1874 212 1920 noldi,
245 1874 312 1921 qui
343 1873 546 1921 splendore
581 1873 766 1910 doctrinae
804 1879 893 1910 sunt
926 1880 1198 1912 ornamentum
1236 1878 1388 1925 inclytae

35 1949 39 1951 λ
92 1927 293 1964 Societatis
314 1926 417 1962 Jesu.
438 1946 482 1952 --
505 1925 578 1962 Sed
599 1926 715 1962 instat
736 1927 889 1972 Auctor,
910 1927 968 1963 sic
993 1929 1222 1974 respondens
1243 1930 1387 1966 relabi-

91 1986 155 2016 ίαν
180 1981 222 2015 in
249 1979 473 2016 sententiam
492 1979 739 2015 scotisticam.
765 1979 913 2021 Quare?
940 1980 1041 2017 Nam
1072 1982 1312 2029 assignanda
1335 1989 1389 2019 est

92 2034 219 2080 utique
249 2032 380 2078 forma
408 2043 484 2078 qua
515 2032 632 2067 simul
662 2043 745 2068 cum
774 2034 937 2068 materia
966 2033 1101 2080 prima
1131 2036 1388 2072 constituatur

91 2085 294 2122 intrinsece
311 2095 448 2130 cor-,nus
466 2085 697 2130 liu-manum;
715 2095 851 2132 corpus
868 2085 967 2121 enirn
981 2097 1026 2123 ex
1038 2087 1183 2123 duobus
1198 2089 1385 2125 elementis

90 2137 342 2174 essentialiter
357 2137 541 2183 exsurgit,
561 2138 723 2173 materia
743 2142 776 2173 et
793 2138 922 2183 forma
942 2149 1025 2185 quoe
1044 2141 1386 2178 communicatione

89 2201 168 2226 suoe
182 2191 351 2226 essentiae
367 2191 565 2226 constituit
579 2200 661 2225 cum
681 2192 845 2226 materia
862 2201 1012 2238 corpus.
1031 2212 1076 2218 -
1091 2193 1183 2229 Vere
1198 2194 1237 2228 in
1255 2195 1385 2230 anima

90 2242 262 2278 humana
282 2242 523 2289 assignamus
544 2242 649 2278 illam
677 2242 841 2278 sormam
868 2254 944 2290 qua
963 2244 1079 2280 simul
1105 2256 1193 2281 cum
1223 2248 1387 2283 materia

91 2295 216 2342 prima
234 2295 484 2330 constituitur
512 2306 648 2341 corpus
675 2295 894 2340 humanum,
915 2297 1126 2342 quodlicet
1152 2308 1291 2345 corpus
1321 2300 1383 2344 sit,

91 2358 167 2385 non
184 2347 301 2384 habet
320 2347 445 2384 solum
466 2359 541 2384 esse
558 2358 800 2395 corporeum,
821 2349 911 2396 quia
931 2361 1005 2386 esse
1028 2351 1200 2398 corporis
1224 2351 1385 2389 humani
