<?xml version="1.0" encoding="UTF-8"?>
<!DOCTYPE html PUBLIC "-//W3C//DTD XHTML 1.0 Transitional//EN"
    "http://www.w3.org/TR/xhtml1/DTD/xhtml1-transitional.dtd">
<html xmlns="http://www.w3.org/1999/xhtml" xml:lang="en" lang="en">
 <head>
  <title>
</title>
<meta http-equiv="Content-Type" content="text/html;charset=utf-8" />
  <meta name='ocr-system' content='tesseract 3.04.00' />
  <meta name='ocr-capabilities' content='ocr_page ocr_carea ocr_par ocr_line ocrx_word'/>
</head>
<body>
  <div class='ocr_page' id='page_1' title='image "./summaphilosophic03zigluoft_0313.png"; bbox 0 0 1584 2569; ppageno 0'>
   <div class='ocr_carea' id='block_1_1' title="bbox 423 144 1432 182">
    <p class='ocr_par' dir='ltr' id='par_1_1' title="bbox 423 144 1432 182">
     <span class='ocr_line' id='line_1_1' title="bbox 423 144 1432 182; baseline -0.003 -1"><span class='ocrx_word' id='word_1_1' title='bbox 423 156 505 181; x_wconf 68' lang='grc' dir='ltr'>ΑΜ.</span> <span class='ocrx_word' id='word_1_2' title='bbox 525 156 564 182; x_wconf 92' lang='lat'>11.</span> <span class='ocrx_word' id='word_1_3' title='bbox 584 155 628 180; x_wconf 68' lang='lat' dir='ltr'>ni:</span> <span class='ocrx_word' id='word_1_4' title='bbox 645 154 837 180; x_wconf 67' lang='lat' dir='ltr'>mannum</span> <span class='ocrx_word' id='word_1_5' title='bbox 855 154 1091 180; x_wconf 64' lang='lat' dir='ltr'>cochxsxma’³</span> <span class='ocrx_word' id='word_1_6' title='bbox 1369 144 1432 179; x_wconf 81' lang='lat'>303</span> 
     </span>
    </p>
   </div>
   <div class='ocr_carea' id='block_1_2' title="bbox 149 225 1446 2433">
    <p class='ocr_par' dir='ltr' id='par_1_2' title="bbox 149 225 1438 1223">
     <span class='ocr_line' id='line_1_2' title="bbox 150 225 1433 274; baseline -0.003 -9"><span class='ocrx_word' id='word_1_7' title='bbox 150 228 318 265; x_wconf 81' lang='lat' dir='ltr'>scientiae</span> <span class='ocrx_word' id='word_1_8' title='bbox 338 230 394 264; x_wconf 87' lang='lat' dir='ltr'>est</span> <span class='ocrx_word' id='word_1_9' title='bbox 411 227 488 274; x_wconf 90' lang='lat' dir='ltr'>jus,</span> <span class='ocrx_word' id='word_1_10' title='bbox 510 231 577 264; x_wconf 90' lang='lat' dir='ltr'>aut</span> <span class='ocrx_word' id='word_1_11' title='bbox 599 238 676 264; x_wconf 90' lang='lat' dir='ltr'>non</span> <span class='ocrx_word' id='word_1_12' title='bbox 697 231 766 264; x_wconf 89' lang='lat' dir='ltr'>est.</span> <span class='ocrx_word' id='word_1_13' title='bbox 793 227 830 263; x_wconf 93' lang='lat' dir='ltr'>Si</span> <span class='ocrx_word' id='word_1_14' title='bbox 857 237 933 263; x_wconf 89' lang='lat' dir='ltr'>non</span> <span class='ocrx_word' id='word_1_15' title='bbox 953 229 1023 270; x_wconf 89' lang='lat' dir='ltr'>est,</span> <span class='ocrx_word' id='word_1_16' title='bbox 1051 236 1119 262; x_wconf 88' lang='lat' dir='ltr'>cur</span> <span class='ocrx_word' id='word_1_17' title='bbox 1143 225 1433 273; x_wconf 78' lang='lat' dir='ltr'>proclamatur?</span> 
     </span>
     <span class='ocr_line' id='line_1_3' title="bbox 151 278 1433 327; baseline -0.002 -10"><span class='ocrx_word' id='word_1_18' title='bbox 151 282 189 317; x_wconf 90' lang='lat' dir='ltr'>Si</span> <span class='ocrx_word' id='word_1_19' title='bbox 210 283 338 317; x_wconf 87' lang='lat' dir='ltr'>autem</span> <span class='ocrx_word' id='word_1_20' title='bbox 359 284 429 325; x_wconf 87' lang='lat' dir='ltr'>est,</span> <span class='ocrx_word' id='word_1_21' title='bbox 448 291 516 316; x_wconf 88' lang='lat' dir='ltr'>cur</span> <span class='ocrx_word' id='word_1_22' title='bbox 535 280 754 316; x_wconf 80' lang='lat' dir='ltr'>limitatur?</span> <span class='ocrx_word' id='word_1_23' title='bbox 774 280 814 315; x_wconf 91' lang='lat' dir='ltr'>In</span> <span class='ocrx_word' id='word_1_24' title='bbox 837 279 913 327; x_wconf 58' lang='lat' dir='ltr'>goia</span> <span class='ocrx_word' id='word_1_25' title='bbox 932 278 1162 314; x_wconf 81' lang='lat' dir='ltr'>limitatione</span> <span class='ocrx_word' id='word_1_26' title='bbox 1183 281 1258 314; x_wconf 87' lang='lat' dir='ltr'>stat</span> <span class='ocrx_word' id='word_1_27' title='bbox 1279 280 1433 325; x_wconf 85' lang='lat' dir='ltr'>praecise</span> 
     </span>
     <span class='ocr_line' id='line_1_4' title="bbox 149 330 1434 377; baseline -0.003 -7"><span class='ocrx_word' id='word_1_28' title='bbox 149 332 400 370; x_wconf 82' lang='lat' dir='ltr'>contradictio</span> <span class='ocrx_word' id='word_1_29' title='bbox 439 332 684 369; x_wconf 82' lang='lat' dir='ltr'>defensorum</span> <span class='ocrx_word' id='word_1_30' title='bbox 718 332 908 368; x_wconf 84' lang='lat' dir='ltr'><strong>libertatis</strong></span> <span class='ocrx_word' id='word_1_31' title='bbox 946 330 1202 367; x_wconf 81' lang='lat' dir='ltr'>conscientiae.</span> <span class='ocrx_word' id='word_1_32' title='bbox 1237 330 1434 377; x_wconf 85' lang='lat' dir='ltr'>Siquidem</span> 
     </span>
     <span class='ocr_line' id='line_1_5' title="bbox 150 383 1434 433; baseline -0.001 -12"><span class='ocrx_word' id='word_1_33' title='bbox 150 386 222 430; x_wconf 86' lang='lat' dir='ltr'>ipsi</span> <span class='ocrx_word' id='word_1_34' title='bbox 249 385 474 433; x_wconf 85' lang='lat' dir='ltr'>religionem</span> <span class='ocrx_word' id='word_1_35' title='bbox 503 384 648 421; x_wconf 91' lang='lat' dir='ltr'>nedum</span> <span class='ocrx_word' id='word_1_36' title='bbox 680 384 948 433; x_wconf 65' lang='lat' dir='ltr'>praescribunt,</span> <span class='ocrx_word' id='word_1_37' title='bbox 978 383 1045 420; x_wconf 91' lang='lat' dir='ltr'>sed</span> <span class='ocrx_word' id='word_1_38' title='bbox 1075 383 1260 420; x_wconf 87' lang='lat' dir='ltr'>violenter</span> <span class='ocrx_word' id='word_1_39' title='bbox 1285 394 1434 430; x_wconf 87' lang='lat' dir='ltr'>quoque</span> 
     </span>
     <span class='ocr_line' id='line_1_6' title="bbox 150 437 1434 485; baseline -0.002 -11"><span class='ocrx_word' id='word_1_40' title='bbox 150 439 354 485; x_wconf 86' lang='lat' dir='ltr'>imponunt</span> <span class='ocrx_word' id='word_1_41' title='bbox 372 441 547 485; x_wconf 86' lang='lat' dir='ltr'>respectu</span> <span class='ocrx_word' id='word_1_42' title='bbox 576 437 705 485; x_wconf 83' lang='lat' dir='ltr'>legum</span> <span class='ocrx_word' id='word_1_43' title='bbox 726 438 908 482; x_wconf 89' lang='lat' dir='ltr'>civilium,</span> <span class='ocrx_word' id='word_1_44' title='bbox 937 440 1113 484; x_wconf 89' lang='lat' dir='ltr'>respectu</span> <span class='ocrx_word' id='word_1_45' title='bbox 1142 437 1267 483; x_wconf 84' lang='lat' dir='ltr'>Regis,</span> <span class='ocrx_word' id='word_1_46' title='bbox 1294 441 1366 472; x_wconf 80' lang='lat' dir='ltr'>etc.</span> <span class='ocrx_word' id='word_1_47' title='bbox 1389 437 1434 473; x_wconf 76' lang='lat' dir='ltr'>At</span> 
     </span>
     <span class='ocr_line' id='line_1_7' title="bbox 151 490 1435 539; baseline -0.002 -12"><span class='ocrx_word' id='word_1_48' title='bbox 151 501 273 538; x_wconf 86' lang='lat' dir='ltr'>neque</span> <span class='ocrx_word' id='word_1_49' title='bbox 292 490 394 538; x_wconf 87' lang='lat' dir='ltr'>leges</span> <span class='ocrx_word' id='word_1_50' title='bbox 416 491 556 535; x_wconf 86' lang='lat' dir='ltr'>civiles,</span> <span class='ocrx_word' id='word_1_51' title='bbox 577 501 699 539; x_wconf 89' lang='lat' dir='ltr'>neque</span> <span class='ocrx_word' id='word_1_52' title='bbox 731 501 810 534; x_wconf 82' lang='lat' dir='ltr'>rex,</span> <span class='ocrx_word' id='word_1_53' title='bbox 833 500 956 537; x_wconf 88' lang='lat' dir='ltr'>neque</span> <span class='ocrx_word' id='word_1_54' title='bbox 976 490 1059 537; x_wconf 87' lang='lat' dir='ltr'>ipsa</span> <span class='ocrx_word' id='word_1_55' title='bbox 1084 490 1247 525; x_wconf 87' lang='lat' dir='ltr'>societas</span> <span class='ocrx_word' id='word_1_56' title='bbox 1267 492 1355 525; x_wconf 90' lang='lat' dir='ltr'>sunt</span> <span class='ocrx_word' id='word_1_57' title='bbox 1377 501 1435 525; x_wconf 81' lang='lat' dir='ltr'>su-</span> 
     </span>
     <span class='ocr_line' id='line_1_8' title="bbox 151 543 1435 592; baseline -0.002 -12"><span class='ocrx_word' id='word_1_58' title='bbox 151 555 220 592; x_wconf 87' lang='lat' dir='ltr'>pra</span> <span class='ocrx_word' id='word_1_59' title='bbox 240 544 374 588; x_wconf 89' lang='lat' dir='ltr'>Deum,</span> <span class='ocrx_word' id='word_1_60' title='bbox 394 554 469 590; x_wconf 88' lang='lat' dir='ltr'>quo</span> <span class='ocrx_word' id='word_1_61' title='bbox 491 544 699 585; x_wconf 86' lang='lat' dir='ltr'>subtracto,</span> <span class='ocrx_word' id='word_1_62' title='bbox 726 547 853 579; x_wconf 84' lang='lat' dir='ltr'>cetera</span> <span class='ocrx_word' id='word_1_63' title='bbox 881 543 1013 579; x_wconf 88' lang='lat' dir='ltr'>omnia</span> <span class='ocrx_word' id='word_1_64' title='bbox 1035 546 1230 588; x_wconf 83' lang='lat' dir='ltr'>corruunt,</span> <span class='ocrx_word' id='word_1_65' title='bbox 1253 545 1289 578; x_wconf 86' lang='lat' dir='ltr'>et</span> <span class='ocrx_word' id='word_1_66' title='bbox 1309 553 1435 578; x_wconf 88' lang='lat' dir='ltr'>mora-</span> 
     </span>
     <span class='ocr_line' id='line_1_9' title="bbox 150 595 1434 643; baseline -0.002 -10"><span class='ocrx_word' id='word_1_67' title='bbox 150 598 237 633; x_wconf 81' lang='lat' dir='ltr'>litas</span> <span class='ocrx_word' id='word_1_68' title='bbox 252 597 378 633; x_wconf 92' lang='lat' dir='ltr'>omnis</span> <span class='ocrx_word' id='word_1_69' title='bbox 392 600 456 632; x_wconf 89' lang='lat' dir='ltr'>aut</span> <span class='ocrx_word' id='word_1_70' title='bbox 471 601 527 633; x_wconf 89' lang='lat' dir='ltr'>est</span> <span class='ocrx_word' id='word_1_71' title='bbox 540 596 758 632; x_wconf 80' lang='lat' dir='ltr'>absurditas</span> <span class='ocrx_word' id='word_1_72' title='bbox 779 600 844 632; x_wconf 88' lang='lat' dir='ltr'>aut</span> <span class='ocrx_word' id='word_1_73' title='bbox 854 596 918 643; x_wconf 87' lang='lat' dir='ltr'>jus</span> <span class='ocrx_word' id='word_1_74' title='bbox 928 595 1088 633; x_wconf 86' lang='lat' dir='ltr'>brutalis</span> <span class='ocrx_word' id='word_1_75' title='bbox 1103 595 1270 631; x_wconf 84' lang='lat' dir='ltr'>fortioris</span> <span class='ocrx_word' id='word_1_76' title='bbox 1283 596 1355 640; x_wconf 83' lang='lat'>(29,</span> <span class='ocrx_word' id='word_1_77' title='bbox 1374 597 1434 639; x_wconf 82' lang='grc' dir='ltr'>ΙΙ).</span> 
     </span>
     <span class='ocr_line' id='line_1_10' title="bbox 150 648 1435 697; baseline -0.002 -12"><span class='ocrx_word' id='word_1_78' title='bbox 150 651 246 697; x_wconf 88' lang='lat' dir='ltr'>Ergo</span> <span class='ocrx_word' id='word_1_79' title='bbox 267 649 297 685; x_wconf 93' lang='lat' dir='ltr'>si</span> <span class='ocrx_word' id='word_1_80' title='bbox 321 648 479 685; x_wconf 85' lang='lat' dir='ltr'>libertas</span> <span class='ocrx_word' id='word_1_81' title='bbox 508 649 750 685; x_wconf 84' lang='lat' dir='ltr'>conscientiae</span> <span class='ocrx_word' id='word_1_82' title='bbox 766 648 830 695; x_wconf 89' lang='lat' dir='ltr'>jus</span> <span class='ocrx_word' id='word_1_83' title='bbox 851 651 907 685; x_wconf 87' lang='lat' dir='ltr'>est</span> <span class='ocrx_word' id='word_1_84' title='bbox 933 648 1062 696; x_wconf 86' lang='lat' dir='ltr'>quoad</span> <span class='ocrx_word' id='word_1_85' title='bbox 1091 648 1217 684; x_wconf 84' lang='lat' dir='ltr'>officia</span> <span class='ocrx_word' id='word_1_86' title='bbox 1243 648 1435 696; x_wconf 80' lang='lat' dir='ltr'>religionis</span> 
     </span>
     <span class='ocr_line' id='line_1_11' title="bbox 151 700 1435 749; baseline -0.001 -11"><span class='ocrx_word' id='word_1_87' title='bbox 151 713 242 749; x_wconf 81' lang='lat' dir='ltr'>erga</span> <span class='ocrx_word' id='word_1_88' title='bbox 263 703 396 745; x_wconf 90' lang='lat' dir='ltr'>Deum,</span> <span class='ocrx_word' id='word_1_89' title='bbox 418 705 455 738; x_wconf 91' lang='lat' dir='ltr'>et</span> <span class='ocrx_word' id='word_1_90' title='bbox 473 703 682 738; x_wconf 83' lang='lat' dir='ltr'>auotoritas</span> <span class='ocrx_word' id='word_1_91' title='bbox 703 701 858 749; x_wconf 90' lang='lat' dir='ltr'>politica</span> <span class='ocrx_word' id='word_1_92' title='bbox 878 700 1103 748; x_wconf 86' lang='lat' dir='ltr'>scrupulosa</span> <span class='ocrx_word' id='word_1_93' title='bbox 1120 705 1176 737; x_wconf 77' lang='lat' dir='ltr'>est</span> <span class='ocrx_word' id='word_1_94' title='bbox 1194 700 1231 736; x_wconf 94' lang='lat' dir='ltr'>in</span> <span class='ocrx_word' id='word_1_95' title='bbox 1249 701 1435 738; x_wconf 87' lang='lat' dir='ltr'>servando</span> 
     </span>
     <span class='ocr_line' id='line_1_12' title="bbox 151 753 1435 803; baseline 0 -13"><span class='ocrx_word' id='word_1_96' title='bbox 151 755 268 791; x_wconf 89' lang='lat' dir='ltr'>illaeso</span> <span class='ocrx_word' id='word_1_97' title='bbox 290 755 370 802; x_wconf 87' lang='lat' dir='ltr'>jure</span> <span class='ocrx_word' id='word_1_98' title='bbox 387 755 466 798; x_wconf 86' lang='lat' dir='ltr'>illo,</span> <span class='ocrx_word' id='word_1_99' title='bbox 488 765 564 791; x_wconf 91' lang='lat' dir='ltr'>non</span> <span class='ocrx_word' id='word_1_100' title='bbox 588 759 713 801; x_wconf 86' lang='lat' dir='ltr'>potest</span> <span class='ocrx_word' id='word_1_101' title='bbox 742 756 826 803; x_wconf 88' lang='lat' dir='ltr'>ipsa</span> <span class='ocrx_word' id='word_1_102' title='bbox 852 754 1061 791; x_wconf 89' lang='lat' dir='ltr'>auctoritas</span> <span class='ocrx_word' id='word_1_103' title='bbox 1082 753 1237 801; x_wconf 89' lang='lat' dir='ltr'>politica</span> <span class='ocrx_word' id='word_1_104' title='bbox 1254 754 1334 789; x_wconf 92' lang='lat' dir='ltr'>sine</span> <span class='ocrx_word' id='word_1_105' title='bbox 1354 764 1435 790; x_wconf 84' lang='lat' dir='ltr'>rna-</span> 
     </span>
     <span class='ocr_line' id='line_1_13' title="bbox 152 805 1436 854; baseline -0.002 -10"><span class='ocrx_word' id='word_1_106' title='bbox 152 808 289 844; x_wconf 85' lang='lat' dir='ltr'>nifesta</span> <span class='ocrx_word' id='word_1_107' title='bbox 306 807 605 844; x_wconf 83' lang='lat' dir='ltr'>contradictione</span> <span class='ocrx_word' id='word_1_108' title='bbox 623 812 660 844; x_wconf 94' lang='lat' dir='ltr'>et</span> <span class='ocrx_word' id='word_1_109' title='bbox 682 808 764 844; x_wconf 89' lang='lat' dir='ltr'>sine</span> <span class='ocrx_word' id='word_1_110' title='bbox 785 810 919 854; x_wconf 87' lang='lat' dir='ltr'>aperta</span> <span class='ocrx_word' id='word_1_111' title='bbox 938 807 1120 843; x_wconf 88' lang='lat' dir='ltr'>violentia</span> <span class='ocrx_word' id='word_1_112' title='bbox 1141 805 1327 854; x_wconf 89' lang='lat' dir='ltr'>impedire</span> <span class='ocrx_word' id='word_1_113' title='bbox 1347 817 1436 854; x_wconf 89' lang='lat' dir='ltr'>quo-</span> 
     </span>
     <span class='ocr_line' id='line_1_14' title="bbox 154 859 1434 908; baseline -0.001 -12"><span class='ocrx_word' id='word_1_114' title='bbox 154 860 282 896; x_wconf 89' lang='lat' dir='ltr'>minus</span> <span class='ocrx_word' id='word_1_115' title='bbox 301 860 361 907; x_wconf 84' lang='lat' dir='ltr'>jus</span> <span class='ocrx_word' id='word_1_116' title='bbox 380 860 475 896; x_wconf 91' lang='lat' dir='ltr'>illud</span> <span class='ocrx_word' id='word_1_117' title='bbox 495 862 717 896; x_wconf 81' lang='lat' dir='ltr'>exerceatur</span> <span class='ocrx_word' id='word_1_118' title='bbox 744 860 853 907; x_wconf 88' lang='lat' dir='ltr'>plene</span> <span class='ocrx_word' id='word_1_119' title='bbox 874 859 1004 908; x_wconf 86' lang='lat' dir='ltr'>quoad</span> <span class='ocrx_word' id='word_1_120' title='bbox 1024 860 1170 906; x_wconf 83' lang='lat' dir='ltr'>regiam</span> <span class='ocrx_word' id='word_1_121' title='bbox 1190 862 1434 907; x_wconf 86' lang='lat' dir='ltr'>potestatem,</span> 
     </span>
     <span class='ocr_line' id='line_1_15' title="bbox 153 911 1436 960; baseline -0.001 -12"><span class='ocrx_word' id='word_1_122' title='bbox 153 912 282 960; x_wconf 86' lang='lat' dir='ltr'>quoad</span> <span class='ocrx_word' id='word_1_123' title='bbox 308 912 409 959; x_wconf 86' lang='lat' dir='ltr'>leges</span> <span class='ocrx_word' id='word_1_124' title='bbox 440 912 580 957; x_wconf 79' lang='lat' dir='ltr'>civ11es‚</span> <span class='ocrx_word' id='word_1_125' title='bbox 617 913 745 960; x_wconf 88' lang='lat' dir='ltr'>quoad</span> <span class='ocrx_word' id='word_1_126' title='bbox 780 913 904 960; x_wconf 87' lang='lat' dir='ltr'>ipsam</span> <span class='ocrx_word' id='word_1_127' title='bbox 932 911 1095 958; x_wconf 85' lang='lat' dir='ltr'>denique</span> <span class='ocrx_word' id='word_1_128' title='bbox 1126 912 1364 948; x_wconf 87' lang='lat' dir='ltr'>societatem.</span> <span class='ocrx_word' id='word_1_129' title='bbox 1393 933 1436 938; x_wconf 93' lang='lat'>—</span> 
     </span>
     <span class='ocr_line' id='line_1_16' title="bbox 153 964 1436 1008; baseline 0 -8"><span class='ocrx_word' id='word_1_130' title='bbox 153 964 261 1008; x_wconf 88' lang='lat' dir='ltr'>Quod</span> <span class='ocrx_word' id='word_1_131' title='bbox 287 965 318 1000; x_wconf 91' lang='lat' dir='ltr'>si</span> <span class='ocrx_word' id='word_1_132' title='bbox 348 965 497 1000; x_wconf 89' lang='lat' dir='ltr'>dicatur</span> <span class='ocrx_word' id='word_1_133' title='bbox 529 964 746 1001; x_wconf 86' lang='lat' dir='ltr'>libertatem</span> <span class='ocrx_word' id='word_1_134' title='bbox 780 965 1022 1001; x_wconf 61' lang='lat' dir='ltr'>conscientias</span> <span class='ocrx_word' id='word_1_135' title='bbox 1063 964 1148 1001; x_wconf 91' lang='lat' dir='ltr'>ideo</span> <span class='ocrx_word' id='word_1_136' title='bbox 1178 965 1363 1008; x_wconf 86' lang='lat' dir='ltr'>coerceri,</span> <span class='ocrx_word' id='word_1_137' title='bbox 1391 976 1436 1001; x_wconf 86' lang='lat' dir='ltr'>ne</span> 
     </span>
     <span class='ocr_line' id='line_1_17' title="bbox 153 1017 1436 1065; baseline -0.002 -11"><span class='ocrx_word' id='word_1_138' title='bbox 153 1017 279 1054; x_wconf 88' lang='lat' dir='ltr'>officia</span> <span class='ocrx_word' id='word_1_139' title='bbox 296 1028 387 1065; x_wconf 70' lang='lat' dir='ltr'>erga</span> <span class='ocrx_word' id='word_1_140' title='bbox 406 1018 628 1054; x_wconf 87' lang='lat' dir='ltr'>societatem</span> <span class='ocrx_word' id='word_1_141' title='bbox 650 1018 839 1054; x_wconf 82' lang='lat' dir='ltr'>laedantur</span> <span class='ocrx_word' id='word_1_142' title='bbox 857 1018 1078 1063; x_wconf 89' lang='lat' dir='ltr'>;subsumo‚</span> <span class='ocrx_word' id='word_1_143' title='bbox 1098 1027 1188 1064; x_wconf 84' lang='lat' dir='ltr'>ergo</span> <span class='ocrx_word' id='word_1_144' title='bbox 1210 1017 1331 1053; x_wconf 87' lang='lat' dir='ltr'>multo</span> <span class='ocrx_word' id='word_1_145' title='bbox 1353 1029 1436 1053; x_wconf 82' lang='lat' dir='ltr'>ma-</span> 
     </span>
     <span class='ocr_line' id='line_1_18' title="bbox 155 1070 1438 1118; baseline 0 -12"><span class='ocrx_word' id='word_1_146' title='bbox 155 1071 212 1118; x_wconf 90' lang='lat' dir='ltr'>gis</span> <span class='ocrx_word' id='word_1_147' title='bbox 231 1070 442 1107; x_wconf 84' lang='lat' dir='ltr'>coercenda</span> <span class='ocrx_word' id='word_1_148' title='bbox 459 1073 605 1106; x_wconf 87' lang='lat' dir='ltr'>estnon</span> <span class='ocrx_word' id='word_1_149' title='bbox 626 1071 794 1114; x_wconf 76' lang='lat' dir='ltr'>libertas,</span> <span class='ocrx_word' id='word_1_150' title='bbox 814 1070 879 1107; x_wconf 90' lang='lat' dir='ltr'>sed</span> <span class='ocrx_word' id='word_1_151' title='bbox 892 1070 1046 1106; x_wconf 87' lang='lat' dir='ltr'>licentia</span> <span class='ocrx_word' id='word_1_152' title='bbox 1057 1070 1298 1106; x_wconf 78' lang='lat' dir='ltr'>conscientiae</span> <span class='ocrx_word' id='word_1_153' title='bbox 1312 1081 1358 1106; x_wconf 84' lang='lat' dir='ltr'>ne</span> <span class='ocrx_word' id='word_1_154' title='bbox 1376 1071 1438 1106; x_wconf 82' lang='lat' dir='ltr'>lae-</span> 
     </span>
     <span class='ocr_line' id='line_1_19' title="bbox 156 1122 1436 1171; baseline 0.001 -13"><span class='ocrx_word' id='word_1_155' title='bbox 156 1124 298 1159; x_wconf 86' lang='lat' dir='ltr'>dantur</span> <span class='ocrx_word' id='word_1_156' title='bbox 311 1123 438 1159; x_wconf 83' lang='lat' dir='ltr'>officia</span> <span class='ocrx_word' id='word_1_157' title='bbox 449 1134 541 1169; x_wconf 84' lang='lat' dir='ltr'>erga</span> <span class='ocrx_word' id='word_1_158' title='bbox 555 1124 688 1168; x_wconf 84' lang='lat' dir='ltr'>Deum,</span> <span class='ocrx_word' id='word_1_159' title='bbox 703 1133 789 1171; x_wconf 85' lang='lat' dir='ltr'>quae</span> <span class='ocrx_word' id='word_1_160' title='bbox 803 1124 956 1171; x_wconf 88' lang='lat' dir='ltr'>potiora</span> <span class='ocrx_word' id='word_1_161' title='bbox 972 1126 1059 1159; x_wconf 84' lang='lat' dir='ltr'>sunt</span> <span class='ocrx_word' id='word_1_162' title='bbox 1075 1122 1209 1159; x_wconf 81' lang='lat' dir='ltr'>officiis</span> <span class='ocrx_word' id='word_1_163' title='bbox 1218 1123 1436 1167; x_wconf 85' lang='lat' dir='ltr'>socialibus,</span> 
     </span>
     <span class='ocr_line' id='line_1_20' title="bbox 154 1175 1436 1223; baseline -0.001 -12"><span class='ocrx_word' id='word_1_164' title='bbox 154 1176 209 1211; x_wconf 89' lang='lat' dir='ltr'>ita</span> <span class='ocrx_word' id='word_1_165' title='bbox 227 1180 269 1211; x_wconf 91' lang='lat' dir='ltr'>ut</span> <span class='ocrx_word' id='word_1_166' title='bbox 286 1175 369 1212; x_wconf 83' lang='lat' dir='ltr'>haec</span> <span class='ocrx_word' id='word_1_167' title='bbox 390 1176 471 1211; x_wconf 92' lang='lat' dir='ltr'>sine</span> <span class='ocrx_word' id='word_1_168' title='bbox 494 1175 568 1211; x_wconf 90' lang='lat' dir='ltr'>illis</span> <span class='ocrx_word' id='word_1_169' title='bbox 591 1186 667 1211; x_wconf 92' lang='lat' dir='ltr'>non</span> <span class='ocrx_word' id='word_1_170' title='bbox 689 1176 827 1212; x_wconf 88' lang='lat' dir='ltr'>dentur</span> <span class='ocrx_word' id='word_1_171' title='bbox 851 1186 974 1223; x_wconf 87' lang='lat' dir='ltr'>neque</span> <span class='ocrx_word' id='word_1_172' title='bbox 997 1175 1079 1211; x_wconf 90' lang='lat' dir='ltr'>dari</span> <span class='ocrx_word' id='word_1_173' title='bbox 1100 1175 1248 1223; x_wconf 85' lang='lat' dir='ltr'>possint</span> <span class='ocrx_word' id='word_1_174' title='bbox 1270 1177 1342 1221; x_wconf 81' lang='lat'>(32,</span> <span class='ocrx_word' id='word_1_175' title='bbox 1363 1176 1436 1220; x_wconf 89' lang='lat' dir='ltr'>IV).</span> 
     </span>
    </p>

    <p class='ocr_par' dir='ltr' id='par_1_3' title="bbox 152 1226 1437 1378">
     <span class='ocr_line' id='line_1_21' title="bbox 202 1226 1436 1274; baseline -0.001 -10"><span class='ocrx_word' id='word_1_176' title='bbox 202 1227 280 1264; x_wconf 84' lang='lat' dir='ltr'>vn.</span> <span class='ocrx_word' id='word_1_177' title='bbox 310 1228 531 1265; x_wconf 81' lang='lat' dir='ltr'>Corollaria.</span> <span class='ocrx_word' id='word_1_178' title='bbox 559 1228 689 1263; x_wconf 86' lang='lat' dir='ltr'>Merito</span> <span class='ocrx_word' id='word_1_179' title='bbox 720 1227 836 1274; x_wconf 86' lang='lat' dir='ltr'>igitur</span> <span class='ocrx_word' id='word_1_180' title='bbox 869 1227 1062 1263; x_wconf 62' lang='lat' dir='ltr'>damnatae</span> <span class='ocrx_word' id='word_1_181' title='bbox 1090 1230 1178 1262; x_wconf 90' lang='lat' dir='ltr'>sunt</span> <span class='ocrx_word' id='word_1_182' title='bbox 1215 1227 1252 1262; x_wconf 90' lang='lat' dir='ltr'>in</span> <span class='ocrx_word' id='word_1_183' title='bbox 1287 1226 1436 1274; x_wconf 88' lang='lat' dir='ltr'>Syllabo</span> 
     </span>
     <span class='ocr_line' id='line_1_22' title="bbox 152 1279 1437 1327; baseline -0.001 -11"><span class='ocrx_word' id='word_1_184' title='bbox 152 1281 210 1317; x_wconf 89' lang='lat' dir='ltr'>Pii</span> <span class='ocrx_word' id='word_1_185' title='bbox 224 1281 268 1316; x_wconf 83' lang='lat' dir='ltr'>IX</span> <span class='ocrx_word' id='word_1_186' title='bbox 285 1284 487 1326; x_wconf 89' lang='lat' dir='ltr'>sequentes</span> <span class='ocrx_word' id='word_1_187' title='bbox 502 1279 797 1327; x_wconf 79' lang='lat' dir='ltr'>propositiones,</span> <span class='ocrx_word' id='word_1_188' title='bbox 817 1290 903 1326; x_wconf 82' lang='lat' dir='ltr'>quae</span> <span class='ocrx_word' id='word_1_189' title='bbox 918 1284 1000 1315; x_wconf 90' lang='lat' dir='ltr'>tum</span> <span class='ocrx_word' id='word_1_190' title='bbox 1014 1279 1233 1316; x_wconf 81' lang='lat' dir='ltr'>libertatem</span> <span class='ocrx_word' id='word_1_191' title='bbox 1248 1280 1437 1317; x_wconf 83' lang='lat' dir='ltr'>conscien-</span> 
     </span>
     <span class='ocr_line' id='line_1_23' title="bbox 154 1332 938 1378; baseline -0.003 -10"><span class='ocrx_word' id='word_1_192' title='bbox 154 1333 232 1377; x_wconf 80' lang='lat' dir='ltr'>tiae,</span> <span class='ocrx_word' id='word_1_193' title='bbox 251 1335 334 1367; x_wconf 90' lang='lat' dir='ltr'>tum</span> <span class='ocrx_word' id='word_1_194' title='bbox 356 1332 715 1378; x_wconf 80' lang='lat' dir='ltr'>indifferentismum</span> <span class='ocrx_word' id='word_1_195' title='bbox 733 1332 912 1368; x_wconf 74' lang='lat' dir='ltr'>affimant</span> <span class='ocrx_word' id='word_1_196' title='bbox 931 1342 938 1366; x_wconf 92' lang='lat'>:</span> 
     </span>
    </p>

    <p class='ocr_par' dir='ltr' id='par_1_4' title="bbox 155 1383 1439 1536">
     <span class='ocr_line' id='line_1_24' title="bbox 203 1383 1438 1432; baseline 0.001 -13"><span class='ocrx_word' id='word_1_197' title='bbox 203 1399 220 1418; x_wconf 87' lang='lat'>‹</span> <span class='ocrx_word' id='word_1_198' title='bbox 248 1384 426 1420; x_wconf 86' lang='lat' dir='ltr'>Liberum</span> <span class='ocrx_word' id='word_1_199' title='bbox 455 1385 593 1432; x_wconf 87' lang='lat' dir='ltr'>cuique</span> <span class='ocrx_word' id='word_1_200' title='bbox 620 1384 766 1420; x_wconf 92' lang='lat' dir='ltr'>homini</span> <span class='ocrx_word' id='word_1_201' title='bbox 794 1388 852 1420; x_wconf 88' lang='lat' dir='ltr'>est</span> <span class='ocrx_word' id='word_1_202' title='bbox 881 1394 966 1420; x_wconf 85' lang='lat' dir='ltr'>eam</span> <span class='ocrx_word' id='word_1_203' title='bbox 994 1383 1172 1431; x_wconf 86' lang='lat' dir='ltr'>amplecti</span> <span class='ocrx_word' id='word_1_204' title='bbox 1199 1394 1243 1420; x_wconf 85' lang='lat' dir='ltr'>ao</span> <span class='ocrx_word' id='word_1_205' title='bbox 1268 1384 1438 1431; x_wconf 81' lang='lat' dir='ltr'>profiteri</span> 
     </span>
     <span class='ocr_line' id='line_1_25' title="bbox 155 1435 1439 1485; baseline -0.002 -12"><span class='ocrx_word' id='word_1_206' title='bbox 155 1438 394 1484; x_wconf 78' lang='lat' dir='ltr'>religionem,</span> <span class='ocrx_word' id='word_1_207' title='bbox 417 1447 534 1485; x_wconf 87' lang='lat' dir='ltr'>quam</span> <span class='ocrx_word' id='word_1_208' title='bbox 554 1437 716 1473; x_wconf 88' lang='lat' dir='ltr'>rationis</span> <span class='ocrx_word' id='word_1_209' title='bbox 741 1437 886 1472; x_wconf 88' lang='lat' dir='ltr'>lumine</span> <span class='ocrx_word' id='word_1_210' title='bbox 913 1437 998 1484; x_wconf 91' lang='lat' dir='ltr'>quis</span> <span class='ocrx_word' id='word_1_211' title='bbox 1019 1435 1155 1472; x_wconf 88' lang='lat' dir='ltr'>ductus</span> <span class='ocrx_word' id='word_1_212' title='bbox 1175 1447 1302 1472; x_wconf 87' lang='lat' dir='ltr'>veram</span> <span class='ocrx_word' id='word_1_213' title='bbox 1328 1439 1439 1484; x_wconf 89' lang='lat' dir='ltr'>puta-</span> 
     </span>
     <span class='ocr_line' id='line_1_26' title="bbox 155 1490 560 1536; baseline 0 -12"><span class='ocrx_word' id='word_1_214' title='bbox 155 1490 249 1526; x_wconf 81' lang='lat' dir='ltr'>verit</span> <span class='ocrx_word' id='word_1_215' title='bbox 276 1504 292 1523; x_wconf 74' lang='grc' dir='ltr'><strong>ι</strong></span> <span class='ocrx_word' id='word_1_216' title='bbox 315 1490 446 1536; x_wconf 80' lang='lat' dir='ltr'>(Prop.</span> <span class='ocrx_word' id='word_1_217' title='bbox 470 1490 560 1533; x_wconf 86' lang='lat' dir='ltr'><strong>XV).</strong></span> 
     </span>
    </p>

    <p class='ocr_par' dir='ltr' id='par_1_5' title="bbox 155 1541 1441 1643">
     <span class='ocr_line' id='line_1_27' title="bbox 204 1541 1441 1589; baseline 0.001 -13"><span class='ocrx_word' id='word_1_218' title='bbox 204 1557 220 1575; x_wconf 75' lang='grc' dir='ltr'><strong><em>ι</em></strong></span> <span class='ocrx_word' id='word_1_219' title='bbox 248 1543 428 1578; x_wconf 86' lang='lat' dir='ltr'>Homines</span> <span class='ocrx_word' id='word_1_220' title='bbox 449 1543 488 1578; x_wconf 91' lang='lat' dir='ltr'>in</span> <span class='ocrx_word' id='word_1_221' title='bbox 504 1542 671 1589; x_wconf 72' lang='lat' dir='ltr'>cuiusvis</span> <span class='ocrx_word' id='word_1_222' title='bbox 688 1542 884 1589; x_wconf 83' lang='lat' dir='ltr'>religionis</span> <span class='ocrx_word' id='word_1_223' title='bbox 905 1542 1008 1578; x_wconf 89' lang='lat' dir='ltr'>cultu</span> <span class='ocrx_word' id='word_1_224' title='bbox 1033 1542 1133 1577; x_wconf 82' lang='lat' dir='ltr'>viam</span> <span class='ocrx_word' id='word_1_225' title='bbox 1161 1546 1312 1577; x_wconf 81' lang='lat' dir='ltr'>aeternae</span> <span class='ocrx_word' id='word_1_226' title='bbox 1340 1541 1441 1577; x_wconf 88' lang='lat' dir='ltr'>salu-</span> 
     </span>
     <span class='ocr_line' id='line_1_28' title="bbox 155 1594 1440 1643; baseline -0.001 -12"><span class='ocrx_word' id='word_1_227' title='bbox 155 1598 203 1631; x_wconf 91' lang='lat' dir='ltr'>tis</span> <span class='ocrx_word' id='word_1_228' title='bbox 224 1596 404 1643; x_wconf 88' lang='lat' dir='ltr'>reperire,</span> <span class='ocrx_word' id='word_1_229' title='bbox 425 1598 687 1642; x_wconf 74' lang='lat' dir='ltr'>aeternamque</span> <span class='ocrx_word' id='word_1_230' title='bbox 706 1594 879 1631; x_wconf 84' lang='lat' dir='ltr'>&#39;salutem</span> <span class='ocrx_word' id='word_1_231' title='bbox 903 1594 1057 1641; x_wconf 85' lang='lat' dir='ltr'>assequi</span> <span class='ocrx_word' id='word_1_232' title='bbox 1087 1598 1247 1640; x_wconf 90' lang='lat' dir='ltr'>possunt</span> <span class='ocrx_word' id='word_1_233' title='bbox 1269 1608 1283 1626; x_wconf 75' lang='grc' dir='ltr'><strong>ι</strong></span> <span class='ocrx_word' id='word_1_234' title='bbox 1308 1594 1440 1641; x_wconf 69' lang='grc' dir='ltr'>(Ρνομ.</span> 
     </span>
    </p>

    <p class='ocr_par' dir='ltr' id='par_1_6' title="bbox 157 1700 1446 2328">
     <span class='ocr_line' id='line_1_29' title="bbox 201 1700 1445 1743; baseline -0.002 -5"><span class='ocrx_word' id='word_1_235' title='bbox 201 1702 299 1738; x_wconf 87' lang='lat' dir='ltr'><strong>VIII.</strong></span> <span class='ocrx_word' id='word_1_236' title='bbox 318 1703 434 1738; x_wconf 69' lang='lat' dir='ltr'>Non.</span> <span class='ocrx_word' id='word_1_237' title='bbox 454 1701 627 1737; x_wconf 76' lang='lat' dir='ltr'>Solvitur</span> <span class='ocrx_word' id='word_1_238' title='bbox 640 1701 863 1738; x_wconf 84' lang='lat' dir='ltr'>difficultas.</span> <span class='ocrx_word' id='word_1_239' title='bbox 883 1701 975 1743; x_wconf 80' lang='lat' dir='ltr'>Quae</span> <span class='ocrx_word' id='word_1_240' title='bbox 991 1700 1037 1736; x_wconf 91' lang='lat' dir='ltr'>de</span> <span class='ocrx_word' id='word_1_241' title='bbox 1053 1700 1229 1736; x_wconf 87' lang='lat' dir='ltr'>libertate</span> <span class='ocrx_word' id='word_1_242' title='bbox 1251 1700 1445 1736; x_wconf 86' lang='lat' dir='ltr'>conscien-</span> 
     </span>
     <span class='ocr_line' id='line_1_30' title="bbox 157 1752 1440 1796; baseline -0.001 -8"><span class='ocrx_word' id='word_1_243' title='bbox 157 1754 218 1790; x_wconf 86' lang='lat' dir='ltr'>tiae</span> <span class='ocrx_word' id='word_1_244' title='bbox 232 1754 270 1789; x_wconf 91' lang='lat' dir='ltr'>in</span> <span class='ocrx_word' id='word_1_245' title='bbox 288 1753 421 1790; x_wconf 82' lang='lat' dir='ltr'>ordine</span> <span class='ocrx_word' id='word_1_246' title='bbox 436 1753 568 1789; x_wconf 87' lang='lat' dir='ltr'>sociali</span> <span class='ocrx_word' id='word_1_247' title='bbox 583 1752 721 1788; x_wconf 91' lang='lat' dir='ltr'>docent</span> <span class='ocrx_word' id='word_1_248' title='bbox 736 1752 911 1789; x_wconf 86' lang='lat' dir='ltr'>hodierni</span> <span class='ocrx_word' id='word_1_249' title='bbox 929 1752 1120 1796; x_wconf 81' lang='lat' dir='ltr'>liberaleS‚</span> <span class='ocrx_word' id='word_1_250' title='bbox 1137 1763 1234 1788; x_wconf 86' lang='lat' dir='ltr'>nova</span> <span class='ocrx_word' id='word_1_251' title='bbox 1246 1762 1322 1788; x_wconf 88' lang='lat' dir='ltr'>non</span> <span class='ocrx_word' id='word_1_252' title='bbox 1337 1758 1440 1795; x_wconf 86' lang='lat' dir='ltr'>sunt,</span> 
     </span>
     <span class='ocr_line' id='line_1_31' title="bbox 158 1805 1440 1853; baseline -0.002 -10"><span class='ocrx_word' id='word_1_253' title='bbox 158 1806 225 1843; x_wconf 89' lang='lat' dir='ltr'>sed</span> <span class='ocrx_word' id='word_1_254' title='bbox 253 1817 298 1842; x_wconf 86' lang='lat' dir='ltr'>ea</span> <span class='ocrx_word' id='word_1_255' title='bbox 320 1807 401 1853; x_wconf 76' lang='lat' dir='ltr'>Jam</span> <span class='ocrx_word' id='word_1_256' title='bbox 430 1805 644 1841; x_wconf 84' lang='lat' dir='ltr'>tradiderat</span> <span class='ocrx_word' id='word_1_257' title='bbox 669 1807 866 1841; x_wconf 88' lang='lat' dir='ltr'>Rousseau</span> <span class='ocrx_word' id='word_1_258' title='bbox 887 1807 925 1841; x_wconf 85' lang='lat' dir='ltr'>iu</span> <span class='ocrx_word' id='word_1_259' title='bbox 947 1816 1016 1841; x_wconf 91' lang='lat' dir='ltr'>suo</span> <span class='ocrx_word' id='word_1_260' title='bbox 1050 1806 1255 1842; x_wconf 78' lang='lat' dir='ltr'>Contracta</span> <span class='ocrx_word' id='word_1_261' title='bbox 1286 1805 1440 1849; x_wconf 79' lang='lat' dir='ltr'>sociali,</span> 
     </span>
     <span class='ocr_line' id='line_1_32' title="bbox 158 1857 1443 1906; baseline -0.002 -11"><span class='ocrx_word' id='word_1_262' title='bbox 158 1859 236 1895; x_wconf 90' lang='lat' dir='ltr'>Lib.</span> <span class='ocrx_word' id='word_1_263' title='bbox 250 1859 310 1904; x_wconf 91' lang='lat' dir='ltr'>IV,</span> <span class='ocrx_word' id='word_1_264' title='bbox 329 1859 420 1906; x_wconf 87' lang='lat' dir='ltr'>Cap.</span> <span class='ocrx_word' id='word_1_265' title='bbox 439 1858 532 1894; x_wconf 83' lang='lat' dir='ltr'>vlu.</span> <span class='ocrx_word' id='word_1_266' title='bbox 547 1857 760 1894; x_wconf 77' lang='lat' dir='ltr'>Audiamus</span> <span class='ocrx_word' id='word_1_267' title='bbox 775 1868 865 1905; x_wconf 90' lang='lat' dir='ltr'>ergo</span> <span class='ocrx_word' id='word_1_268' title='bbox 881 1858 982 1894; x_wconf 90' lang='lat' dir='ltr'>hunc</span> <span class='ocrx_word' id='word_1_269' title='bbox 997 1857 1226 1905; x_wconf 86' lang='lat' dir='ltr'>sophistam,</span> <span class='ocrx_word' id='word_1_270' title='bbox 1246 1862 1288 1893; x_wconf 84' lang='lat' dir='ltr'>ut</span> <span class='ocrx_word' id='word_1_271' title='bbox 1302 1869 1346 1894; x_wconf 86' lang='lat' dir='ltr'>ex</span> <span class='ocrx_word' id='word_1_272' title='bbox 1362 1858 1443 1903; x_wconf 76' lang='lat' dir='ltr'>ejus</span> 
     </span>
     <span class='ocr_line' id='line_1_33' title="bbox 159 1909 1443 1958; baseline -0.001 -11"><span class='ocrx_word' id='word_1_273' title='bbox 159 1922 224 1947; x_wconf 89' lang='lat' dir='ltr'>ore</span> <span class='ocrx_word' id='word_1_274' title='bbox 250 1913 479 1958; x_wconf 84' lang='lat' dir='ltr'>argumenta</span> <span class='ocrx_word' id='word_1_275' title='bbox 498 1915 713 1946; x_wconf 88' lang='lat' dir='ltr'>ceterorum</span> <span class='ocrx_word' id='word_1_276' title='bbox 735 1910 928 1947; x_wconf 86' lang='lat' dir='ltr'>discamus</span> <span class='ocrx_word' id='word_1_277' title='bbox 949 1920 957 1945; x_wconf 91' lang='lat'>:</span> <span class='ocrx_word' id='word_1_278' title='bbox 984 1924 999 1942; x_wconf 84' lang='grc' dir='ltr'>ι</span> <span class='ocrx_word' id='word_1_279' title='bbox 1019 1909 1183 1954; x_wconf 89' lang='lat' dir='ltr'>Subditi,</span> <span class='ocrx_word' id='word_1_280' title='bbox 1206 1910 1343 1957; x_wconf 90' lang='lat' dir='ltr'>inquit,</span> <span class='ocrx_word' id='word_1_281' title='bbox 1366 1921 1443 1946; x_wconf 89' lang='lat' dir='ltr'>non</span> 
     </span>
     <span class='ocr_line' id='line_1_34' title="bbox 160 1961 1444 2010; baseline -0.002 -11"><span class='ocrx_word' id='word_1_282' title='bbox 160 1966 337 2000; x_wconf 90' lang='lat' dir='ltr'>tenentur</span> <span class='ocrx_word' id='word_1_283' title='bbox 355 1965 546 1999; x_wconf 90' lang='lat' dir='ltr'>rationem</span> <span class='ocrx_word' id='word_1_284' title='bbox 560 1962 719 1999; x_wconf 90' lang='lat' dir='ltr'>reddere</span> <span class='ocrx_word' id='word_1_285' title='bbox 740 1962 1030 2010; x_wconf 89' lang='lat' dir='ltr'>potestaticivili</span> <span class='ocrx_word' id='word_1_286' title='bbox 1046 1961 1090 1998; x_wconf 91' lang='lat' dir='ltr'>de</span> <span class='ocrx_word' id='word_1_287' title='bbox 1111 1963 1276 2009; x_wconf 85' lang='lat' dir='ltr'>propriis</span> <span class='ocrx_word' id='word_1_288' title='bbox 1298 1963 1444 2010; x_wconf 89' lang='lat' dir='ltr'>opinio-</span> 
     </span>
     <span class='ocr_line' id='line_1_35' title="bbox 159 2015 1438 2063; baseline -0.002 -10"><span class='ocrx_word' id='word_1_289' title='bbox 159 2017 287 2062; x_wconf 90' lang='lat' dir='ltr'>nibus,</span> <span class='ocrx_word' id='word_1_290' title='bbox 316 2016 387 2052; x_wconf 90' lang='lat' dir='ltr'>nisi</span> <span class='ocrx_word' id='word_1_291' title='bbox 423 2019 615 2063; x_wconf 88' lang='lat' dir='ltr'>quatenus</span> <span class='ocrx_word' id='word_1_292' title='bbox 650 2016 733 2052; x_wconf 80' lang='lat' dir='ltr'>istae</span> <span class='ocrx_word' id='word_1_293' title='bbox 765 2015 983 2052; x_wconf 78' lang='lat' dir='ltr'>referuntur</span> <span class='ocrx_word' id='word_1_294' title='bbox 1023 2015 1073 2051; x_wconf 88' lang='lat' dir='ltr'>ad</span> <span class='ocrx_word' id='word_1_295' title='bbox 1104 2015 1438 2051; x_wconf 82' lang='lat' dir='ltr'>communitatem.</span> 
     </span>
     <span class='ocr_line' id='line_1_36' title="bbox 159 2068 1442 2117; baseline -0.001 -12"><span class='ocrx_word' id='word_1_296' title='bbox 159 2070 286 2117; x_wconf 86' lang='lat' dir='ltr'>Atqui,</span> <span class='ocrx_word' id='word_1_297' title='bbox 317 2071 476 2106; x_wconf 89' lang='lat' dir='ltr'>interest</span> <span class='ocrx_word' id='word_1_298' title='bbox 503 2069 659 2116; x_wconf 87' lang='lat' dir='ltr'>quidem</span> <span class='ocrx_word' id='word_1_299' title='bbox 693 2070 821 2106; x_wconf 87' lang='lat' dir='ltr'>Status</span> <span class='ocrx_word' id='word_1_300' title='bbox 849 2073 891 2104; x_wconf 90' lang='lat' dir='ltr'>ut</span> <span class='ocrx_word' id='word_1_301' title='bbox 915 2068 1075 2116; x_wconf 89' lang='lat' dir='ltr'>quilibet</span> <span class='ocrx_word' id='word_1_302' title='bbox 1100 2068 1189 2104; x_wconf 84' lang='lat' dir='ltr'>civis</span> <span class='ocrx_word' id='word_1_303' title='bbox 1218 2068 1442 2115; x_wconf 84' lang='lat' dir='ltr'>religionem</span> 
     </span>
     <span class='ocr_line' id='line_1_37' title="bbox 159 2120 1446 2170; baseline -0.002 -12"><span class='ocrx_word' id='word_1_304' title='bbox 159 2120 385 2170; x_wconf 83' lang='lat' dir='ltr'>profiteatur</span> <span class='ocrx_word' id='word_1_305' title='bbox 405 2133 490 2169; x_wconf 88' lang='lat' dir='ltr'>quae</span> <span class='ocrx_word' id='word_1_306' title='bbox 520 2123 669 2169; x_wconf 88' lang='lat' dir='ltr'>ingerat</span> <span class='ocrx_word' id='word_1_307' title='bbox 698 2122 731 2157; x_wconf 89' lang='lat' dir='ltr'>ei</span> <span class='ocrx_word' id='word_1_308' title='bbox 752 2131 926 2158; x_wconf 89' lang='lat' dir='ltr'>amorem</span> <span class='ocrx_word' id='word_1_309' title='bbox 947 2131 1105 2157; x_wconf 91' lang='lat' dir='ltr'>suorum</span> <span class='ocrx_word' id='word_1_310' title='bbox 1142 2120 1383 2165; x_wconf 81' lang='lat' dir='ltr'>officiorum3</span> <span class='ocrx_word' id='word_1_311' title='bbox 1407 2126 1446 2156; x_wconf 87' lang='lat' dir='ltr'>at</span> 
     </span>
     <span class='ocr_line' id='line_1_38' title="bbox 160 2174 1444 2222; baseline -0.002 -11"><span class='ocrx_word' id='word_1_312' title='bbox 160 2175 275 2222; x_wconf 88' lang='lat' dir='ltr'>hujus</span> <span class='ocrx_word' id='word_1_313' title='bbox 295 2175 489 2222; x_wconf 85' lang='lat' dir='ltr'>religionis</span> <span class='ocrx_word' id='word_1_314' title='bbox 512 2174 697 2222; x_wconf 87' lang='lat' dir='ltr'>dogmata</span> <span class='ocrx_word' id='word_1_315' title='bbox 722 2185 844 2221; x_wconf 89' lang='lat' dir='ltr'>neque</span> <span class='ocrx_word' id='word_1_316' title='bbox 866 2175 1018 2211; x_wconf 87' lang='lat' dir='ltr'>Statum</span> <span class='ocrx_word' id='word_1_317' title='bbox 1041 2185 1163 2221; x_wconf 91' lang='lat' dir='ltr'>neque</span> <span class='ocrx_word' id='word_1_318' title='bbox 1185 2174 1299 2220; x_wconf 78' lang='lat' dir='ltr'>hujus</span> <span class='ocrx_word' id='word_1_319' title='bbox 1327 2185 1444 2209; x_wconf 86' lang='lat' dir='ltr'>mem-</span> 
     </span>
     <span class='ocr_line' id='line_1_39' title="bbox 159 2226 1444 2274; baseline -0.002 -10"><span class='ocrx_word' id='word_1_320' title='bbox 159 2228 229 2264; x_wconf 88' lang='lat' dir='ltr'>bra</span> <span class='ocrx_word' id='word_1_321' title='bbox 248 2228 468 2274; x_wconf 88' lang='lat' dir='ltr'>respiciunt,</span> <span class='ocrx_word' id='word_1_322' title='bbox 493 2228 567 2263; x_wconf 82' lang='lat' dir='ltr'>nisi</span> <span class='ocrx_word' id='word_1_323' title='bbox 594 2230 783 2274; x_wconf 89' lang='lat' dir='ltr'>quatenus</span> <span class='ocrx_word' id='word_1_324' title='bbox 804 2237 850 2262; x_wconf 91' lang='lat' dir='ltr'>ea</span> <span class='ocrx_word' id='word_1_325' title='bbox 881 2226 1099 2263; x_wconf 86' lang='lat' dir='ltr'>reseruntur</span> <span class='ocrx_word' id='word_1_326' title='bbox 1129 2226 1176 2262; x_wconf 86' lang='lat' dir='ltr'>ad</span> <span class='ocrx_word' id='word_1_327' title='bbox 1202 2226 1387 2262; x_wconf 88' lang='lat' dir='ltr'>moralem</span> <span class='ocrx_word' id='word_1_328' title='bbox 1409 2230 1444 2262; x_wconf 89' lang='lat' dir='ltr'>et</span> 
     </span>
     <span class='ocr_line' id='line_1_40' title="bbox 162 2279 1255 2328; baseline -0.003 -12"><span class='ocrx_word' id='word_1_329' title='bbox 162 2280 211 2316; x_wconf 90' lang='lat' dir='ltr'>ad</span> <span class='ocrx_word' id='word_1_330' title='bbox 225 2280 351 2317; x_wconf 77' lang='lat' dir='ltr'>officia</span> <span class='ocrx_word' id='word_1_331' title='bbox 374 2291 461 2328; x_wconf 83' lang='lat' dir='ltr'>quae</span> <span class='ocrx_word' id='word_1_332' title='bbox 480 2281 571 2316; x_wconf 81' lang='lat' dir='ltr'>civis</span> <span class='ocrx_word' id='word_1_333' title='bbox 589 2284 740 2316; x_wconf 87' lang='lat' dir='ltr'>tenetur</span> <span class='ocrx_word' id='word_1_334' title='bbox 762 2279 972 2327; x_wconf 84' lang='lat' dir='ltr'>adimplere</span> <span class='ocrx_word' id='word_1_335' title='bbox 993 2290 1085 2326; x_wconf 87' lang='lat' dir='ltr'>erga</span> <span class='ocrx_word' id='word_1_336' title='bbox 1106 2279 1214 2315; x_wconf 70' lang='lat' dir='ltr'>alios</span> <span class='ocrx_word' id='word_1_337' title='bbox 1240 2293 1255 2312; x_wconf 66' lang='grc' dir='ltr'><strong>ι</strong></span> 
     </span>
    </p>

    <p class='ocr_par' dir='ltr' id='par_1_7' title="bbox 161 2331 1441 2433">
     <span class='ocr_line' id='line_1_41' title="bbox 208 2331 1441 2378; baseline -0.002 -9"><span class='ocrx_word' id='word_1_338' title='bbox 208 2333 293 2368; x_wconf 83' lang='lat' dir='ltr'>Haec</span> <span class='ocrx_word' id='word_1_339' title='bbox 314 2343 336 2369; x_wconf 88' lang='lat' dir='ltr'>a</span> <span class='ocrx_word' id='word_1_340' title='bbox 353 2334 548 2369; x_wconf 86' lang='lat' dir='ltr'>Rousseau</span> <span class='ocrx_word' id='word_1_341' title='bbox 574 2332 688 2369; x_wconf 85' lang='lat' dir='ltr'>fuisse</span> <span class='ocrx_word' id='word_1_342' title='bbox 719 2332 858 2378; x_wconf 87' lang='lat' dir='ltr'>scripta</span> <span class='ocrx_word' id='word_1_343' title='bbox 885 2332 920 2367; x_wconf 86' lang='lat' dir='ltr'>in</span> <span class='ocrx_word' id='word_1_344' title='bbox 941 2331 1074 2368; x_wconf 89' lang='lat' dir='ltr'>odium</span> <span class='ocrx_word' id='word_1_345' title='bbox 1100 2331 1296 2367; x_wconf 77' lang='lat' dir='ltr'>catholicoe</span> <span class='ocrx_word' id='word_1_346' title='bbox 1316 2331 1441 2367; x_wconf 87' lang='lat' dir='ltr'>Eccle-</span> 
     </span>
     <span class='ocr_line' id='line_1_42' title="bbox 161 2385 1441 2433; baseline -0.001 -12"><span class='ocrx_word' id='word_1_347' title='bbox 161 2385 228 2421; x_wconf 71' lang='lat' dir='ltr'>siae</span> <span class='ocrx_word' id='word_1_348' title='bbox 249 2395 295 2422; x_wconf 87' lang='lat' dir='ltr'>ex</span> <span class='ocrx_word' id='word_1_349' title='bbox 315 2385 374 2421; x_wconf 90' lang='lat' dir='ltr'>his</span> <span class='ocrx_word' id='word_1_350' title='bbox 394 2396 480 2433; x_wconf 85' lang='lat' dir='ltr'>quae</span> <span class='ocrx_word' id='word_1_351' title='bbox 502 2386 548 2421; x_wconf 87' lang='lat' dir='ltr'>ad</span> <span class='ocrx_word' id='word_1_352' title='bbox 568 2385 770 2421; x_wconf 83' lang='lat' dir='ltr'>arbitrium</span> <span class='ocrx_word' id='word_1_353' title='bbox 786 2386 894 2432; x_wconf 84' lang='lat' dir='ltr'>fingit</span> <span class='ocrx_word' id='word_1_354' title='bbox 921 2385 959 2421; x_wconf 93' lang='lat' dir='ltr'>in</span> <span class='ocrx_word' id='word_1_355' title='bbox 979 2385 1070 2432; x_wconf 87' lang='lat' dir='ltr'>Cap.</span> <span class='ocrx_word' id='word_1_356' title='bbox 1092 2385 1210 2420; x_wconf 88' lang='lat' dir='ltr'>citato</span> <span class='ocrx_word' id='word_1_357' title='bbox 1228 2389 1286 2420; x_wconf 87' lang='lat' dir='ltr'>est</span> <span class='ocrx_word' id='word_1_358' title='bbox 1317 2385 1441 2420; x_wconf 87' lang='lat' dir='ltr'>mani-</span> 
     </span>
    </p>
   </div>
  </div>
 </body>
</html>
