1584 2569
191 148 259 184 222
284 155 345 182 sus
360 154 524 181 nuens.
539 153 612 179 un.
631 153 670 177 u.
699 152 776 177 eir.
795 152 835 177 n.
851 151 894 176 nt:
908 150 1098 178 soen-:run
1110 152 1184 178 civ.
1206 153 1242 178 rx
1252 153 1291 178 ss
1301 154 1472 181 srncun

236 229 297 265 vl.
314 227 417 265 Pim's
429 225 676 263 immediatus
696 224 896 260 societatis
908 223 1034 259 civilis
1050 226 1110 259 est
1121 233 1330 269 procurare
1350 228 1475 264 media

190 282 330 328 quihus
343 283 384 317 et
397 280 551 316 facilius
566 280 607 314 et
623 277 819 313 efficacius
831 276 946 322 hujus
959 277 1052 313 vitae
1070 277 1337 322 imperfectam
1356 280 1477 317 felici-

189 339 313 372 tatem
329 333 426 370 socii
439 331 623 376 consequi
635 331 806 366 valeant.
822 329 1023 365 Probatur.
1038 329 1134 365 Nam
1152 341 1230 366 non
1247 331 1333 368 ideo
1355 332 1477 370 homi·

190 399 257 425 nes
267 387 464 424 sociantur
476 383 524 420 ad
542 384 704 420 invicem
719 383 758 418 in
770 381 1017 419 societatibus
1030 382 1340 430 particularibus,
1354 396 1476 433 neque

190 440 391 477 societates
411 436 660 486 particulares
677 436 716 471 in
736 435 959 472 societatem
979 435 1192 483 politicam,
1212 441 1256 472 ut
1272 436 1479 476 detrimen·

191 500 274 530 tum
306 491 515 540 patiantur,
537 488 603 526 sed
624 492 667 524 ut
686 487 836 525 collatis
866 488 906 524 in
934 498 1055 524 unum
1080 488 1239 535 viribus,
1275 495 1313 526 et
1332 493 1478 528 mutuis

191 545 346 583 auxiliis
371 545 411 581 in
439 543 517 579 vita
542 542 759 590 proficiant.
787 539 859 578 Sed
879 540 1056 578 homines
1076 546 1168 579 tunc
1195 542 1320 579 solum
1347 545 1386 580 in
1406 544 1479 581 hac

190 600 272 636 vita
282 597 501 646 proficiunt,
514 594 669 643 quando
686 598 976 642 consequuntur
986 593 1207 632 felicitatem
1224 596 1329 633 illam
1341 597 1479 646 imper·

192 653 344 696 fectam,
372 659 459 698 quae
488 649 526 684 in
548 647 620 685 hac
639 647 717 684 vita
736 647 902 684 obtineri
934 651 1074 695 potest,
1095 652 1133 684 et
1158 659 1275 696 quam
1295 650 1366 686 soli
1386 661 1479 687 non-

192 705 266 743 nisi
280 714 381 752 aegre
394 701 577 749 consequi
588 705 762 749 possunt,
781 700 813 736 si
825 704 954 737 tamen
971 705 1134 748 possunt
1149 712 1157 736 :
1172 713 1311 750 nempe
1324 703 1478 750 quando

192 760 480 804 consequuntur
498 755 600 791 bona
619 754 856 802 perficientia
886 764 1038 802 corpus,
1060 757 1098 790 et
1123 754 1225 791 bona
1244 756 1480 803 perficientia

194 811 367 847 animum
387 808 604 856 praecipue3
626 817 713 854 quae
736 806 826 843 talia
847 817 928 843 esse
953 811 1151 854 nequeunt
1172 818 1296 856 neque
1320 814 1481 857 possunt

193 863 392 901 hominem
421 861 569 898 felicem
595 859 766 905 reddere,
801 860 874 896 nisi
904 859 1204 897 subordinentur
1234 861 1372 898 morali
1400 873 1481 910 per-

193 915 362 961 fectioni,
382 919 421 951 et
437 913 574 950 ultimo
595 913 663 949 fini
683 912 955 960 consequendo
974 923 1112 960 nempe
1132 913 1303 950 felicitati
1322 914 1480 952 alterius

194 971 282 1006 vitae
302 970 352 1014 (7,
379 966 412 1004 11
434 971 473 1003 et
491 967 628 1013 seqq).
653 965 752 1012 Ergo
772 965 860 1002 finis
881 964 1128 1002 immediatus
1147 966 1340 1003 societatis
1359 967 1481 1004 civilis

192 1028 250 1060 est
276 1030 481 1071 procurare
510 1018 649 1064 media,
678 1018 818 1065 quibus
844 1023 882 1054 et
910 1018 1059 1054 facilius
1084 1023 1122 1055 et
1149 1019 1340 1057 efficacius
1365 1020 1481 1068 hujus

192 1076 280 1112 vitae
302 1072 565 1122 imperfectam
591 1071 813 1108 felicitatem
830 1071 923 1108 socii
939 1072 1121 1119 consequi
1143 1072 1315 1119 valeant3
1338 1077 1376 1110 et
1394 1084 1480 1110 con·

193 1131 396 1176 sequenter
423 1135 560 1173 scopus
589 1123 780 1160 mediatus
801 1128 838 1160 et
863 1123 1023 1160 ultimus
1051 1128 1108 1160 est
1138 1124 1299 1162 felicitas
1324 1129 1479 1170 aeterna,

192 1180 240 1217 ad
270 1190 386 1227 quam
415 1176 669 1215 essentialiter
700 1176 901 1212 ordinatur
936 1187 1028 1213 vera
1062 1176 1224 1214 felicitas
1259 1179 1480 1227 imperfecta

192 1234 309 1280 hujus
322 1232 425 1268 vitae.

239 1285 318 1322 vn.
346 1283 609 1322 corollarium.
629 1282 725 1325 Quia
738 1293 828 1330 ergo
846 1282 1006 1318 felicitas
1024 1282 1247 1330 imperfecta
1260 1284 1376 1332 hujus
1392 1286 1481 1320 vitae

193 1338 383 1385 praecipue
411 1336 586 1373 consistit
606 1335 644 1371 in
673 1333 904 1382 perfectione
925 1334 1045 1381 partis
1064 1335 1306 1373 intellectivae
1331 1338 1380 1383 (7,
1405 1337 1479 1382 IV),

193 1390 418 1427 secundario
436 1390 475 1425 in
495 1387 725 1425 sufficientia
744 1387 935 1424 bonorum
955 1388 1215 1436 corporalium
1237 1389 1377 1436 quibus
1400 1391 1477 1426 uni-

195 1449 257 1479 tur
275 1443 446 1480 amicitia
466 1441 670 1478 hominum
691 1441 790 1476 inter
810 1451 848 1476 se
865 1439 931 1485 (ib.
956 1440 986 1475 V
1010 1444 1049 1476 et
1068 1440 1128 1486 VI)
1147 1453 1156 1487 3
1179 1443 1353 1489 sequitur
1379 1442 1481 1490 quod

194 1496 402 1533 auctoritas
421 1494 574 1542 publica
590 1494 716 1541 primo
736 1497 774 1529 et
797 1492 1059 1540 principaliter
1080 1493 1193 1530 debet
1212 1494 1340 1532 media
1356 1495 1480 1532 effica—

193 1551 298 1586 ciora
328 1558 533 1596 procurare
567 1546 706 1594 quibus
738 1545 918 1583 honestas
946 1556 1101 1583 morum
1130 1547 1314 1594 foveatur,
1343 1548 1481 1585 deinde

194 1601 322 1638 media
354 1600 403 1637 ad
431 1610 569 1647 corpus
603 1598 883 1636 rationabiliter
916 1598 1206 1646 perficiendum,
1237 1611 1282 1637 ac
1308 1612 1480 1638 amorem

194 1654 332 1690 civium
353 1653 521 1689 maxime
542 1651 731 1688 inculcare
759 1656 802 1687 ut
830 1652 990 1698 pacifica
1010 1651 1197 1689 habeatur
1226 1654 1478 1699 conviventia,

196 1708 275 1743 ,ine
307 1716 383 1753 qua
414 1704 520 1741 nulla
548 1705 709 1741 societas
729 1705 937 1741 consistere
964 1709 1118 1753 potest:
1146 1716 1236 1743 nam
1258 1707 1383 1755 prima
1403 1707 1478 1743 duo

195 1758 455 1796 1mmediatius
471 1758 680 1804 respiciunt
697 1756 916 1802 individua;
933 1757 998 1794 sed
1015 1758 1171 1795 tertium
1187 1760 1342 1807 respicit
1356 1761 1478 1808 ipsam

195 1811 389 1848 societatis
408 1810 612 1848 unitatem.

580 1927 835 1962 ARTICULUS
863 1927 1102 1964 SECUNDUS

808 2011 880 2054 (50)

530 2091 585 2128 De
611 2091 761 2137 origine
785 2091 979 2126 societatis
1004 2091 1144 2127 civilis.

234 2191 246 2226 1
262 2219 269 2227 .
291 2190 470 2235 Qnaestio.
492 2190 688 2227 Delineata
707 2195 846 2227 natura
856 2191 1072 2236 societatis3
1091 2190 1137 2228 de
1151 2191 1270 2228 civilis
1290 2192 1483 2230 societatis

197 2243 345 2291 origine
374 2242 573 2289 quaeritur.
593 2243 701 2284 Quod
734 2243 909 2279 homines
928 2244 968 2280 in
992 2244 1173 2280 societate
1193 2245 1320 2281 vivant
1340 2245 1484 2282 factum

199 2294 392 2343 quoddam
426 2299 496 2340 est,
526 2295 629 2341 quod
651 2296 688 2331 in
709 2296 869 2332 dubium
894 2296 990 2332 verti
1022 2297 1182 2343 nequit:
1220 2297 1337 2345 hujus
1366 2299 1483 2347 igitur

199 2349 288 2385 facti
322 2357 476 2384 causam
503 2347 672 2394 aliquam
704 2359 784 2384 esse
813 2352 977 2392 oportet.
998 2348 1044 2385 Et
1069 2350 1161 2395 quia
1186 2350 1232 2387 de
1261 2350 1484 2388 hominibus

199 2410 324 2439 sermo
345 2404 413 2446 est,
433 2400 470 2435 in
492 2400 630 2448 quibus
651 2405 787 2437 natura
808 2405 844 2436 et
863 2400 1040 2438 voluntas
1059 2406 1149 2438 sunt
1168 2403 1364 2440 actionum
1381 2404 1483 2444 nrin-
