1554 2569
138 97 189 139 752
208 106 335 131 mmm
350 106 418 130 ms.
433 105 472 129 11.
485 104 563 129 mr.
574 104 598 129 1.
615 104 659 129 nn
673 90 822 129 Acrmu‘s
837 103 974 128 numm.
991 104 1028 128 1N
1042 103 1165 129 SEIPSIS
1180 102 1428 129 consmssnAns

145 179 293 214 ratione
310 188 319 212 :
342 176 425 212 aliis
442 176 580 218 verbis,
599 175 653 211 sic
671 175 783 210 debet
802 175 1017 221 exprimere
1032 175 1233 210 veritatem
1253 179 1295 209 ut
1313 174 1428 209 simul

145 230 334 278 exprimat
361 233 490 264 actum
516 227 739 275 ponendum
759 226 816 262 vel
836 236 912 262 non
932 226 1153 273 ponendum
1174 238 1197 263 a
1217 227 1426 263 voluntate.

146 284 344 330 Objectum
374 285 505 317 autem
522 280 729 316 voluntatis
750 283 807 314 est
834 279 978 315 bonum
997 291 1006 316 z
1033 280 1089 316 ita
1113 282 1155 315 ut
1173 279 1301 315 nullus
1321 283 1428 314 actus

70 340 93 349 ’“
145 335 308 381 intelligi
329 335 366 369 in
385 333 580 369 voluntate
601 333 734 379 possit,
757 332 824 378 qui
845 333 883 367 in
906 331 1021 367 finem
1042 343 1106 368 seu
1126 332 1166 367 in
1186 332 1331 368 bonum
1352 341 1428 366 non

146 390 195 425 sit
226 388 274 435 (2,
306 387 340 424 Π
370 391 407 422 et
436 386 572 433 seqq.).
604 387 702 431 Ergo
735 385 903 430 primum
934 385 1165 432 principium
1196 384 1428 421 moralitatis

146 442 257 478 debet
274 450 356 476 esse
375 439 419 475 de
441 438 534 474 bono
555 442 597 473 ut
623 448 690 484 per
715 441 844 472 actum
867 437 1074 473 voluntatis
1092 438 1360 484 consequendo.
1386 439 1429 472 Et

145 494 237 540 quia
261 493 389 539 agitur
409 492 455 528 de
482 491 607 538 primo
634 490 835 535 principi0‚
859 489 972 525 debet
997 500 1079 526 esse
1106 489 1353 526 irreducibile
1380 490 1427 525 ad

145 545 250 582 aliud
269 545 516 593 principium,
533 546 570 579 et
585 554 656 579 sua
670 542 959 578 universalitate
974 543 1176 590 complecti
1190 543 1430 589 ceterajudi-
1460 561 1464 565 -

145 599 203 634 cia
223 597 404 645 practica,
420 600 458 631 et
475 606 547 631 sua
569 595 648 631 luce
668 595 753 630 aliis
774 594 951 630 omnibus
967 594 1124 640 judiciis
1143 595 1345 631 veritatem
1363 605 1428 630 seu

144 650 413 687 certitudinem
443 648 613 684 conferre
643 648 695 693 (L.
731 649 787 689 55,
821 647 926 692 VIII).
957 647 1184 693 Huiusmodi
1214 652 1343 684 autem
1373 650 1430 683 est

142 702 377 751 principium
392 701 650 744 enuntiatum,
663 700 867 735 fundatum
883 699 925 735 in
938 699 1033 735 bono
1047 701 1430 737 transcendentaliter

147 759 316 802 accepto,
338 757 375 789 et
395 753 480 789 ideo
499 752 871 788 universalissimum
890 756 925 787 et
946 752 984 787 in
1005 752 1185 788 omnibus
1205 753 1291 788 aliis
1312 753 1430 788 inelu-

146 818 253 852 sum3
275 810 312 842 et
338 805 423 841 ideo
445 804 708 841 z‘rreductibile
728 806 820 851 quia
838 815 956 851 supra
981 805 1126 841 bonum
1153 810 1210 841 est
1239 816 1305 842 ens
1326 805 1430 853 quod

146 871 221 895 non
239 859 404 907 pertinet
419 857 467 894 ad
488 857 723 893 intellectum
739 857 971 904 practicum;
987 862 1024 893 et
1038 868 1110 904 per
1121 869 1159 894 se
1174 858 1324 894 evidens
1338 858 1430 904 quia

145 914 229 958 ipsa
253 911 352 947 ratio
381 909 472 945 boni
499 909 589 945 dicit
617 909 808 945 rationem
839 909 1157 957 appetibilitatis:
1185 914 1221 945 et
1251 911 1431 948 omnibus

145 964 344 1000 conferens
365 962 481 998 lucem
504 967 538 998 et
556 961 820 998 certitudinem
846 962 937 1009 quia
957 962 1043 998 ideo
1070 965 1195 998 cetera
1215 965 1430 1011 appetenda

146 1020 247 1062 sunt,
269 1015 360 1063 quia
380 1019 469 1050 sunt
486 1015 601 1058 bona,
618 1018 655 1049 et
676 1013 811 1049 honum
830 1019 882 1050 est
898 1014 1133 1060 faciendum,
1151 1015 1293 1051 malum
1309 1016 1431 1052 vitan-

145 1070 246 1105 dum.
269 1070 332 1104 Est
353 1068 470 1114 igitur
490 1067 733 1102 enuntiatum
754 1067 996 1114 principium,
1021 1068 1190 1114 primum
1215 1069 1313 1105 inter
1331 1071 1429 1105 veri-

144 1126 243 1158 tates
260 1121 442 1156 morales.
459 1139 502 1146 —·
519 1120 595 1155 Hoc
612 1120 739 1166 ipsum
754 1124 1027 1165 argumentum
1048 1121 1191 1167 profert
1209 1122 1245 1159 S.
1263 1121 1429 1158 Thomas

143 1175 215 1212 loc.
234 1174 295 1210 cit.
314 1187 329 1205 ‹
355 1173 455 1209 Sicut
475 1183 555 1217 ens,
576 1172 713 1219 inquit,
733 1176 789 1208 est
806 1172 975 1218 primum
996 1173 1100 1218 quod
1121 1174 1221 1209 cadit
1240 1174 1278 1210 in
1297 1185 1428 1222 appre-

145 1226 328 1262 hensione
355 1224 593 1272 simpliciter,
614 1225 668 1259 ita
697 1225 841 1260 bonum
863 1228 917 1259 est
943 1226 1111 1271 primum
1133 1226 1238 1273 quod
1264 1228 1366 1263 cadit
1392 1229 1428 1264 in

145 1278 448 1326 apprehensione
477 1277 655 1324 practicae
687 1276 860 1320 rationis,
891 1288 977 1323 quae
1009 1278 1211 1315 ordinatur
1240 1279 1289 1315 ad
1319 1291 1428 1326 opuS.

144 1332 264 1372 Omne
290 1331 394 1366 enim
426 1340 543 1376 agens
572 1330 651 1373 agit
677 1334 834 1376 propter
853 1329 982 1374 finem,
1005 1331 1068 1377 qui
1096 1330 1213 1367 habet
1237 1333 1427 1370 rationem

147 1384 253 1419 boni.
281 1383 326 1418 Et
353 1382 439 1418 ideo
470 1382 639 1428 primum
669 1381 897 1429 principium
927 1383 965 1418 in
994 1384 1144 1419 ratione
1173 1385 1341 1431 practica
1368 1392 1426 1421 est

144 1436 247 1482 quod
280 1434 465 1470 fundatur
493 1444 609 1480 supra
637 1433 827 1469 rationem
859 1433 962 1477 honi,
994 1445 1081 1482 quae
1112 1440 1182 1481 est,
1214 1436 1351 1473 bonum
1379 1443 1428 1474 est

142 1488 242 1535 quod
255 1486 384 1523 omnia
399 1491 592 1532 appetunt.
609 1487 686 1521 Hoc
706 1489 762 1521 est
776 1496 866 1533 ergo
885 1487 1052 1532 primum
1071 1493 1305 1535 praeceptum
1320 1490 1427 1537 legis,

143 1540 247 1587 quod
269 1539 405 1575 bonum
421 1543 473 1574 esc
490 1538 711 1585 faciendum
726 1544 759 1574 el
770 1540 1084 1586 prosequendum,
1100 1545 1134 1576 et
1152 1541 1295 1577 malum
1311 1543 1427 1579 vican-

143 1594 252 1638 dum3
272 1596 310 1628 et
333 1602 447 1638 super
466 1590 540 1626 hoc
559 1590 769 1626 fundantur
789 1591 920 1627 omnia
940 1592 1017 1627 alia
1035 1597 1228 1640 praecepta
1247 1594 1342 1641 legis
1361 1606 1431 1631 na·-

145 1650 252 1681 turm.
274 1659 290 1677 ›
1358 1665 1362 1668 ·

188 1699 249 1734 lv.
269 1699 370 1733 Nou
392 1697 420 1732 Ι.
443 1697 678 1742 Principium
696 1697 862 1742 primum
881 1698 1116 1735 moralitatis
1133 1699 1244 1744 juxta
1264 1701 1428 1739 Hohhes.

141 1751 346 1798 Reliquum
367 1753 424 1785 est
444 1754 486 1785 ut
500 1749 613 1795 juxta
637 1749 828 1795 promissa
846 1750 1108 1796 expendamus
1131 1752 1170 1787 in
1193 1752 1294 1789 calce
1315 1753 1431 1800 hujus

133 1803 289 1846 ,articuli
319 1801 639 1850 philosophorum
671 1802 884 1849 praeeipuas
911 1803 1111 1849 opiniones
1137 1805 1236 1840 circa
1261 1807 1430 1851 primum

141 1855 373 1903 principium
400 1854 645 1890 moralitatis,
673 1855 883 1901 Incipimus
908 1859 1038 1891 autem
1068 1857 1116 1892 ab
1142 1857 1345 1903 Hobbesio,
1367 1860 1432 1906 qui

141 1909 248 1955 ponit
276 1908 444 1956 primum
465 1907 697 1954 principium
719 1918 801 1943 esse
823 1909 1143 1946 conservationem
1169 1911 1242 1956 sui,
1262 1911 1324 1947 cui
1344 1923 1433 1948 con-

141 1961 346 1997 servationi
362 1961 453 2006 quia
474 1971 548 2007 pax
562 1964 620 1995 est
639 1961 856 1996 necessaria
874 1965 910 1996 et
930 1961 1072 1997 bellum
1088 1964 1298 2009 opponitur
1313 1965 1429 2010 (quod

141 2013 290 2050 llobbes
330 2013 506 2048 naturale
544 2012 691 2048 homini
731 2012 822 2049 dicit
859 2016 968 2049 extra
1005 2014 1228 2050 societatem
1263 2017 1428 2061 viventi),

109 2070 112 2075 '
141 2066 228 2101 hinc
257 2065 395 2101 Prima
419 2070 453 2101 et
478 2065 783 2111 fundamentalis
812 2065 872 2102 lex
898 2070 1049 2102 naturoe
1075 2072 1128 2102 esc
1148 2078 1161 2102 :
1189 2070 1429 2114 quoerendam

141 2129 216 2155 esse
230 2128 377 2164 pacem,
399 2116 468 2153 ubi
484 2117 622 2154 haberi
630 2122 777 2165 potes13
797 2118 866 2154 ubi
883 2129 959 2154 non
974 2123 1110 2165 potest,
1130 2121 1335 2166 quoerenda
1354 2133 1431 2158 esse

143 2170 232 2207 belli
252 2170 408 2206 auxilia
432 2170 484 2206 ad
507 2170 596 2206 vitoe
613 2169 933 2218 membrorumque
951 2172 1283 2211 conservationem.
1303 2194 1350 2200 —-
1371 2175 1430 2211 Uti

142 2227 260 2271 patet,
281 2222 512 2269 principium
533 2221 814 2258 hobbesianum
829 2223 983 2269 (proeter
1002 2234 1152 2259 errores
1173 2224 1219 2260 de
1237 2225 1428 2272 primitivo

142 2275 345 2312 hominum
363 2277 479 2319 statu,
499 2274 545 2310 de
565 2274 704 2320 quibus
724 2286 793 2311 suo
814 2276 898 2311 loco
918 2275 1056 2312 redibit
1077 2278 1221 2322 sermo)
1240 2279 1428 2314 sensismo

142 2328 289 2372 nititur,
319 2327 357 2364 in
382 2337 459 2376 quo
485 2327 544 2364 sui
567 2327 819 2374 conservatio,
846 2338 914 2365 seu
938 2329 1125 2375 eyoismus
1153 2340 1271 2379 supra
1297 2332 1428 2367 omnia
