1584 2569
160 123 222 158 .)60
625 125 721 150 ntunx
743 125 987 150 amulricus

161 201 334 234 Effectus.
357 199 394 230 O.
418 197 470 229 42.
498 194 599 236 (Vide
623 194 766 235 Causa.)
786 212 827 217 -—
856 195 903 226 De
938 194 970 226 vi
998 195 1136 228 effectus
1166 197 1208 229 ad
1231 199 1442 239 probandam

202 245 421 280 existentiam
433 247 467 276 et
485 247 646 275 naturam
669 249 796 280 causae,
822 241 862 275 Ο.
882 241 934 280 44,
956 241 1046 274 XVII
1065 246 1099 275 et
1115 242 1234 277 XVIII.
1263 263 1302 270 —
1325 247 1442 281 Utrum

201 292 458 373 {genzfiffectus
483 288 594 331 possit
622 287 766 329 produci
787 295 807 319 a
836 288 972 320 duabus
999 289 1114 322 causis
1142 291 1385 334 efficientibus,
1406 296 1444 335 O,

246 365 254 381 ‚
343 362 351 370 .

162 404 314 439 Electio.
332 403 377 436 M.
397 403 450 441 16,
473 402 528 433 IV.
546 418 585 424 —
603 399 803 439 subjectum
822 398 972 440 politicae
991 401 1170 441 potestatis
1193 412 1255 442 per
1275 413 1311 437 se
1334 405 1444 438 deter-

204 454 354 485 minatur
374 448 542 482 electione
563 446 635 479 sive
659 446 788 479 directa
809 446 881 479 sive
900 446 1080 487 indirecta,
1100 449 1146 481 M.
1169 449 1223 490 51,
1240 451 1311 485 ΧΠ.

162 509 295 544 Elicita
314 508 417 542 actio.
438 508 486 539 M.
508 507 559 543 16,
580 505 607 537 1.
625 522 667 529 -
685 505 736 538 De
753 504 891 537 actibus
913 504 1040 538 elicitis
1067 515 1090 538 a
1111 507 1292 542 voluntate
1319 510 1364 542 M.
1387 511 1441 543 16.

203 558 305 599 (Vide
329 553 525 594 Voluntas.)

163 615 448 650 Emanatismus.
476 613 526 646 De
554 611 812 652 Emanatismo,
849 611 886 643 C.
919 611 953 644 5.
975 629 1015 636 -
1050 613 1199 646 Mundus
1234 624 1304 648 non
1338 618 1450 657 potuit

203 663 284 697 oriri
308 671 367 703 per
386 658 645 693 emanationem
662 658 788 691 divinae
808 657 1014 691 substantiae
1036 659 1084 691 IlI
1100 664 1136 691 et
1152 660 1205 693 IV.

164 721 388 755 Eminenter.
407 719 447 751 Ο.
463 717 515 757 20,
537 717 578 749 V.
595 734 637 740 —
662 715 900 749 Emminenter
919 716 1120 756 formaliter,
1137 717 1222 752 ibid.

164 779 417 822 EmpIrismus.
438 778 474 809 1,.
488 776 542 815 50,
557 775 630 809 xn.

163 844 249 878 Ens.
269 843 319 876 De
337 841 426 875 entis
444 842 590 879 natura,
610 839 650 873 Ο.
677 838 708 871 ’1.
732 856 774 864 —-
791 839 840 872 De
862 843 940 871 ente
966 839 1050 872 reali
1072 844 1106 872 et
1131 841 1172 874 de
1192 847 1271 875 ente
1293 843 1448 884 rationis,

206 891 251 923 11.
281 907 323 914 -
344 887 530 921 Distinctio
556 885 604 919 rei
635 886 679 919 ab
716 889 806 924 ente,
834 885 895 918 111.
934 904 972 909 —
1000 886 1183 920 Distinctio
1208 889 1256 921 rei
1293 890 1335 922 ab
1370 895 1449 923 ente

206 936 460 979 antiquioribus
480 933 703 976 philosophis
720 933 917 973 notissima,
932 934 984 966 IV.
1005 952 1047 958 —
1064 936 1112 968 De
1130 941 1299 978 conceptu
1313 937 1448 971 formali

205 991 239 1018 et
266 986 308 1017 de
331 987 500 1025 conceptu
531 981 700 1023 objectivo
727 980 831 1019 entis,
853 980 893 1013 V.
909 998 950 1004 —
967 980 1067 1014 Entis
1092 990 1153 1014 seu
1184 984 1233 1016 rei
1262 984 1374 1024 dotes,
1395 986 1448 1017 VI.

204 1050 246 1057 -..
275 1032 323 1064 De
343 1030 443 1063 tertia
474 1029 673 1069 acceptione
698 1028 787 1060 entis
815 1028 932 1068 (prout
965 1032 1017 1060 est
1051 1029 1200 1070 copula),
1223 1031 1294 1063 vll.
1329 1049 1371 1056 --
1404 1033 1451 1066 De

205 1080 281 1111 ente
297 1078 409 1111 relate
430 1076 479 1109 ad
495 1075 678 1108 veritatem
692 1075 731 1106 Ο.
753 1074 804 1106 15.
825 1073 907 1105 Vide
930 1073 1092 1116 Veritas.)
1111 1093 1150 1098 -
1163 1076 1210 1108 De
1222 1081 1301 1109 ente
1318 1078 1450 1120 simpli-

205 1126 292 1158 citer
310 1129 346 1158 et
367 1124 410 1156 de
429 1123 520 1156 bono
540 1121 756 1162 simpliciter,
777 1121 817 1153 O.
845 1121 898 1159 17,
915 1120 953 1151 V.
974 1137 1016 1145 —
1033 1121 1082 1153 De
1101 1124 1177 1154 ente
1195 1124 1390 1158 necessario
1419 1129 1450 1158 el

204 1171 436 1214 conlinyente,
455 1169 499 1202 Ο.
522 1169 574 1201 21.
586 1168 682 1209 (Vide
694 1167 976 1208 contingens.)—
988 1167 1039 1200 De
1057 1170 1134 1200 ente
1154 1169 1307 1210 simplici
1319 1174 1351 1203 el
1363 1181 1450 1205 com-

201 1218 331 1261 posito,
349 1218 389 1250 0.
410 1216 462 1248 22.
476 1215 573 1257 (Vide
590 1213 854 1256 Composz‘cum.)
877 1231 918 1237 —
942 1213 993 1246 De
1012 1217 1087 1246 ente
1118 1215 1262 1256 infinito
1281 1220 1314 1249 el
1337 1218 1448 1258 finito,

206 1266 232 1297 Ο
263 1265 317 1297 23.
333 1263 429 1306 (Vide
452 1261 674 1303 Infinitum.)
697 1278 738 1284 —
757 1261 805 1294 De
828 1263 905 1293 ente
924 1260 1091 1293 mutabili
1111 1265 1144 1294 et
1163 1262 1389 1305 immutabili,
1406 1267 1446 1300 Ο.

205 1312 257 1344 25.
279 1310 378 1352 (Vide
402 1307 612 1350 Mutabilis.)
631 1325 672 1331 —
701 1307 768 1339 Ens
794 1311 845 1339 est
868 1307 961 1347 quod
984 1308 1133 1348 primum
1160 1309 1252 1342 cadit
1272 1310 1306 1342 in
1330 1320 1450 1352 appre-

206 1357 374 1391 hensione
390 1355 586 1389 intellectus
608 1353 730 1393 nostri,
749 1354 784 1386 P.
805 1353 856 1393 41,
877 1353 932 1385 1v.
953 1371 988 1377 —
1011 1354 1060 1387 De
1079 1354 1206 1396 duplici
1226 1357 1315 1390 entis
1336 1360 1451 1400 cogni-

206 1405 311 1443 tione,
328 1403 369 1435 V.
388 1420 430 1427 —
452 1401 551 1444 (Vide
570 1400 758 1443 cognitio.)

166 1469 417 1511 Enthymema.
441 1468 481 1500 L.
504 1467 556 1506 37,
577 1467 623 1499 11.

167 1527 417 1569 Epicherema.
444 1526 479 1558 1..
506 1524 639 1563 3'1‚111.

166 1585 289 1619 Error.
316 1584 354 1616 L.
383 1582 436 1622 40,
459 1582 529 1614 Vll.
550 1599 588 1605 —-
610 1582 710 1614 Error
728 1581 764 1614 in
787 1581 933 1614 materia
959 1589 1094 1614 morum
1111 1582 1337 1618 (conscientia
1358 1594 1450 1618 erro-

207 1639 273 1664 nea
291 1630 433 1671 obIIgat‚
453 1637 524 1662 non
538 1636 675 1669 semper
691 1629 858 1669 excusat),
877 1628 921 1660 M.
943 1628 995 1667 19,
1010 1627 1130 1662 VII-X.

167 1690 256 1724 Esse
275 1689 421 1728 morale,
443 1688 488 1721 Μ.
505 1687 540 1721 9.
561 1686 658 1728 (Vide
672 1685 883 1727 Mor-acilas).

168 1752 351 1788 Essentia.
368 1753 417 1787 De
431 1752 591 1785 essentiis
604 1760 738 1789 rerum,
759 1751 799 1783 O.
821 1750 873 1791 10,
898 1752 941 1783 II.
964 1769 1005 1775 —
1023 1752 1196 1785 vocabula
1215 1753 1342 1794 quibus
1367 1754 1456 1786 solet.

208 1800 361 1834 essentia
376 1798 553 1841 designari
574 1808 584 1830 ι
604 1796 796 1840 quidditas,
817 1798 1085 1838 forma,natura‚
1103 1799 1454 1833 lll.—Essentiarum

209 1895 315 1927 nitate
329 1892 503 1935 negativa,
515 1893 570 1925 IV.
585 1911 626 1916 —
642 1891 874 1925 Nominalium
889 1892 1062 1925 sententia
1078 1892 1168 1925 circa
1185 1898 1322 1926 nostras
1337 1894 1453 1936 cogni-

208 1941 323 1974 tiones
344 1939 591 1979 essentiarum‚
622 1939 658 1970 V.
688 1956 729 1962 —
754 1939 905 1971 Realitas
930 1939 1162 1972 essentiarum
1182 1948 1251 1972 non
1278 1944 1331 1972 est
1355 1941 1455 1973 nobis

208 1987 351 2021 omnino
371 1986 502 2028 ignota,
520 1986 591 2019 VII.
614 1986 713 2018 —De
723 1985 877 2017 essentiis
887 1994 1006 2018 rerum
1024 1985 1063 2018 in
1082 1985 1207 2018 ordine
1222 1985 1268 2017 ad
1273 1986 1456 2028 principia

209 2034 417 2073 extrinseca,
429 2034 471 2066 Ο.
495 2033 548 2066 11.
568 2051 609 2056 -
624 2033 742 2065 Utrum
763 2032 924 2065 essentiae
941 2039 1057 2064 rerum
1073 2032 1455 2065 habeantconstitutiva

208 2081 471 2113 illanecessaria
479 2088 539 2120 per
550 2088 629 2121 quae
643 2082 726 2111 sunt
736 2078 770 2110 id
782 2079 874 2120 quod
887 2082 969 2111 sunt
985 2087 1005 2110 a
1019 2079 1100 2119 Deo,
1111 2079 1165 2110 vel
1183 2078 1455 2119 independenter

209 2128 252 2159 ab
272 2126 345 2166 illo,
373 2125 400 2158 1.
420 2142 460 2149 —
485 2128 510 2157 Α
534 2133 604 2166 quo
625 2124 791 2157 attributo
810 2124 927 2156 divino
947 2124 1123 2165 pendeant
1144 2125 1305 2157 essentiae
1327 2133 1454 2165 rerum,

210 2173 265 2206 IV.
282 2191 322 2197 —
340 2171 507 2206 Essentiae
526 2180 642 2204 rerum
662 2180 730 2204 non
747 2171 900 2213 pendent
921 2172 965 2204 ab
989 2170 1240 2212 omnipotentia
1262 2171 1324 2203 Dei
1343 2171 1398 2204 VI.
1415 2189 1456 2196 -—

264 2227 334 2252 non
362 2217 515 2260 pendent
531 2226 551 2250 a
569 2217 677 2250 libera
705 2217 764 2250 Dei
783 2218 972 2256 voluntate,
1000 2218 1089 2250 VllI.
1118 2235 1158 2241 —
1182 2218 1385 2258 ...pendent
1412 2218 1456 2251 ab

208 2265 387 2299 intellectu
399 2263 530 2303 divino,
545 2264 603 2296 IX.
622 2281 664 2288 -—-
679 2286 704 2296 ..
715 2288 724 2296 .
751 2265 905 2304 pendent
920 2268 1050 2296 remote
1065 2273 1127 2296 seu
1142 2263 1292 2296 mediate
1306 2272 1325 2295 a
1340 2263 1455 2297 divina

209 2311 371 2345 essentia.
394 2311 435 2345 X.
457 2329 495 2335 -
515 2310 673 2343 Essentia
688 2310 792 2343 realis
811 2319 986 2352 corporea,
1006 2319 1077 2351 qua
1097 2310 1189 2350 talis,
1210 2318 1279 2342 non
1301 2314 1453 2349 extensa,

210 2360 247 2391 0.
263 2357 382 2390 34.1v.
396 2375 437 2382 -
459 2357 616 2390 Essentia
631 2356 870 2390 substantians
896 2357 931 2389 in
947 2357 1049 2390 rebus
1072 2356 1197 2389 creatis
1220 2355 1357 2389 realiter
1385 2356 1454 2389 dis-
