<?xml version="1.0" encoding="UTF-8"?>
<!DOCTYPE html PUBLIC "-//W3C//DTD XHTML 1.0 Transitional//EN"
    "http://www.w3.org/TR/xhtml1/DTD/xhtml1-transitional.dtd">
<html xmlns="http://www.w3.org/1999/xhtml" xml:lang="en" lang="en">
 <head>
  <title>
</title>
<meta http-equiv="Content-Type" content="text/html;charset=utf-8" />
  <meta name='ocr-system' content='tesseract 3.04.00' />
  <meta name='ocr-capabilities' content='ocr_page ocr_carea ocr_par ocr_line ocrx_word'/>
</head>
<body>
  <div class='ocr_page' id='page_1' title='image "./summaphilosophic03zigluoft_0326.png"; bbox 0 0 1584 2569; ppageno 0'>
   <div class='ocr_carea' id='block_1_1' title="bbox 182 141 1472 182">
    <p class='ocr_par' dir='ltr' id='par_1_1' title="bbox 182 141 1472 182">
     <span class='ocr_line' id='line_1_1' title="bbox 182 141 1472 182; baseline 0.002 -5"><span class='ocrx_word' id='word_1_1' title='bbox 182 141 250 177; x_wconf 80' lang='grc'>316</span> <span class='ocrx_word' id='word_1_2' title='bbox 279 151 338 178; x_wconf 73' lang='lat' dir='ltr'>:us</span> <span class='ocrx_word' id='word_1_3' title='bbox 352 151 515 179; x_wconf 63' lang='lat' dir='ltr'>nunu.</span> <span class='ocrx_word' id='word_1_4' title='bbox 534 153 606 180; x_wconf 75' lang='lat' dir='ltr'>Lm.</span> <span class='ocrx_word' id='word_1_5' title='bbox 632 155 671 180; x_wconf 90' lang='lat'>11.</span> <span class='ocrx_word' id='word_1_6' title='bbox 693 154 769 180; x_wconf 66' lang='lat' dir='ltr'>cn.</span> <span class='ocrx_word' id='word_1_7' title='bbox 793 153 829 180; x_wconf 82' lang='lat' dir='ltr'>V.</span> <span class='ocrx_word' id='word_1_8' title='bbox 851 153 896 180; x_wconf 78' lang='lat' dir='ltr'>DE</span> <span class='ocrx_word' id='word_1_9' title='bbox 914 154 1044 180; x_wconf 72' lang='lat' dir='ltr'>uUTUIS</span> <span class='ocrx_word' id='word_1_10' title='bbox 1062 154 1253 180; x_wconf 76' lang='lat' dir='ltr'>RELATION.</span> <span class='ocrx_word' id='word_1_11' title='bbox 1274 154 1379 180; x_wconf 74' lang='lat' dir='ltr'>INTER</span> <span class='ocrx_word' id='word_1_12' title='bbox 1397 156 1472 182; x_wconf 69' lang='lat' dir='ltr'>IIYC.</span> 
     </span>
    </p>
   </div>
   <div class='ocr_carea' id='block_1_2' title="bbox 181 223 1484 1802">
    <p class='ocr_par' dir='ltr' id='par_1_2' title="bbox 181 223 1480 788">
     <span class='ocr_line' id='line_1_2' title="bbox 182 223 1476 273; baseline 0.002 -15"><span class='ocrx_word' id='word_1_13' title='bbox 182 223 255 259; x_wconf 81' lang='lat' dir='ltr'>sibi</span> <span class='ocrx_word' id='word_1_14' title='bbox 267 234 334 271; x_wconf 88' lang='lat' dir='ltr'>per</span> <span class='ocrx_word' id='word_1_15' title='bbox 355 224 532 271; x_wconf 83' lang='lat' dir='ltr'>gloriam.</span> <span class='ocrx_word' id='word_1_16' title='bbox 556 226 725 262; x_wconf 86' lang='lat' dir='ltr'>Secundo</span> <span class='ocrx_word' id='word_1_17' title='bbox 748 236 883 262; x_wconf 87' lang='lat' dir='ltr'>eorum</span> <span class='ocrx_word' id='word_1_18' title='bbox 903 227 970 273; x_wconf 88' lang='lat' dir='ltr'>qui</span> <span class='ocrx_word' id='word_1_19' title='bbox 1003 230 1090 262; x_wconf 86' lang='lat' dir='ltr'>actu</span> <span class='ocrx_word' id='word_1_20' title='bbox 1110 226 1296 261; x_wconf 89' lang='lat' dir='ltr'>uniuntur</span> <span class='ocrx_word' id='word_1_21' title='bbox 1316 226 1388 261; x_wconf 86' lang='lat' dir='ltr'>sibi</span> <span class='ocrx_word' id='word_1_22' title='bbox 1407 235 1476 273; x_wconf 84' lang='lat' dir='ltr'>per</span> 
     </span>
     <span class='ocr_line' id='line_1_3' title="bbox 183 276 1471 326; baseline 0.002 -15"><span class='ocrx_word' id='word_1_23' title='bbox 183 276 425 314; x_wconf 67' lang='lat' dir='ltr'>charitatem.</span> <span class='ocrx_word' id='word_1_24' title='bbox 446 277 572 314; x_wconf 91' lang='lat' dir='ltr'>Tertio</span> <span class='ocrx_word' id='word_1_25' title='bbox 593 288 741 323; x_wconf 86' lang='lat' dir='ltr'>eorum,</span> <span class='ocrx_word' id='word_1_26' title='bbox 769 279 835 325; x_wconf 87' lang='lat' dir='ltr'>qui</span> <span class='ocrx_word' id='word_1_27' title='bbox 855 282 943 314; x_wconf 86' lang='lat' dir='ltr'>actu</span> <span class='ocrx_word' id='word_1_28' title='bbox 960 279 1148 315; x_wconf 86' lang='lat' dir='ltr'>uniuntur</span> <span class='ocrx_word' id='word_1_29' title='bbox 1167 279 1240 314; x_wconf 90' lang='lat' dir='ltr'>sibi</span> <span class='ocrx_word' id='word_1_30' title='bbox 1257 288 1324 326; x_wconf 87' lang='lat' dir='ltr'>per</span> <span class='ocrx_word' id='word_1_31' title='bbox 1339 278 1471 314; x_wconf 86' lang='lat' dir='ltr'>fidem.</span> 
     </span>
     <span class='ocr_line' id='line_1_4' title="bbox 183 329 1477 378; baseline 0.003 -15"><span class='ocrx_word' id='word_1_32' title='bbox 183 329 324 370; x_wconf 87' lang='lat' dir='ltr'>Quarto</span> <span class='ocrx_word' id='word_1_33' title='bbox 350 340 436 365; x_wconf 88' lang='lat' dir='ltr'>vero</span> <span class='ocrx_word' id='word_1_34' title='bbox 473 341 620 374; x_wconf 85' lang='lat' dir='ltr'>eorum,</span> <span class='ocrx_word' id='word_1_35' title='bbox 657 332 724 378; x_wconf 89' lang='lat' dir='ltr'>qui</span> <span class='ocrx_word' id='word_1_36' title='bbox 757 332 827 367; x_wconf 88' lang='lat' dir='ltr'>sibi</span> <span class='ocrx_word' id='word_1_37' title='bbox 862 332 1050 367; x_wconf 90' lang='lat' dir='ltr'>uniuntur</span> <span class='ocrx_word' id='word_1_38' title='bbox 1077 332 1202 367; x_wconf 89' lang='lat' dir='ltr'>solum</span> <span class='ocrx_word' id='word_1_39' title='bbox 1234 332 1272 366; x_wconf 90' lang='lat' dir='ltr'>in</span> <span class='ocrx_word' id='word_1_40' title='bbox 1304 332 1477 377; x_wconf 87' lang='lat' dir='ltr'>potentia</span> 
     </span>
     <span class='ocr_line' id='line_1_5' title="bbox 185 382 1476 432; baseline 0.002 -15"><span class='ocrx_word' id='word_1_41' title='bbox 185 382 357 419; x_wconf 86' lang='lat' dir='ltr'>nondum</span> <span class='ocrx_word' id='word_1_42' title='bbox 376 383 534 419; x_wconf 89' lang='lat' dir='ltr'>reducta</span> <span class='ocrx_word' id='word_1_43' title='bbox 553 384 602 420; x_wconf 92' lang='lat' dir='ltr'>ad</span> <span class='ocrx_word' id='word_1_44' title='bbox 632 388 779 427; x_wconf 85' lang='lat' dir='ltr'>actum,</span> <span class='ocrx_word' id='word_1_45' title='bbox 802 395 888 432; x_wconf 85' lang='lat' dir='ltr'>quae</span> <span class='ocrx_word' id='word_1_46' title='bbox 909 389 1040 421; x_wconf 87' lang='lat' dir='ltr'>tamen</span> <span class='ocrx_word' id='word_1_47' title='bbox 1061 389 1119 420; x_wconf 88' lang='lat' dir='ltr'>est</span> <span class='ocrx_word' id='word_1_48' title='bbox 1136 384 1185 420; x_wconf 88' lang='lat' dir='ltr'>ad</span> <span class='ocrx_word' id='word_1_49' title='bbox 1210 388 1339 420; x_wconf 86' lang='lat' dir='ltr'>actum</span> <span class='ocrx_word' id='word_1_50' title='bbox 1359 383 1476 419; x_wconf 88' lang='lat' dir='ltr'>redu-</span> 
     </span>
     <span class='ocr_line' id='line_1_6' title="bbox 181 435 1470 484; baseline 0.002 -15"><span class='ocrx_word' id='word_1_51' title='bbox 181 435 303 470; x_wconf 85' lang='lat' dir='ltr'>cenda</span> <span class='ocrx_word' id='word_1_52' title='bbox 335 439 545 472; x_wconf 85' lang='lat' dir='ltr'>secundum</span> <span class='ocrx_word' id='word_1_53' title='bbox 579 437 749 473; x_wconf 87' lang='lat' dir='ltr'>divinam</span> <span class='ocrx_word' id='word_1_54' title='bbox 782 437 1175 484; x_wconf 59' lang='lat' dir='ltr'>praedestinationem.</span> <span class='ocrx_word' id='word_1_55' title='bbox 1211 437 1351 479; x_wconf 85' lang='lat' dir='ltr'>Quinto</span> <span class='ocrx_word' id='word_1_56' title='bbox 1381 447 1470 472; x_wconf 85' lang='lat' dir='ltr'>vero</span> 
     </span>
     <span class='ocr_line' id='line_1_7' title="bbox 185 489 1476 536; baseline 0.002 -14"><span class='ocrx_word' id='word_1_57' title='bbox 185 497 332 530; x_wconf 66' lang='lat' dir='ltr'>sorum,</span> <span class='ocrx_word' id='word_1_58' title='bbox 350 489 416 535; x_wconf 89' lang='lat' dir='ltr'>qui</span> <span class='ocrx_word' id='word_1_59' title='bbox 438 489 476 524; x_wconf 89' lang='lat' dir='ltr'>in</span> <span class='ocrx_word' id='word_1_60' title='bbox 498 490 673 536; x_wconf 80' lang='lat' dir='ltr'>potentia</span> <span class='ocrx_word' id='word_1_61' title='bbox 706 494 798 525; x_wconf 90' lang='lat' dir='ltr'>sunt</span> <span class='ocrx_word' id='word_1_62' title='bbox 832 490 904 526; x_wconf 88' lang='lat' dir='ltr'>sibi</span> <span class='ocrx_word' id='word_1_63' title='bbox 924 490 1038 534; x_wconf 89' lang='lat' dir='ltr'>uniti,</span> <span class='ocrx_word' id='word_1_64' title='bbox 1072 500 1160 536; x_wconf 72' lang='lat' dir='ltr'>quas</span> <span class='ocrx_word' id='word_1_65' title='bbox 1182 499 1384 535; x_wconf 89' lang='lat' dir='ltr'>nunquam</span> <span class='ocrx_word' id='word_1_66' title='bbox 1418 499 1476 524; x_wconf 88' lang='lat' dir='ltr'>re-</span> 
     </span>
     <span class='ocr_line' id='line_1_8' title="bbox 184 538 1475 586; baseline 0.002 -12"><span class='ocrx_word' id='word_1_67' title='bbox 184 538 343 576; x_wconf 86' lang='lat' dir='ltr'>ducetur</span> <span class='ocrx_word' id='word_1_68' title='bbox 378 540 426 576; x_wconf 89' lang='lat' dir='ltr'>ad</span> <span class='ocrx_word' id='word_1_69' title='bbox 447 545 596 577; x_wconf 87' lang='lat' dir='ltr'>actum:</span> <span class='ocrx_word' id='word_1_70' title='bbox 626 543 722 578; x_wconf 89' lang='lat' dir='ltr'>sicut</span> <span class='ocrx_word' id='word_1_71' title='bbox 743 542 921 579; x_wconf 89' lang='lat' dir='ltr'>homines</span> <span class='ocrx_word' id='word_1_72' title='bbox 949 543 988 578; x_wconf 90' lang='lat' dir='ltr'>in</span> <span class='ocrx_word' id='word_1_73' title='bbox 1018 542 1090 579; x_wconf 91' lang='lat' dir='ltr'>hoc</span> <span class='ocrx_word' id='word_1_74' title='bbox 1125 542 1271 578; x_wconf 86' lang='lat' dir='ltr'>mundo</span> <span class='ocrx_word' id='word_1_75' title='bbox 1291 542 1475 586; x_wconf 87' lang='lat' dir='ltr'>viventes,</span> 
     </span>
     <span class='ocr_line' id='line_1_9' title="bbox 185 594 1477 642; baseline 0.002 -14"><span class='ocrx_word' id='word_1_76' title='bbox 185 594 250 638; x_wconf 89' lang='lat' dir='ltr'>qui</span> <span class='ocrx_word' id='word_1_77' title='bbox 278 604 354 629; x_wconf 88' lang='lat' dir='ltr'>non</span> <span class='ocrx_word' id='word_1_78' title='bbox 374 599 463 629; x_wconf 88' lang='lat' dir='ltr'>sunt</span> <span class='ocrx_word' id='word_1_79' title='bbox 486 594 761 641; x_wconf 72' lang='lat' dir='ltr'>praedestinati,</span> <span class='ocrx_word' id='word_1_80' title='bbox 783 596 850 642; x_wconf 87' lang='lat' dir='ltr'>qui</span> <span class='ocrx_word' id='word_1_81' title='bbox 876 599 1008 631; x_wconf 83' lang='lat' dir='ltr'>tamen</span> <span class='ocrx_word' id='word_1_82' title='bbox 1038 606 1084 631; x_wconf 86' lang='lat' dir='ltr'>ex</span> <span class='ocrx_word' id='word_1_83' title='bbox 1109 595 1181 631; x_wconf 91' lang='lat' dir='ltr'>hoc</span> <span class='ocrx_word' id='word_1_84' title='bbox 1208 594 1347 631; x_wconf 84' lang='lat' dir='ltr'>saeoulo</span> <span class='ocrx_word' id='word_1_85' title='bbox 1375 604 1477 630; x_wconf 86' lang='lat' dir='ltr'>rece-</span> 
     </span>
     <span class='ocr_line' id='line_1_10' title="bbox 187 644 1480 694; baseline 0.001 -14"><span class='ocrx_word' id='word_1_86' title='bbox 187 644 328 687; x_wconf 83' lang='lat' dir='ltr'><strong>dentes,</strong></span> <span class='ocrx_word' id='word_1_87' title='bbox 347 647 516 682; x_wconf 78' lang='lat' dir='ltr'>totaliter</span> <span class='ocrx_word' id='word_1_88' title='bbox 534 647 712 683; x_wconf 87' lang='lat' dir='ltr'>desinunt</span> <span class='ocrx_word' id='word_1_89' title='bbox 729 658 810 684; x_wconf 86' lang='lat' dir='ltr'>esse</span> <span class='ocrx_word' id='word_1_90' title='bbox 831 648 1007 684; x_wconf 90' lang='lat' dir='ltr'>membra</span> <span class='ocrx_word' id='word_1_91' title='bbox 1027 648 1178 692; x_wconf 82' lang='lat' dir='ltr'>Christi,</span> <span class='ocrx_word' id='word_1_92' title='bbox 1198 648 1290 694; x_wconf 88' lang='lat' dir='ltr'>quia</span> <span class='ocrx_word' id='word_1_93' title='bbox 1305 648 1388 693; x_wconf 80' lang='lat' dir='ltr'>jam</span> <span class='ocrx_word' id='word_1_94' title='bbox 1409 656 1480 681; x_wconf 86' lang='lat' dir='ltr'>nec</span> 
     </span>
     <span class='ocr_line' id='line_1_11' title="bbox 185 699 1474 747; baseline 0.001 -14"><span class='ocrx_word' id='word_1_95' title='bbox 185 702 275 733; x_wconf 89' lang='lat' dir='ltr'>sunt</span> <span class='ocrx_word' id='word_1_96' title='bbox 308 699 346 734; x_wconf 90' lang='lat' dir='ltr'>in</span> <span class='ocrx_word' id='word_1_97' title='bbox 376 701 547 747; x_wconf 87' lang='lat' dir='ltr'>potentia</span> <span class='ocrx_word' id='word_1_98' title='bbox 576 705 618 736; x_wconf 92' lang='lat' dir='ltr'>ut</span> <span class='ocrx_word' id='word_1_99' title='bbox 646 701 792 736; x_wconf 85' lang='lat' dir='ltr'>Christo</span> <span class='ocrx_word' id='word_1_100' title='bbox 826 701 1022 737; x_wconf 87' lang='lat' dir='ltr'>uniantur.</span> <span class='ocrx_word' id='word_1_101' title='bbox 1059 715 1075 732; x_wconf 74' lang='grc' dir='ltr'><strong>ι</strong></span> <span class='ocrx_word' id='word_1_102' title='bbox 1107 701 1148 736; x_wconf 88' lang='grc' dir='ltr'>Ρ.</span> <span class='ocrx_word' id='word_1_103' title='bbox 1182 701 1245 744; x_wconf 88' lang='lat'>111,</span> <span class='ocrx_word' id='word_1_104' title='bbox 1279 700 1351 741; x_wconf 89' lang='lat' dir='ltr'>Qu.</span> <span class='ocrx_word' id='word_1_105' title='bbox 1381 700 1474 741; x_wconf 88' lang='lat' dir='ltr'>VIII,</span> 
     </span>
     <span class='ocr_line' id='line_1_12' title="bbox 186 751 391 788; baseline 0.005 -3"><span class='ocrx_word' id='word_1_106' title='bbox 186 751 303 787; x_wconf 83' lang='lat' dir='ltr'>Artic.</span> <span class='ocrx_word' id='word_1_107' title='bbox 329 752 391 788; x_wconf 94' lang='lat' dir='ltr'>III.</span> 
     </span>
    </p>

    <p class='ocr_par' dir='ltr' id='par_1_3' title="bbox 185 803 1484 1802">
     <span class='ocr_line' id='line_1_13' title="bbox 232 803 1474 853; baseline 0.001 -15"><span class='ocrx_word' id='word_1_108' title='bbox 232 804 285 838; x_wconf 82' lang='lat' dir='ltr'>Ex</span> <span class='ocrx_word' id='word_1_109' title='bbox 301 803 404 840; x_wconf 88' lang='lat' dir='ltr'>hisce</span> <span class='ocrx_word' id='word_1_110' title='bbox 424 805 621 852; x_wconf 85' lang='lat' dir='ltr'>principiis</span> <span class='ocrx_word' id='word_1_111' title='bbox 634 805 679 842; x_wconf 89' lang='lat' dir='ltr'>de</span> <span class='ocrx_word' id='word_1_112' title='bbox 695 805 797 841; x_wconf 82' lang='lat' dir='ltr'>facili</span> <span class='ocrx_word' id='word_1_113' title='bbox 816 806 1004 853; x_wconf 87' lang='lat' dir='ltr'>probatur</span> <span class='ocrx_word' id='word_1_114' title='bbox 1020 806 1140 841; x_wconf 87' lang='lat' dir='ltr'>thesis</span> <span class='ocrx_word' id='word_1_115' title='bbox 1160 807 1305 842; x_wconf 88' lang='lat' dir='ltr'>nostra.</span> <span class='ocrx_word' id='word_1_116' title='bbox 1323 804 1474 841; x_wconf 83' lang='lat' dir='ltr'>Etenim</span> 
     </span>
     <span class='ocr_line' id='line_1_14' title="bbox 186 855 1477 905; baseline 0.002 -15"><span class='ocrx_word' id='word_1_117' title='bbox 186 855 349 892; x_wconf 85' lang='lat' dir='ltr'>Ecclesia</span> <span class='ocrx_word' id='word_1_118' title='bbox 380 857 571 894; x_wconf 86' lang='lat' dir='ltr'>catholica</span> <span class='ocrx_word' id='word_1_119' title='bbox 609 859 685 894; x_wconf 87' lang='lat' dir='ltr'>sive</span> <span class='ocrx_word' id='word_1_120' title='bbox 721 863 807 893; x_wconf 89' lang='lat' dir='ltr'>actu</span> <span class='ocrx_word' id='word_1_121' title='bbox 848 859 925 895; x_wconf 84' lang='lat' dir='ltr'>sivc</span> <span class='ocrx_word' id='word_1_122' title='bbox 965 859 1139 905; x_wconf 85' lang='lat' dir='ltr'>potentia</span> <span class='ocrx_word' id='word_1_123' title='bbox 1177 861 1308 905; x_wconf 81' lang='lat' dir='ltr'><strong>gentes</strong></span> <span class='ocrx_word' id='word_1_124' title='bbox 1343 867 1477 894; x_wconf 88' lang='lat' dir='ltr'>omnes</span> 
     </span>
     <span class='ocr_line' id='line_1_15' title="bbox 187 909 1482 959; baseline 0 -15"><span class='ocrx_word' id='word_1_125' title='bbox 187 909 465 956; x_wconf 77' lang='lat' dir='ltr'>complectitur,</span> <span class='ocrx_word' id='word_1_126' title='bbox 496 914 538 946; x_wconf 92' lang='lat' dir='ltr'>ut</span> <span class='ocrx_word' id='word_1_127' title='bbox 563 921 609 947; x_wconf 86' lang='lat' dir='ltr'>ex</span> <span class='ocrx_word' id='word_1_128' title='bbox 626 911 662 946; x_wconf 92' lang='lat' dir='ltr'>S.</span> <span class='ocrx_word' id='word_1_129' title='bbox 690 910 839 947; x_wconf 86' lang='lat' dir='ltr'>Thoma</span> <span class='ocrx_word' id='word_1_130' title='bbox 862 910 1104 956; x_wconf 82' lang='lat' dir='ltr'>audivimus3</span> <span class='ocrx_word' id='word_1_131' title='bbox 1133 915 1317 959; x_wconf 83' lang='lat' dir='ltr'>praeterea</span> <span class='ocrx_word' id='word_1_132' title='bbox 1338 913 1395 946; x_wconf 87' lang='lat' dir='ltr'>est</span> <span class='ocrx_word' id='word_1_133' title='bbox 1416 910 1482 945; x_wconf 92' lang='lat' dir='ltr'>So-</span> 
     </span>
     <span class='ocr_line' id='line_1_16' title="bbox 188 962 1482 1010; baseline 0.001 -14"><span class='ocrx_word' id='word_1_134' title='bbox 188 962 306 997; x_wconf 83' lang='lat' dir='ltr'>cietas</span> <span class='ocrx_word' id='word_1_135' title='bbox 340 967 480 999; x_wconf 85' lang='lat' dir='ltr'>natura</span> <span class='ocrx_word' id='word_1_136' title='bbox 506 973 578 999; x_wconf 87' lang='lat' dir='ltr'>sua</span> <span class='ocrx_word' id='word_1_137' title='bbox 606 963 847 1008; x_wconf 90' lang='lat' dir='ltr'>doctrinalis,</span> <span class='ocrx_word' id='word_1_138' title='bbox 878 969 915 999; x_wconf 90' lang='lat' dir='ltr'>et</span> <span class='ocrx_word' id='word_1_139' title='bbox 940 964 978 999; x_wconf 92' lang='lat' dir='ltr'>in</span> <span class='ocrx_word' id='word_1_140' title='bbox 1010 963 1124 1000; x_wconf 90' lang='lat' dir='ltr'>rebus</span> <span class='ocrx_word' id='word_1_141' title='bbox 1153 974 1239 1010; x_wconf 86' lang='lat' dir='ltr'>quae</span> <span class='ocrx_word' id='word_1_142' title='bbox 1272 962 1482 1010; x_wconf 87' lang='lat' dir='ltr'>respiciunt.</span> 
     </span>
     <span class='ocr_line' id='line_1_17' title="bbox 189 1014 1481 1063; baseline 0.001 -14"><span class='ocrx_word' id='word_1_143' title='bbox 189 1014 373 1061; x_wconf 81' lang='lat' dir='ltr'>dogmata</span> <span class='ocrx_word' id='word_1_144' title='bbox 401 1020 439 1052; x_wconf 90' lang='lat' dir='ltr'>et</span> <span class='ocrx_word' id='word_1_145' title='bbox 467 1026 595 1052; x_wconf 89' lang='lat' dir='ltr'>mores</span> <span class='ocrx_word' id='word_1_146' title='bbox 632 1016 832 1063; x_wconf 87' lang='lat' dir='ltr'>possidens</span> <span class='ocrx_word' id='word_1_147' title='bbox 864 1017 1133 1063; x_wconf 80' lang='lat' dir='ltr'>magisterium</span> <span class='ocrx_word' id='word_1_148' title='bbox 1167 1015 1389 1059; x_wconf 79' lang='lat' dir='ltr'>infallibile3</span> <span class='ocrx_word' id='word_1_149' title='bbox 1425 1017 1481 1051; x_wconf 82' lang='lat' dir='ltr'>est</span> 
     </span>
     <span class='ocr_line' id='line_1_18' title="bbox 190 1064 1481 1116; baseline 0 -14"><span class='ocrx_word' id='word_1_150' title='bbox 190 1067 357 1103; x_wconf 54' lang='lat' dir='ltr'>Societas</span> <span class='ocrx_word' id='word_1_151' title='bbox 375 1068 483 1114; x_wconf 90' lang='lat' dir='ltr'>cujus</span> <span class='ocrx_word' id='word_1_152' title='bbox 503 1073 618 1116; x_wconf 86' lang='lat' dir='ltr'>caput</span> <span class='ocrx_word' id='word_1_153' title='bbox 646 1069 832 1105; x_wconf 81' lang='lat' dir='ltr'>invisibile</span> <span class='ocrx_word' id='word_1_154' title='bbox 852 1073 910 1105; x_wconf 91' lang='lat' dir='ltr'>est</span> <span class='ocrx_word' id='word_1_155' title='bbox 930 1068 1102 1104; x_wconf 89' lang='lat' dir='ltr'>Christus</span> <span class='ocrx_word' id='word_1_156' title='bbox 1123 1069 1215 1114; x_wconf 89' lang='lat' dir='ltr'>ipse,</span> <span class='ocrx_word' id='word_1_157' title='bbox 1239 1069 1339 1103; x_wconf 89' lang='lat' dir='ltr'>Deus</span> <span class='ocrx_word' id='word_1_158' title='bbox 1366 1064 1481 1103; x_wconf 89' lang='lat' dir='ltr'>simul</span> 
     </span>
     <span class='ocr_line' id='line_1_19' title="bbox 189 1119 1480 1168; baseline 0 -13"><span class='ocrx_word' id='word_1_159' title='bbox 189 1122 226 1154; x_wconf 81' lang='lat' dir='ltr'>et</span> <span class='ocrx_word' id='word_1_160' title='bbox 250 1119 380 1165; x_wconf 85' lang='lat' dir='ltr'>homo,</span> <span class='ocrx_word' id='word_1_161' title='bbox 410 1122 519 1167; x_wconf 85' lang='lat' dir='ltr'>cujus</span> <span class='ocrx_word' id='word_1_162' title='bbox 544 1125 661 1168; x_wconf 83' lang='lat' dir='ltr'>caput</span> <span class='ocrx_word' id='word_1_163' title='bbox 686 1121 834 1157; x_wconf 83' lang='lat' dir='ltr'>visibile</span> <span class='ocrx_word' id='word_1_164' title='bbox 865 1124 921 1157; x_wconf 88' lang='lat' dir='ltr'>est</span> <span class='ocrx_word' id='word_1_165' title='bbox 952 1122 1134 1157; x_wconf 87' lang='lat' dir='ltr'>Summus</span> <span class='ocrx_word' id='word_1_166' title='bbox 1160 1122 1354 1156; x_wconf 89' lang='lat' dir='ltr'>Romanus</span> <span class='ocrx_word' id='word_1_167' title='bbox 1381 1121 1480 1156; x_wconf 91' lang='lat' dir='ltr'>Pon-</span> 
     </span>
     <span class='ocr_line' id='line_1_20' title="bbox 190 1171 1481 1221; baseline 0.001 -15"><span class='ocrx_word' id='word_1_168' title='bbox 190 1171 281 1207; x_wconf 84' lang='lat' dir='ltr'>tifex</span> <span class='ocrx_word' id='word_1_169' title='bbox 306 1174 590 1220; x_wconf 80' lang='lat' dir='ltr'>supernaturali</span> <span class='ocrx_word' id='word_1_170' title='bbox 612 1173 800 1221; x_wconf 84' lang='lat' dir='ltr'>dignitate</span> <span class='ocrx_word' id='word_1_171' title='bbox 828 1178 977 1219; x_wconf 88' lang='lat' dir='ltr'>auctus,</span> <span class='ocrx_word' id='word_1_172' title='bbox 1000 1174 1143 1209; x_wconf 88' lang='lat' dir='ltr'>nemini</span> <span class='ocrx_word' id='word_1_173' title='bbox 1162 1173 1363 1208; x_wconf 89' lang='lat' dir='ltr'>hominum</span> <span class='ocrx_word' id='word_1_174' title='bbox 1389 1172 1481 1207; x_wconf 88' lang='lat' dir='ltr'>sub-</span> 
     </span>
     <span class='ocr_line' id='line_1_21' title="bbox 185 1224 1481 1273; baseline 0.001 -14"><span class='ocrx_word' id='word_1_175' title='bbox 185 1224 321 1271; x_wconf 86' lang='lat' dir='ltr'>jectus,</span> <span class='ocrx_word' id='word_1_176' title='bbox 339 1225 486 1262; x_wconf 87' lang='lat' dir='ltr'>habens</span> <span class='ocrx_word' id='word_1_177' title='bbox 505 1230 715 1273; x_wconf 85' lang='lat' dir='ltr'>potestates</span> <span class='ocrx_word' id='word_1_178' title='bbox 735 1227 862 1263; x_wconf 83' lang='lat' dir='ltr'>civiles</span> <span class='ocrx_word' id='word_1_179' title='bbox 887 1227 957 1263; x_wconf 89' lang='lat' dir='ltr'>sibi</span> <span class='ocrx_word' id='word_1_180' title='bbox 978 1226 1261 1270; x_wconf 85' lang='lat' dir='ltr'>subordinatas,</span> <span class='ocrx_word' id='word_1_181' title='bbox 1284 1229 1322 1262; x_wconf 85' lang='lat' dir='ltr'>et</span> <span class='ocrx_word' id='word_1_182' title='bbox 1341 1236 1386 1261; x_wconf 87' lang='lat' dir='ltr'>ex</span> <span class='ocrx_word' id='word_1_183' title='bbox 1405 1235 1481 1272; x_wconf 89' lang='lat' dir='ltr'>spe-</span> 
     </span>
     <span class='ocr_line' id='line_1_22' title="bbox 190 1278 1478 1327; baseline 0.001 -15"><span class='ocrx_word' id='word_1_184' title='bbox 190 1278 277 1313; x_wconf 85' lang='lat' dir='ltr'>ciali</span> <span class='ocrx_word' id='word_1_185' title='bbox 294 1279 513 1315; x_wconf 87' lang='lat' dir='ltr'>assistentia</span> <span class='ocrx_word' id='word_1_186' title='bbox 528 1280 691 1327; x_wconf 88' lang='lat' dir='ltr'>Spiritus</span> <span class='ocrx_word' id='word_1_187' title='bbox 709 1280 836 1316; x_wconf 85' lang='lat' dir='ltr'>Sancti</span> <span class='ocrx_word' id='word_1_188' title='bbox 860 1279 1026 1316; x_wconf 84' lang='lat' dir='ltr'>directus</span> <span class='ocrx_word' id='word_1_189' title='bbox 1043 1279 1092 1315; x_wconf 89' lang='lat' dir='ltr'>ad</span> <span class='ocrx_word' id='word_1_190' title='bbox 1111 1280 1275 1314; x_wconf 84' lang='lat' dir='ltr'>salutem</span> <span class='ocrx_word' id='word_1_191' title='bbox 1296 1278 1478 1325; x_wconf 87' lang='lat' dir='ltr'>gentium.</span> 
     </span>
     <span class='ocr_line' id='line_1_23' title="bbox 192 1330 1483 1379; baseline 0.001 -14"><span class='ocrx_word' id='word_1_192' title='bbox 192 1330 313 1366; x_wconf 79' lang='lat' dir='ltr'>Habes</span> <span class='ocrx_word' id='word_1_193' title='bbox 338 1332 456 1379; x_wconf 85' lang='lat' dir='ltr'>igitur</span> <span class='ocrx_word' id='word_1_194' title='bbox 476 1333 513 1367; x_wconf 92' lang='lat' dir='ltr'>in</span> <span class='ocrx_word' id='word_1_195' title='bbox 535 1332 701 1369; x_wconf 80' lang='lat' dir='ltr'>Ecclesia</span> <span class='ocrx_word' id='word_1_196' title='bbox 719 1333 1060 1376; x_wconf 79' lang='lat' dir='ltr'>universalitatem,</span> <span class='ocrx_word' id='word_1_197' title='bbox 1080 1331 1199 1368; x_wconf 87' lang='lat' dir='ltr'>habes</span> <span class='ocrx_word' id='word_1_198' title='bbox 1220 1331 1483 1378; x_wconf 76' lang='lat' dir='ltr'>mayisterium</span> 
     </span>
     <span class='ocr_line' id='line_1_24' title="bbox 191 1383 1483 1432; baseline 0.001 -14"><span class='ocrx_word' id='word_1_199' title='bbox 191 1383 419 1426; x_wconf 82' lang='lat' dir='ltr'>doctrinale,</span> <span class='ocrx_word' id='word_1_200' title='bbox 452 1384 572 1421; x_wconf 86' lang='lat' dir='ltr'>habes</span> <span class='ocrx_word' id='word_1_201' title='bbox 598 1385 828 1432; x_wconf 84' lang='lat' dir='ltr'>dignitatem</span> <span class='ocrx_word' id='word_1_202' title='bbox 861 1388 899 1421; x_wconf 89' lang='lat' dir='ltr'>et</span> <span class='ocrx_word' id='word_1_203' title='bbox 928 1384 1282 1432; x_wconf 55' lang='lat' dir='ltr'>supereminentiam</span> <span class='ocrx_word' id='word_1_204' title='bbox 1308 1395 1317 1420; x_wconf 78' lang='lat' dir='ltr'>t</span> <span class='ocrx_word' id='word_1_205' title='bbox 1350 1384 1483 1419; x_wconf 87' lang='lat' dir='ltr'>omnia</span> 
     </span>
     <span class='ocr_line' id='line_1_25' title="bbox 193 1436 1481 1485; baseline 0.001 -14"><span class='ocrx_word' id='word_1_206' title='bbox 193 1436 332 1472; x_wconf 81' lang='lat' dir='ltr'>scilicet</span> <span class='ocrx_word' id='word_1_207' title='bbox 351 1448 437 1484; x_wconf 84' lang='lat' dir='ltr'>quae</span> <span class='ocrx_word' id='word_1_208' title='bbox 456 1439 707 1485; x_wconf 83' lang='lat' dir='ltr'>requiruntur</span> <span class='ocrx_word' id='word_1_209' title='bbox 724 1439 772 1475; x_wconf 91' lang='lat' dir='ltr'>ad</span> <span class='ocrx_word' id='word_1_210' title='bbox 788 1439 1066 1483; x_wconf 75' lang='lat' dir='ltr'>ethnarchiam,</span> <span class='ocrx_word' id='word_1_211' title='bbox 1086 1438 1160 1474; x_wconf 87' lang='lat' dir='ltr'>hoc</span> <span class='ocrx_word' id='word_1_212' title='bbox 1176 1442 1233 1474; x_wconf 89' lang='lat' dir='ltr'>est</span> <span class='ocrx_word' id='word_1_213' title='bbox 1251 1436 1299 1473; x_wconf 89' lang='lat' dir='ltr'>ad</span> <span class='ocrx_word' id='word_1_214' title='bbox 1313 1436 1481 1473; x_wconf 89' lang='lat' dir='ltr'>validam</span> 
     </span>
     <span class='ocr_line' id='line_1_26' title="bbox 194 1488 1482 1539; baseline 0.001 -15"><span class='ocrx_word' id='word_1_215' title='bbox 194 1491 461 1526; x_wconf 84' lang='lat' dir='ltr'>auctoritatem</span> <span class='ocrx_word' id='word_1_216' title='bbox 500 1502 615 1538; x_wconf 87' lang='lat' dir='ltr'>super</span> <span class='ocrx_word' id='word_1_217' title='bbox 653 1502 788 1528; x_wconf 86' lang='lat' dir='ltr'>omnes</span> <span class='ocrx_word' id='word_1_218' title='bbox 829 1494 961 1539; x_wconf 85' lang='lat' dir='ltr'>gentes</span> <span class='ocrx_word' id='word_1_219' title='bbox 1002 1492 1058 1527; x_wconf 89' lang='lat' dir='ltr'>vel</span> <span class='ocrx_word' id='word_1_220' title='bbox 1091 1491 1285 1527; x_wconf 72' lang='lat' dir='ltr'>nationes,</span> <span class='ocrx_word' id='word_1_221' title='bbox 1315 1509 1360 1517; x_wconf 90' lang='lat'>—</span> <span class='ocrx_word' id='word_1_222' title='bbox 1391 1488 1482 1531; x_wconf 80' lang='lat' dir='ltr'>Quae</span> 
     </span>
     <span class='ocr_line' id='line_1_27' title="bbox 192 1541 1483 1591; baseline 0 -14"><span class='ocrx_word' id='word_1_223' title='bbox 192 1542 475 1590; x_wconf 80' lang='lat' dir='ltr'>sapientissima</span> <span class='ocrx_word' id='word_1_224' title='bbox 490 1543 646 1590; x_wconf 90' lang='lat' dir='ltr'>politica</span> <span class='ocrx_word' id='word_1_225' title='bbox 660 1544 700 1579; x_wconf 90' lang='lat' dir='ltr'>in</span> <span class='ocrx_word' id='word_1_226' title='bbox 714 1544 859 1580; x_wconf 91' lang='lat' dir='ltr'>bonum</span> <span class='ocrx_word' id='word_1_227' title='bbox 879 1544 1112 1591; x_wconf 89' lang='lat' dir='ltr'>populorum</span> <span class='ocrx_word' id='word_1_228' title='bbox 1133 1542 1332 1589; x_wconf 82' lang='lat' dir='ltr'>praevaluit</span> <span class='ocrx_word' id='word_1_229' title='bbox 1355 1541 1483 1578; x_wconf 86' lang='lat' dir='ltr'>medio</span> 
     </span>
     <span class='ocr_line' id='line_1_28' title="bbox 193 1594 1484 1644; baseline 0 -14"><span class='ocrx_word' id='word_1_230' title='bbox 193 1605 285 1640; x_wconf 88' lang='lat' dir='ltr'>aev0‚</span> <span class='ocrx_word' id='word_1_231' title='bbox 313 1596 466 1641; x_wconf 88' lang='lat' dir='ltr'>quando</span> <span class='ocrx_word' id='word_1_232' title='bbox 495 1607 632 1644; x_wconf 87' lang='lat' dir='ltr'>nempe</span> <span class='ocrx_word' id='word_1_233' title='bbox 661 1597 792 1644; x_wconf 90' lang='lat' dir='ltr'>populi</span> <span class='ocrx_word' id='word_1_234' title='bbox 822 1602 858 1633; x_wconf 86' lang='lat' dir='ltr'>et</span> <span class='ocrx_word' id='word_1_235' title='bbox 883 1607 992 1644; x_wconf 84' lang='lat' dir='ltr'>reges</span> <span class='ocrx_word' id='word_1_236' title='bbox 1020 1607 1105 1632; x_wconf 85' lang='lat' dir='ltr'>vere</span> <span class='ocrx_word' id='word_1_237' title='bbox 1135 1596 1337 1631; x_wconf 82' lang='lat' dir='ltr'>Christiani</span> <span class='ocrx_word' id='word_1_238' title='bbox 1363 1594 1484 1631; x_wconf 88' lang='lat' dir='ltr'>susci·</span> 
     </span>
     <span class='ocr_line' id='line_1_29' title="bbox 192 1647 1479 1693; baseline 0 -10"><span class='ocrx_word' id='word_1_239' title='bbox 192 1647 349 1693; x_wconf 86' lang='lat' dir='ltr'>piebant</span> <span class='ocrx_word' id='word_1_240' title='bbox 386 1658 430 1685; x_wconf 83' lang='lat' dir='ltr'>ac</span> <span class='ocrx_word' id='word_1_241' title='bbox 467 1649 746 1685; x_wconf 79' lang='lat' dir='ltr'>venerabantur</span> <span class='ocrx_word' id='word_1_242' title='bbox 779 1649 817 1686; x_wconf 92' lang='lat' dir='ltr'>in</span> <span class='ocrx_word' id='word_1_243' title='bbox 855 1651 1027 1687; x_wconf 81' lang='lat' dir='ltr'>Romano</span> <span class='ocrx_word' id='word_1_244' title='bbox 1068 1648 1249 1684; x_wconf 82' lang='lat' dir='ltr'>Pontifice</span> <span class='ocrx_word' id='word_1_245' title='bbox 1286 1647 1479 1684; x_wconf 88' lang='lat' dir='ltr'>Vicarium</span> 
     </span>
     <span class='ocr_line' id='line_1_30' title="bbox 192 1700 1478 1748; baseline 0.001 -13"><span class='ocrx_word' id='word_1_246' title='bbox 192 1700 344 1746; x_wconf 84' lang='lat' dir='ltr'>Christi,</span> <span class='ocrx_word' id='word_1_247' title='bbox 377 1702 487 1748; x_wconf 87' lang='lat' dir='ltr'>cujus</span> <span class='ocrx_word' id='word_1_248' title='bbox 519 1713 674 1745; x_wconf 89' lang='lat' dir='ltr'>nomen,</span> <span class='ocrx_word' id='word_1_249' title='bbox 697 1707 739 1737; x_wconf 94' lang='lat' dir='ltr'>ut</span> <span class='ocrx_word' id='word_1_250' title='bbox 755 1703 876 1738; x_wconf 87' lang='lat' dir='ltr'>Isaias</span> <span class='ocrx_word' id='word_1_251' title='bbox 896 1703 962 1745; x_wconf 86' lang='lat' dir='ltr'>ait,</span> <span class='ocrx_word' id='word_1_252' title='bbox 984 1706 1039 1738; x_wconf 88' lang='lat' dir='ltr'>est</span> <span class='ocrx_word' id='word_1_253' title='bbox 1057 1701 1327 1745; x_wconf 58' lang='lat' dir='ltr'>mimir-abilis,</span> <span class='ocrx_word' id='word_1_254' title='bbox 1351 1701 1478 1738; x_wconf 55' lang='lat' dir='ltr'>Consi:</span> 
     </span>
     <span class='ocr_line' id='line_1_31' title="bbox 193 1752 1415 1802; baseline 0.002 -14"><span class='ocrx_word' id='word_1_255' title='bbox 193 1753 353 1797; x_wconf 69' lang='lat' dir='ltr'>ilarius,</span> <span class='ocrx_word' id='word_1_256' title='bbox 367 1753 482 1798; x_wconf 74' lang='lat' dir='ltr'>Deus,</span> <span class='ocrx_word' id='word_1_257' title='bbox 501 1754 644 1802; x_wconf 57' lang='lat' dir='ltr'>Fortiff,</span> <span class='ocrx_word' id='word_1_258' title='bbox 660 1754 776 1797; x_wconf 73' lang='lat' dir='ltr'>Pater</span> <span class='ocrx_word' id='word_1_259' title='bbox 786 1755 914 1796; x_wconf 77' lang='lat' dir='ltr'>futuri</span> <span class='ocrx_word' id='word_1_260' title='bbox 926 1754 1072 1795; x_wconf 71' lang='lat' dir='ltr'>soeculi,</span> <span class='ocrx_word' id='word_1_261' title='bbox 1088 1754 1273 1802; x_wconf 77' lang='lat' dir='ltr'>Princeps</span> <span class='ocrx_word' id='word_1_262' title='bbox 1288 1752 1415 1797; x_wconf 65' lang='lat' dir='ltr'>naci-5.</span> 
     </span>
    </p>
   </div>
   <div class='ocr_carea' id='block_1_3' title="bbox 512 1996 1167 2109">
    <p class='ocr_par' dir='ltr' id='par_1_4' title="bbox 512 1996 1167 2109">
     <span class='ocr_line' id='line_1_32' title="bbox 512 1996 1167 2038; baseline -0.005 -14"><span class='ocrx_word' id='word_1_263' title='bbox 512 1996 757 2025; x_wconf 58' lang='lat' dir='ltr'>annosorum</span> <span class='ocrx_word' id='word_1_264' title='bbox 773 1996 930 2025; x_wconf 59' lang='lat' dir='ltr'>rone-ms</span> <span class='ocrx_word' id='word_1_265' title='bbox 950 1996 1016 2024; x_wconf 71' lang='lat' dir='ltr'>sm</span> <span class='ocrx_word' id='word_1_266' title='bbox 1033 1996 1167 2038; x_wconf 57' lang='lat' dir='ltr'>minag</span> 
     </span>
     <span class='ocr_line' id='line_1_33' title="bbox 624 2060 1064 2109; baseline 0.005 -20"><span class='ocrx_word' id='word_1_267' title='bbox 624 2061 667 2089; x_wconf 58' lang='lat' dir='ltr'>fl</span> <span class='ocrx_word' id='word_1_268' title='bbox 683 2062 784 2092; x_wconf 64' lang='lat' dir='ltr'>nulls</span> <span class='ocrx_word' id='word_1_269' title='bbox 803 2061 952 2109; x_wconf 53' lang='lat' dir='ltr'>NATURJE</span> <span class='ocrx_word' id='word_1_270' title='bbox 971 2060 1064 2091; x_wconf 68' lang='lat' dir='ltr'>mm</span> 
     </span>
    </p>
   </div>
  </div>
 </body>
</html>
