1554 2569
289 146 370 173 aar.
392 146 432 172 11.
454 145 501 170 ni:
520 144 663 169 rmum
685 144 729 170 ET
749 144 932 170 mvismm:
952 143 1162 170 orrimonuu
1306 138 1371 172 ¹27

86 219 208 257 [itatis
228 218 425 268 practicae3
450 216 590 252 veritas
615 220 745 252 autem
771 216 924 252 veritati
944 216 1098 252 realiter
1124 218 1267 264 opponi
1295 229 1371 254 non

84 277 222 322 potest.
244 272 285 308 In
302 271 368 306 illa
387 280 476 317 ergo
497 269 699 317 apparenti
722 269 979 317 oppositione,
1001 280 1153 306 necesse
1174 275 1230 307 est
1250 275 1293 306 ut
1316 271 1371 307 al-

84 330 274 363 terutrum
289 325 354 372 jus
371 333 502 359 revera
514 323 578 369 jus
598 333 675 358 non
696 323 758 367 sit,
784 327 821 359 et
840 327 1120 370 consequenter
1139 328 1372 371 postponen-

83 379 176 416 dum
199 383 241 415 ut
260 381 429 415 servetur
447 386 574 412 verum
592 376 669 423 Jus.
690 375 763 412 Sed
784 387 860 424 quo
885 377 1038 413 criterio
1066 376 1140 414 hoc
1158 389 1285 414 verum
1308 379 1372 425 jus

84 431 246 470 discerni
263 431 302 466 in
322 429 431 477 praxi
448 429 599 476 potest?
619 429 793 464 Primum
806 430 870 476 J'us
891 433 948 465 est
963 429 1028 476 jus
1052 428 1238 475 divinum,
1257 441 1279 466 a
1296 441 1372 478 quo

80 486 169 533 jura
187 484 319 521 omnia
337 485 584 525 enascuntur,
609 486 647 516 et
669 482 730 517 cui
748 486 951 528 propterea
967 483 1098 518 omnia
1116 483 1206 529 jura
1234 484 1372 520 subor-

84 539 278 575 dinantur.
307 535 408 583 Ergo
438 535 477 570 in
506 534 688 570 conflictu
714 534 813 581 Juris
837 534 997 571 humani
1025 545 1113 571 cum
1132 536 1220 583 jure
1244 535 1372 573 divino

84 592 158 628 hoc
175 588 404 627 servandum
423 591 493 632 est,
515 587 610 623 illud
626 598 715 623 vero
733 586 997 635 seponendum
1017 587 1076 624 vel
1097 592 1139 624 ut
1159 599 1310 625 cessans
1334 591 1370 625 in

84 654 173 682 casu
193 641 463 686 determinato,
484 640 543 676 vel
560 644 602 675 ut
619 640 795 687 iniquum
819 644 856 676 et
880 641 1057 687 impium,
1085 645 1128 676 ut
1155 641 1200 678 de
1224 642 1372 690 legibus

83 708 200 745 supra
216 695 362 732 dictum
380 698 438 729 est
459 695 530 738 (25,
555 693 631 738 IX).
652 693 704 729 De
725 693 922 729 collisione
944 704 1032 730 vero
1060 695 1160 731 inter
1187 695 1261 731 alia
1283 697 1372 743 jura

84 751 157 787 erit
175 758 301 786 sermo
325 747 403 783 suis
423 747 462 782 in
480 746 587 782 locis.

129 803 172 840 X.
193 801 346 839 coactio
367 809 414 836 ex
431 799 529 845 jure.
550 798 712 835 Nomine
732 800 941 836 coactionis
962 801 1192 848 intelligitur
1207 801 1263 837 vis
1282 801 1373 849 phy-

84 857 161 893 sica
179 853 289 891 alteri
319 852 426 888 illata
445 862 521 898 qua
541 851 719 887 flectatur
741 851 788 887 ad
809 852 847 888 id
872 852 1090 889 faciendum
1117 853 1220 900 quod
1251 853 1371 891 facere

84 911 246 946 recusat.
267 906 377 942 Patet
393 909 523 940 autem
544 903 647 951 quod
665 904 695 939 si
708 904 778 951 jus
793 909 849 941 est
871 905 1030 942 facultas
1045 906 1189 953 aliquid
1208 906 1371 944 faciendi

83 962 143 999 vel
161 958 342 1004 habendi,
364 962 421 994 est
438 956 599 993 facultas
620 957 797 1004 exigendi
816 958 962 1005 aliquid
980 959 1028 994 ab
1056 970 1100 995 ea
1127 970 1303 1007 persona,
1333 960 1370 996 in

83 1024 200 1062 quam
222 1013 287 1060 jus
312 1010 488 1047 habetur.
515 1009 588 1046 Sed
612 1010 650 1045 in
676 1009 915 1046 voluntatem
944 1010 1113 1047 hominis
1145 1022 1222 1048 non
1246 1016 1371 1060 potest

82 1067 229 1105 coactio
255 1064 422 1102 exerceri
444 1063 518 1110 (Ps.
540 1063 598 1108 48,
627 1062 713 1109 111);
743 1067 914 1100 attamen
937 1065 1023 1112 cogi
1047 1069 1173 1112 potest
1195 1066 1372 1102 voluntas

83 1118 210 1169 quoad
233 1122 339 1155 actus
365 1117 573 1163 imperatos
600 1115 711 1162 (ibid.
736 1116 792 1163 V).
821 1116 919 1164 Ergo
933 1117 997 1163 jus
1021 1116 1166 1154 habens
1191 1122 1316 1167 potest
1336 1119 1371 1155 vi

79 1174 178 1221 juris
193 1172 320 1218 ipsum
341 1167 543 1205 defendere
565 1168 611 1204 ab
633 1168 829 1205 invasione
852 1169 1032 1215 aliorum,
1060 1170 1118 1206 vel
1144 1181 1278 1207 eorum
1305 1182 1370 1208 ac-

84 1233 144 1262 tus
167 1226 376 1271 imperatos
396 1221 561 1266 flectere,
582 1231 626 1257 eo
644 1220 760 1257 modo
781 1232 857 1268 quo
876 1226 1000 1269 potest
1020 1223 1117 1268 fieri,
1139 1223 1187 1260 ad
1204 1224 1268 1270 jus
1295 1235 1368 1260 ser-

82 1277 265 1315 vandum.
285 1275 370 1310 Dixi
390 1274 560 1320 vijuri8‚
579 1274 670 1320 quia
686 1274 725 1309 in
743 1275 923 1311 societate
938 1276 1177 1312 coactionem
1193 1287 1368 1313 exercere

82 1329 309 1379 regulariter
325 1327 491 1376 pertinet
512 1326 560 1362 ad
579 1326 752 1373 publicos
769 1326 932 1373 Judices.

455 1431 714 1467 ARTICULUS
750 1432 989 1469 SECUNDUS

690 1516 760 1560 (29)

358 1597 413 1634 De
431 1601 574 1633 natura
593 1601 627 1632 et
646 1596 836 1633 divisione
855 1597 1085 1645 officiorum.

128 1702 155 1737 Ι.
171 1698 295 1737 Officii
307 1698 429 1734 notio.
447 1696 582 1744 Officii
593 1697 750 1732 nomine
762 1696 992 1744 intelligitur
1005 1697 1192 1745 obligatio
1207 1700 1366 1736 moralis

76 1754 165 1801 juri
184 1749 492 1797 correspondens,
513 1759 590 1795 qua
609 1748 781 1784 voluntas
802 1749 1063 1796 adstringitur
1076 1751 1128 1787 ad
1142 1751 1296 1798 aliquid
1306 1754 1366 1798 fa·

82 1805 256 1843 ciendum
267 1803 324 1839 vel
337 1801 594 1838 omittendum.
605 1801 692 1837 Haec
707 1801 890 1848 obligatio
904 1813 969 1837 seu
984 1803 1202 1847 necessitas,
1215 1808 1257 1838 ut
1267 1806 1367 1851 quis—

82 1869 155 1907 que
166 1868 234 1906 per
245 1866 284 1892 se
297 1854 491 1902 intelligit,
504 1853 661 1889 moralis
673 1858 730 1889 est
744 1864 820 1889 non
833 1853 1009 1901 physica:
1025 1859 1214 1901 quatenus
1230 1867 1366 1904 nempe

81 1915 138 1948 est
157 1908 314 1957 quidem
334 1908 373 1942 in
393 1910 582 1954 potestate
597 1905 754 1953 physica
766 1905 974 1942 voluntatis
989 1906 1199 1954 adimplere
1214 1909 1273 1944 vel
1290 1920 1365 1944 non

81 1962 291 2010 adimplere
317 1959 502 2004 officium,
524 1958 589 1994 sed
610 1959 700 2005 quia
726 1969 803 1994 non
825 1963 881 1994 est
898 1959 936 1994 in
954 1960 1036 2005 eJ'us
1054 1965 1242 2007 potestate
1267 1961 1351 1997 ordi

82 2027 170 2053 nem
190 2016 228 2051 in
254 2014 372 2049 finem
398 2016 564 2056 mutare,
584 2012 622 2047 in
643 2011 716 2047 hoc
742 2011 994 2047 necessitatur
1014 2012 1117 2058 quod
1141 2012 1365 2060 adimpletio

81 2066 328 2116 obligationis
347 2069 404 2101 est
423 2064 593 2102 conditio
612 2064 695 2100 sine
717 2074 792 2111 qua
811 2074 887 2100 non
907 2069 950 2099 ut
973 2065 1147 2101 ordinate
1174 2066 1306 2102 tendat
1327 2067 1364 2103 in

81 2123 197 2158 finem
226 2131 234 2156 :
262 2118 364 2155 unde
390 2119 421 2154 si
447 2129 524 2154 non
551 2117 760 2164 adimpleat
786 2117 884 2153 hanc
915 2117 1204 2165 obligationem,
1236 2126 1366 2167 peceat

81 2173 280 2211 moraliter
298 2176 335 2209 et
351 2171 495 2208 recedit
514 2171 561 2207 ab
583 2170 716 2207 ordine
735 2171 774 2206 in
795 2171 924 2206 finem.
1153 2194 1163 2199 0

126 2227 175 2264 11.
209 2225 429 2262 Corollaria.
459 2244 504 2250 —-
534 2223 793 2261 Corollarium
820 2223 1002 2269 primum.
1029 2224 1126 2266 Quia
1154 2225 1272 2272 igitur
1295 2226 1364 2272 jus

81 2279 272 2316 enascitur
291 2289 337 2313 ex
356 2277 452 2325 lege,
473 2281 516 2312 ut
533 2276 678 2312 dictum
700 2280 756 2312 est
774 2277 846 2321 (28,
872 2276 952 2322 111),
971 2278 1145 2324 sequitur
1164 2277 1266 2325 quod
1288 2289 1363 2314 non

81 2344 133 2379 eir
148 2332 248 2379 jure,
278 2330 344 2367 sed
371 2341 417 2366 ex
439 2330 522 2377 lege
550 2330 742 2366 enascitur
766 2340 918 2376 quoque
944 2329 1136 2377 officium3
1159 2330 1259 2366 unde
1286 2332 1316 2366 si
1343 2342 1365 2368 a

82 2394 324 2433 quacumque
346 2383 429 2431 lege
452 2382 735 2428 abstrahamus,
761 2386 922 2429 pereunt
945 2383 1060 2419 simul
1081 2383 1256 2420 notiones
1283 2388 1362 2420 tum
