1554 2569
126 163 209 189 uu.
234 161 285 186 vi.
312 160 356 185 nn
375 159 559 185 ancipus
578 157 815 183 immaturis
837 156 1063 183 nummaria
1094 160 1272 184 Aerios-rx
1325 152 1368 187 63

89 235 196 270 niens
211 243 298 269 cum
318 231 401 267 aliis
420 229 634 266 actionibus
653 229 839 275 quaelicet
855 229 930 264 sint
949 228 1218 274 hominis,n0n
1240 235 1368 268 tamen

89 290 176 322 sunt
196 285 376 321 humanae
395 283 445 330 (2,
471 283 519 327 Ι);
543 292 587 317 eo
602 282 706 317 enim
731 282 813 329 ipso
840 281 943 326 quod
967 282 1065 316 actio
1090 286 1158 327 est,
1187 283 1288 319 hona
1313 290 1369 320 est

89 338 254 386 physice,
286 337 321 372 vi
341 335 598 371 conversionis
628 334 717 370 honi
751 338 788 369 et
811 334 922 369 entis.
954 354 999 359 —
1022 334 1116 370 Alia
1150 337 1308 372 moralis
1333 343 1371 373 et

89 389 363 433 substantialis,
385 388 458 424 hoc
477 392 534 423 est
550 387 761 422 secundum
782 387 960 433 speciem,
984 397 1069 433 quae
1079 392 1135 423 est
1152 399 1197 423 ex
1219 390 1369 437 obJecto

89 443 333 481 conveniente
350 439 560 477 secundum
578 444 721 475 rectam
742 440 944 484 rationem,
964 444 1006 474 ut
1023 439 1170 476 <lictum
1188 446 1371 490 estsupra

90 508 127 532 n.
151 497 180 532 1.
206 515 251 522 -
277 494 406 530 Tertia
431 492 641 529 secundum
669 493 988 536 circumstantiam,
1021 494 1130 538 quasi
1158 495 1370 531 secundum

91 548 300 585 accidentia
321 545 513 593 quaedam‚
546 549 589 580 ut
615 544 922 580 demonstratum
944 549 999 580 est
1017 556 1054 580 n.
1069 546 1129 580 VI.
1151 567 1195 572 —
1224 547 1371 592 Quarta

91 602 253 648 denique
274 598 485 635 secundum
511 599 642 643 finem,
668 600 793 644 quasi,
822 598 947 644 inquit
977 598 1013 633 S.
1034 598 1213 645 Thomas,
1240 612 1371 636 secun-

90 656 178 691 dum
196 652 457 690 habitudinem
477 651 528 687 ad
543 651 724 686 bonitatis
742 661 909 686 causam.
931 671 976 676 —
995 651 1051 686 [ὁ.

136 705 393 744 Corollarium
409 704 582 740 alterum.
603 704 751 739 Bonum
769 708 896 739 autem
914 703 1016 738 idem
1032 708 1088 739 est
1108 715 1151 741 ac
1162 706 1374 752 perfectum

92 759 147 805 (Ο.
164 761 220 804 ¹7,
242 759 291 803 Ι);
324 762 361 793 et
386 757 596 804 perfectum
626 760 682 792 est
698 756 757 792 cui
778 756 875 791 nihil
896 756 1001 791 deest
1021 756 1068 792 ad
1093 757 1372 804 plenitudinem

91 823 154 847 seu
181 811 441 858 integritatem
464 809 613 845 essendi
637 810 670 844 ei
703 809 873 844 debitam
901 809 957 853 (O.
989 811 1109 854 20,1).
1142 811 1240 858 Ergo
1273 813 1373 847 acuo

91 863 248 900 moralis
274 867 364 898 tunc
386 863 459 898 erit
474 861 717 897 solummodo
743 861 840 896 bona
857 861 1067 907 moraliter,
1093 864 1246 909 quando
1274 865 1376 900 bona

91 917 161 953 erit
177 920 258 952 tum
278 926 324 952 ex
341 915 505 961 objecto,
525 918 607 949 tum
627 925 673 949 ex
690 914 1003 959 circumstantiis,
1022 919 1104 950 tum
1123 926 1168 950 ex
1189 917 1266 952 fine
1284 917 1371 961 ,sed

90 969 193 1004 mala
203 968 276 1004 erit
297 967 447 1014 quoties
472 976 592 1001 unum
623 965 762 1002 horum
794 965 927 1009 deerit,
950 977 1016 1001 seu
1037 967 1191 1013 quando
1225 969 1297 1004 erit
1316 969 1375 1004 vel

91 1021 237 1057 malum
254 1020 461 1067 obJectum,
476 1018 534 1054 vel
544 1018 646 1054 mala
665 1018 966 1062 circumstantia,
986 1018 1042 1053 vel
1055 1030 1195 1065 pravus
1213 1021 1300 1056 finis
1321 1022 1375 1056 in-

93 1078 218 1110 tentus
234 1083 257 1109 a
275 1072 484 1109 voluntate.
501 1071 607 1106 Unde
621 1070 716 1106 illud
734 1071 931 1117 vulgatum
951 1071 1155 1118 adagium:
1181 1073 1316 1109 bonum
1332 1085 1376 1109 ea:

93 1127 242 1173 ἰητερνα
255 1135 373 1162 causa
390 1136 400 1170 3
415 1124 557 1160 malum
570 1134 614 1159 ea:
633 1134 861 1170 quocumque
876 1124 1033 1169 defectu.

139 1179 202 1215 IX.
231 1178 375 1214 ΝΟΤΑΙ.
402 1178 453 1214 De
473 1178 663 1213 relatione
679 1177 783 1212 inter
805 1176 920 1212 finem
938 1178 1063 1221 operis
1084 1181 1125 1214 et
1145 1178 1259 1214 finem
1292 1189 1378 1224 ope·

93 1231 230 1267 rantis.
248 1229 432 1265 Addenda
451 1240 531 1264 esse
548 1235 691 1274 [censeo
711 1228 895 1264 nonnulla
914 1229 1011 1263 scitu
1036 1229 1275 1276 dignissima,
1299 1232 1376 1266 imo

95 1283 305 1319 necessaria
324 1292 410 1328 quae
428 1281 544 1317 habet
560 1281 761 1327 Angelicus
779 1281 878 1316 circa
898 1281 1125 1316 relationem
1143 1283 1231 1317 finis
1252 1285 1378 1330 operis

93 1347 180 1373 cum
205 1336 280 1371 fine
304 1335 510 1382 operantis.
536 1354 579 1360 —-
610 1334 647 1369 Si
668 1333 950 1379 strictiusloqui
975 1334 1165 1379 volumus,
1188 1336 1285 1371 ratio
1304 1336 1378 1372 sor-

94 1388 204 1424 malis
223 1387 324 1432 finis,
344 1398 422 1423 non
448 1386 516 1422 fini
546 1387 685 1433 operis,
705 1385 771 1421 sed
791 1386 859 1420 fini
892 1387 1087 1432 operantis
1120 1388 1311 1433 convenit,
1342 1393 1379 1424 et

94 1444 369 1487 consequenter
399 1440 467 1475 fini
498 1443 605 1475 actus
638 1439 829 1474 interioris
869 1439 1092 1484 voluntatis,
1124 1440 1215 1486 quia
1246 1441 1379 1477 volun-

96 1494 184 1529 tatis
209 1497 267 1528 est
291 1492 481 1528 intendere
506 1493 637 1536 finem,
667 1502 745 1526 non
777 1491 938 1527 actionis
972 1492 1172 1528 exterioris
1197 1493 1235 1528 in
1261 1494 1378 1529 finem

95 1546 203 1581 illum
229 1544 418 1580 ordinatae
444 1545 490 1580 ab
521 1545 603 1591 ipsa
631 1543 841 1579 voluntate.
879 1544 933 1578 Ex
965 1543 1038 1580 hoc
1079 1545 1194 1580 infert
1229 1548 1379 1594 egregie

97 1598 133 1633 S.
150 1597 315 1633 Thomas
332 1596 435 1643 quod
459 1610 474 1629 ι
494 1595 531 1631 id
555 1595 658 1642 quod
679 1600 734 1631 est
749 1606 794 1631 ex
814 1600 922 1643 parte
946 1596 1155 1633 voluntatis
1177 1598 1281 1645 (sinis
1298 1609 1379 1645 ope-

95 1650 233 1696 rantis)
251 1661 289 1685 se
306 1650 422 1685 habet
441 1653 484 1684 ut
501 1648 665 1695 formale
679 1648 726 1684 ad
744 1648 782 1684 id
797 1647 900 1694 quod
915 1653 971 1684 est
991 1660 1036 1685 ex
1056 1654 1163 1697 parte
1178 1652 1379 1687 exterioris

94 1707 200 1738 actus
221 1702 325 1750 (finis
347 1702 486 1749 operis)
505 1712 513 1739 t
541 1701 816 1747 quiavoluntas
848 1701 970 1737 utitur
997 1703 1181 1738 membris
1203 1704 1249 1739 ad
1271 1715 1381 1751 agen-

96 1755 188 1790 dum
204 1755 302 1790 sicut
315 1755 593 1799 instrumentis,
615 1764 737 1800 neque
752 1757 859 1789 actus
879 1755 1085 1790 exteriores
1103 1755 1244 1790 habent
1266 1757 1381 1791 ratio·

96 1817 183 1843 nem
214 1806 458 1851 moralitatis,
492 1807 565 1841 nisi
597 1807 827 1852 inquantum
860 1810 950 1841 sunt
983 1807 1201 1843 voluntarii.
1224 1809 1268 1842 Et
1295 1809 1380 1844 ideo

95 1862 201 1894 actus
219 1858 378 1893 humani
408 1859 552 1904 species
579 1858 801 1903 formaliter
817 1858 1081 1894 consideratur
1107 1861 1318 1896 secundum
1338 1862 1381 1896 fi-

97 1921 199 1955 nem,
226 1910 480 1945 materialiter
503 1914 632 1945 autem
649 1909 859 1945 secundum
887 1910 1080 1956 objectum
1102 1913 1301 1947 exterioris
1322 1923 1381 1948 ac-

99 1968 172 1998 tus.
193 1977 208 1994 1
229 1963 269 1998 P.
290 1962 370 2007 1-11,
396 1962 464 2003 Qu.
485 1962 611 2006 XVIII,
632 1962 747 1997 Artic.
778 1962 838 1996 VI.
860 1981 905 1987 ——
925 1963 982 1997 Ita
999 1973 1030 1998 e.
1056 1974 1105 2010 g.,
1128 1974 1214 1999 cum
1244 1965 1382 2011 aliquis

98 2014 308 2050 fornicatur
328 2019 370 2050 ut
387 2014 546 2059 furetur,
566 2014 711 2050 furtum
734 2018 790 2050 est
810 2014 1098 2051 circumstantia
1127 2021 1233 2052 actus
1265 2018 1382 2052 sorni-

96 2067 270 2111 cationis,
292 2067 388 2102 nihil
401 2068 611 2103 immutans
626 2068 665 2102 in
679 2067 942 2103 fornicationis
962 2068 1123 2113 malitia,
1146 2074 1182 2104 et
1202 2070 1382 2106 simulest

97 2119 290 2165 objectum
308 2120 529 2166 specificans
549 2121 676 2166 ipsum
695 2119 808 2164 velle;
828 2124 999 2155 attamen
1024 2120 1168 2156 furtum
1193 2123 1381 2158 intentum

99 2171 292 2217 specificat
301 2173 417 2207 etiam
437 2172 729 2208 fornicationem
745 2173 986 2218 exteriorem,
1005 2184 1082 2209 non
1099 2174 1254 2220 quidem
1270 2180 1383 2211 mate-

99 2224 246 2259 rialiter
262 2225 345 2270 eJus
374 2225 609 2271 prImitivam
639 2227 804 2272 speciem
835 2225 1065 2261 moralitatis
1092 2227 1292 2273 mutando,
1318 2228 1383 2263 sed

99 2276 331 2322 formaliter,
353 2282 540 2323 quatenus
552 2288 690 2325 nempe
705 2278 906 2314 ordinatur
919 2283 961 2314 ut
981 2279 1152 2315 medium
1169 2280 1216 2316 ad
1231 2282 1384 2316 interio-

103 2339 181 2363 rem
202 2333 327 2364 aotum
356 2330 562 2366 voluntatis
583 2330 816 2366 intendentis
849 2331 1008 2367 furtum.
1041 2332 1146 2368 Unde
1168 2337 1266 2369 recte
1288 2333 1383 2369 dixit

101 2381 319 2418 Aristoteles
341 2383 378 2417 in
401 2383 431 2417 V
445 2383 683 2429 ΕίΙιίοονωγι,
706 2384 794 2430 Cap.
814 2385 859 2430 II,
875 2385 978 2431 quod
991 2386 1068 2431 ille,
1088 2386 1152 2432 qui
1163 2386 1325 2431 furatur
1344 2388 1384 2423 §.2¹⁸
