1584 2569
229 81 296 116 232
316 89 373 115 ms
390 87 555 115 uuum.
576 87 648 113 Lm.
667 87 707 112 11.
729 85 808 111 cn.
826 85 866 111 11.
881 84 926 110 nn
941 84 1132 110 somni-Arx
1145 84 1213 110 civ.
1236 86 1272 110 m
1287 86 1327 111 se
1344 86 1516 111 SPECTATA

228 169 310 198 tum
331 160 515 198 exercitii.
539 159 666 206 Atqui,
693 157 903 194 fatentibus
926 156 1018 204 ipsis
1043 155 1282 202 adversariis,
1310 157 1518 193 multitudo

227 226 305 251 non
325 218 452 262 potest
473 223 541 261 per
563 213 728 259 seipsam
749 220 924 246 exercere
944 209 1213 245 auctoritatem
1234 209 1397 245 civilem.
1419 210 1516 258 Ergo

227 266 452 310 multitudo,
469 275 536 301 seu
556 263 737 311 populus,
755 272 833 298 non
853 265 981 309 potest
1008 271 1089 297 esse
1116 261 1333 308 subjectum
1355 263 1517 298 aucto-ri-

228 320 318 356 tatis
336 318 471 356 civilis.

275 372 323 408 Ut
348 382 429 408 sese
455 370 643 407 extricent
670 369 719 405 ab
742 368 817 404 hoc
841 371 1084 415 argumento,
1103 367 1264 403 fundato
1292 368 1331 404 in
1356 371 1518 415 utroque

228 426 417 462 elemento
438 423 582 467 sociali,
601 421 850 458 multitudine
871 431 1009 468 nempe
1028 424 1066 457 et
1081 421 1324 465 auctoritate,
1346 420 1518 457 adversa-

229 479 275 514 rii
303 478 436 514 dicunt
455 487 464 512 z
489 478 525 511 1⁰
544 475 815 511 auctoritatem
833 473 991 521 quidem
1008 473 1049 509 in
1066 472 1317 509 multitudine
1339 471 1518 516 residere,

229 534 267 567 20
283 530 349 567 sed
367 530 459 576 quia
478 526 687 564 multitudo
712 537 789 563 non
809 530 937 573 potest
961 536 1029 573 per
1051 526 1297 573 semetipsam
1315 526 1522 562 auctorita-

231 589 309 620 tem
329 593 518 625 exercere,
535 580 685 617 addunt
705 580 830 627 ipsam
850 578 987 615 debere
1007 589 1097 615 suos
1117 582 1436 626 repraesentantes
1456 577 1521 614 eli-

230 647 333 684 gere,
359 636 426 682 qui
448 634 563 670 veluti
587 633 645 669 sui
671 631 890 669 administri
912 635 951 668 et
976 631 1059 678 ejus
1084 631 1255 676 nomine,
1277 631 1379 679 leges
1398 630 1522 667 serant

230 695 267 725 et
284 690 386 726 hono
408 686 635 736 provideant
653 685 867 722 communi.
885 704 931 711 —
949 684 1021 720 Sed
1036 688 1192 729 contra3
1214 689 1251 721 et
1268 684 1392 731 magis
1412 683 1521 720 robo-

231 748 338 778 ratur
354 746 487 777 nostra
505 739 804 787 argumentatio.
824 737 921 774 Nam
941 741 1008 773 aut
1027 736 1245 773 administri
1265 736 1381 784 huJus
1394 741 1522 773 aucto-

232 795 357 831 ritatis
386 793 583 841 popularis
603 802 672 840 per
698 791 925 828 electionem
947 791 1237 826 constituuntur
1261 789 1522 836 lequmlatores

231 858 319 884 cum
349 850 539 895 potestate
564 855 703 893 nempe
727 843 874 881 ferendi
897 847 935 880 et
960 842 1179 891 applicandi
1204 842 1320 890 leges,
1352 841 1399 878 ad
1428 852 1523 889 quas

231 898 487 937 observandas
500 897 666 946 populus
683 901 835 933 tenetur
853 899 891 932 et
908 895 943 932 vi
964 896 1081 931 etiam
1093 895 1178 943 cogi
1199 898 1338 942 potest,
1357 898 1425 931 aut
1440 899 1524 930 tan-

233 951 436 988 tummodo
456 955 546 987 sunt
563 951 820 986 instrumenta
835 952 873 985 et
891 958 1014 993 voce5‚
1035 952 1078 983 ut
1098 948 1151 983 ita
1161 946 1301 992 dicam,
1316 946 1523 994 legislatio·

233 1006 292 1042 nis
309 1004 520 1052 popularis.
543 1003 581 1039 Si
603 1004 786 1050 primum,
800 1001 987 1037 habemus
1007 1001 1221 1046 intentum3
1243 1010 1380 1047 nempe
1402 1003 1522 1047 potes-

233 1063 350 1094 tatem
369 1068 434 1094 seu
462 1057 732 1093 auctoritatem
752 1054 945 1102 publicam
973 1053 1212 1101 gubernandi
1235 1052 1522 1089 multitudinem

232 1121 313 1147 esse
331 1112 370 1147 in
390 1110 515 1146 electis
532 1109 580 1145 ab
600 1109 683 1156 ipsa
701 1106 971 1144 multitudine:
994 1106 1088 1141 illud
1109 1106 1212 1142 enim
1233 1110 1291 1142 est
1310 1105 1522 1152 subJectum

233 1163 475 1200 auctoritatis
501 1162 665 1210 publicae
685 1160 788 1208 quod
806 1171 874 1208 per
888 1159 1000 1206 'leges
1029 1170 1051 1194 a
1071 1170 1109 1195 se
1128 1159 1225 1195 latas
1245 1163 1372 1206 potest
1391 1158 1524 1206 guber-

233 1227 324 1252 nare
345 1214 648 1252 multitudinem.
661 1213 698 1250 Si
709 1218 839 1249 autem
851 1212 1001 1249 dicatur
1017 1212 1201 1257 alterum3
1217 1222 1307 1259 ergo
1316 1210 1524 1247 multitudo

234 1280 310 1305 non
329 1268 532 1315 subjicitur
545 1267 785 1312 auctoritati,
800 1276 887 1313 quae
905 1276 982 1302 non
997 1265 1126 1301 existit
1145 1265 1185 1300 in
1199 1264 1274 1300 illis
1294 1265 1525 1300 instrumen-

234 1323 295 1367 tis,
315 1321 381 1357 sed
399 1322 482 1368 ipsa
499 1318 709 1356 multitudo
721 1318 860 1356 retinet
880 1318 918 1354 in
932 1328 971 1354 se
981 1318 1045 1365 jus
1059 1328 1125 1354 seu
1145 1317 1429 1362 auctoritatem,
1450 1326 1526 1363 qua

233 1379 359 1422 potest
378 1374 480 1422 leges
498 1373 596 1409 latas
624 1371 672 1409 ab
702 1371 964 1408 instrumentis
984 1381 1006 1406 a
1026 1381 1065 1406 se
1087 1370 1212 1407 electis
1237 1370 1471 1415 examinare,
1489 1373 1527 1404 et

234 1438 297 1463 eas
315 1427 529 1474 approbare
548 1430 586 1462 et
606 1425 786 1472 recipere,
801 1424 858 1460 vel
872 1435 948 1459 non
967 1423 1180 1470 approbare
1192 1428 1229 1459 et
1246 1423 1415 1470 rejicere,
1431 1422 1522 1469 quin

233 1482 486 1515 instrumenta
498 1478 564 1514 illa
575 1478 679 1514 licite
693 1478 891 1524 imponere
910 1476 1062 1512 valeant
1082 1486 1214 1512 earum
1229 1475 1523 1511 observantiam.

233 1532 342 1574 Quod
366 1530 522 1578 quidem
552 1535 609 1567 est
633 1540 767 1566 verum
796 1534 834 1565 et
856 1529 1071 1564 maximum
1097 1528 1337 1564 auctoritatis
1363 1527 1526 1575 publicae

233 1585 467 1628 eoeercitium,
489 1584 536 1620 ab
558 1582 783 1619 adversariis
805 1582 897 1629 ipsis
919 1586 1001 1616 tum
1028 1581 1151 1617 verbis
1173 1585 1255 1616 tum
1280 1581 1389 1617 factis
1412 1590 1525 1627 nega-

235 1642 318 1673 tum
339 1635 593 1672 multitudini.
614 1655 660 1662 -
680 1635 929 1681 Quocumque
946 1634 1065 1681 igitur
1084 1633 1289 1669 adversarii
1307 1644 1346 1669 se
1363 1636 1524 1675 vertant,

235 1695 302 1725 aut
327 1689 529 1725 nobiscum
552 1698 691 1735 negare
719 1686 859 1723 debent
882 1685 1172 1722 multitudinem
1200 1696 1310 1734 posse
1329 1695 1410 1721 esse
1441 1685 1527 1721 sub-

230 1743 376 1789 jectum
396 1741 652 1785 auctoritatis,
673 1744 740 1776 aut
756 1739 828 1776 sibi
846 1743 976 1787 aperte
999 1738 1273 1776 contradicere.

281 1794 390 1837 Quod
407 1794 439 1830 si
457 1794 621 1841 denique
641 1793 780 1840 aliquis
800 1792 993 1828 insisteret
1003 1796 1041 1828 et
1060 1791 1099 1827 id
1119 1792 1276 1839 praecise
1293 1791 1376 1828 fieri
1390 1791 1527 1828 debere

235 1846 496 1892 contenderet,
521 1857 659 1894 nempe
679 1846 905 1882 submittere
924 1845 1027 1893 leges
1044 1844 1314 1892 approbationi
1335 1844 1526 1891 populari,

235 1906 273 1938 et
282 1910 414 1937 revera
425 1898 666 1936 multitudini
686 1898 911 1935 exercitium
920 1897 1160 1934 auctoritatis
1171 1907 1282 1944 posse
1294 1900 1525 1944 competere;

234 1954 401 2001 ingenue
421 1952 695 2000 responderem
716 1961 778 1988 me
798 1950 892 1987 velle
903 1950 1169 1998 philosophari
1181 1960 1258 1986 non
1276 1948 1442 1985 delirari.
1463 1949 1528 1985 Est

236 2017 352 2053 porro
371 2006 513 2042 mentis
532 2004 711 2041 delirium
728 2004 946 2048 admittere,
965 2002 1164 2039 moraliter
1174 2013 1285 2049 posse
1302 2002 1524 2038 societatem

234 2059 442 2095 consistere
468 2062 506 2094 et
524 2057 628 2105 leges
653 2057 743 2094 ferri
763 2061 872 2104 aptas
895 2055 1073 2104 regimini
1102 2053 1363 2091 multitudinis
1387 2055 1426 2090 in
1457 2053 1528 2090 hac

234 2111 373 2147 ultima
393 2110 596 2158 hypothesi
622 2109 944 2146 adversariorum.

281 2162 366 2199 VIII
397 2162 502 2197 No'rA
523 2162 551 2197 1.
572 2162 624 2198 De
641 2162 962 2199 scholasticorum
982 2161 1159 2198 doctrina
1179 2160 1283 2197 circa
1310 2159 1527 2206 subjectum

236 2215 487 2253 auctoritatis
505 2215 644 2251 civilis.
669 2214 815 2259 Thesis‚
835 2224 953 2261 quam
972 2213 1169 2259 hucusque
1198 2211 1453 2257 defendimus,
1477 2212 1528 2247 vi-

238 2268 350 2305 detur
363 2279 383 2304 e
397 2267 585 2304 diametro
597 2266 979 2315 oppositacommuni
989 2264 1313 2302 Scholasticorum
1325 2264 1524 2308 doctrinae,

240 2319 553 2369 quiconcorditer
560 2318 698 2356 docent
708 2320 977 2357 auctoritatem
985 2329 1065 2355 esse
1077 2318 1208 2366 inipso
1222 2317 1379 2366 populo.
1388 2316 1527 2354 Audia-
