1584 2569
176 114 242 148 ‘296
263 123 323 148 Jus
337 123 499 149 numm.
521 125 592 150 ΜΒ.
611 125 648 150 ¹1.
671 125 750 152 CAP.
772 125 820 150 IV.
839 124 884 150 DE
905 124 1092 151 SOCIETATE
1111 125 1231 150 RELIG.
1253 125 1289 150 IN
1309 125 1348 151 SE
1364 125 1457 152 suc.

174 195 302 241 perior
329 198 385 231 est
409 196 555 232 cunctis
575 196 732 243 regibus
752 200 878 239 terrae,
901 198 937 231 et
953 198 1125 232 terrenas
1154 200 1362 242 potestates
1387 196 1459 233 sibi
1481 229 1484 232 .

173 246 291 282 habet
311 247 515 294 subjectas,
537 252 579 284 ut
603 258 719 296 supra
736 248 942 294 probatum
963 251 1033 284 est.
1057 249 1171 295 Atqui
1190 248 1309 294 decet,
1334 251 1375 284 ut
1394 250 1459 295 qui

172 300 353 336 nobiliori
374 304 412 336 et
435 301 622 348 superiori
643 304 832 348 potestate
854 300 1060 349 insignitur
1080 306 1117 337 et
1137 301 1232 338 alias
1252 306 1460 350 potestates

174 353 246 388 sibi
260 352 376 389 habet
394 353 951 397 subordinatas,nullaratione
963 354 1186 402 hujusmodi
1205 356 1461 403 potestatibus

173 405 414 452 subjiciatur,
436 417 483 442 ne
504 407 584 454 ejus
603 407 768 454 dignitas
789 407 1062 444 detrimentum
1083 410 1267 456 patiatur,
1286 412 1322 445 et
1342 410 1382 445 in
1402 419 1461 446 oc·

173 458 325 495 casione
346 463 516 496 versetur
536 460 719 506 injuriam
739 460 911 507 patiendi
931 471 954 497 a
970 465 1160 508 potestate
1178 466 1341 498 terrena.

221 510 376 548 Necesse
395 517 459 548 est.
476 512 533 549 Ad
553 513 592 549 id
613 513 858 560 probandum
874 524 950 550 non
967 515 1135 551 multum
1154 514 1461 551 adlaborandum

174 568 230 599 est
252 564 282 600 si
303 565 452 601 ratione
473 570 642 602 utamur.
663 567 823 603 Necesse
843 572 901 603 est
923 568 1027 604 enim
1054 570 1097 604 ut
1115 568 1154 603 in
1175 568 1353 604 exercitio
1381 578 1458 604 suae

173 618 375 664 potestatis
395 619 576 655 Summus
601 620 776 655 Pontifex
795 619 864 656 tali
891 620 1058 667 gaudeat
1095 619 1392 668 independentia
1418 625 1462 656 ut

173 669 289 705 libere
317 680 405 706 cum
436 671 616 707 omnibus
648 671 827 708 fidelibus
859 673 981 720 possit
1011 673 1310 709 communicare.
1344 673 1461 719 Atqui

175 722 247 758 hoc
272 722 437 759 liberum
459 724 681 761 exercitium
707 725 828 773 exigit
853 726 892 761 in
916 727 1088 762 Romano
1108 726 1291 762 Pontifice
1316 730 1463 773 tempo-

174 775 253 811 rale
277 775 492 812 dominium
519 778 710 824 spirituali
729 778 977 825 conjunctum
996 789 1005 815 :
1025 789 1133 815 secus
1158 779 1261 815 enim
1281 779 1319 814 in
1349 789 1461 814 exer-

175 828 262 864 citio
283 839 363 865 suae
383 830 591 876 spiritualis
612 832 813 878 potestatis
833 831 1083 878 subjiceretur
1102 832 1283 880 potestati
1302 832 1415 874 civili,
1438 841 1462 868 a

175 891 251 928 qua
268 881 447 929 impediri
469 886 610 929 posset.
636 897 651 918 α
675 885 706 919 Α
729 884 805 919 Deo
826 884 908 930 ipso
935 885 1216 932 sapientissime
1241 884 1462 920 consultum

175 936 243 978 est,
266 935 307 969 ut
332 934 371 970 in
394 938 502 971 tanta
523 936 797 982 temporalium
820 936 1042 985 Principum
1067 937 1313 973 multitudine
1335 947 1378 973 ac
1396 946 1461 972 va-

174 987 310 1023 rietate
351 987 533 1024 Summus
563 989 737 1026 Pontifex
770 989 836 1026 illa
863 990 1053 1026 frueretur
1089 990 1243 1038 politica
1269 990 1459 1034 libertate,

174 1050 260 1086 quae
289 1044 487 1088 tantopere
509 1042 723 1078 necessaria
751 1046 808 1078 est
840 1042 888 1078 ad
919 1043 1160 1091 spiritualem
1189 1054 1296 1079 suam
1329 1045 1461 1090 potes-

174 1095 306 1137 tatem,
329 1094 600 1130 auctoritatem
622 1100 658 1130 et
674 1095 983 1141 jurisdIctionem
1004 1099 1086 1132 toto
1109 1095 1198 1131 orbe
1218 1096 1362 1141 absque
1382 1094 1461 1131 ullo

174 1146 452 1192 impedimento
486 1148 754 1183 exercendam.
783 1150 905 1195 Atque
932 1149 986 1185 ita
1012 1149 1123 1195 plane
1145 1148 1303 1184 decebat
1327 1158 1376 1184 ne
1401 1158 1463 1184 ca—

174 1198 315 1235 tholico
345 1200 428 1235 orbi
463 1199 541 1235 ulla
573 1200 736 1236 oriretur
771 1202 918 1237 occasio
948 1201 1165 1247 dubitandi,
1187 1201 1355 1248 impulsu
1386 1201 1462 1237 for-

177 1256 276 1287 tasse
296 1252 463 1288 civilium
491 1256 728 1300 potestatum
748 1253 805 1289 vel
830 1255 1000 1301 partium
1021 1255 1147 1291 studio
1176 1255 1261 1291 duci
1289 1253 1461 1301 quando-

175 1315 248 1351 que
266 1315 391 1351 posse,
412 1306 450 1341 in
472 1306 677 1342 universali
696 1308 964 1353 procuratione
985 1307 1165 1354 gerenda,
1197 1307 1334 1343 Sedem
1355 1306 1460 1342 illam

177 1357 224 1392 ad
243 1367 360 1403 quam
386 1361 543 1405 propter
567 1359 757 1406 potiorem
779 1359 1104 1406 principalitatem
1123 1370 1277 1396 necesse
1300 1363 1356 1396 est
1377 1370 1459 1395 orn-

178 1420 265 1446 nem
285 1410 491 1446 Ecclesiam
512 1412 726 1448 convenire.
752 1426 767 1445 ›
788 1413 875 1448 Haec
898 1413 962 1449 SS.
983 1413 1074 1448 Pius
1094 1413 1199 1459 Papa
1220 1412 1268 1448 IX
1292 1412 1329 1447 in
1348 1412 1462 1448 Litte-

178 1463 229 1498 ris
262 1463 504 1509 Apostolicis‚
537 1464 679 1511 quibus
708 1465 866 1511 majoris
898 1464 1309 1501 excommunicationis
1347 1475 1461 1510 poena

177 1515 366 1562 infligitur
391 1516 630 1552 invasoribus
659 1516 813 1553 ditionis
836 1517 1129 1564 pontificiae.Cui
1158 1517 1299 1553 summi
1334 1517 1460 1552 Ponti-

177 1567 258 1603 ficis
284 1568 467 1604 doctrinae
493 1567 740 1605 adhaeseruut
765 1569 941 1616 Episcopi
967 1570 1087 1605 totius
1117 1569 1240 1614 Orbis,
1265 1572 1307 1604 ut
1336 1568 1463 1605 videre

178 1620 280 1656 estin
289 1631 415 1666 opere,
425 1620 483 1656 La
493 1621 691 1657 sovranitci
700 1621 903 1668 temporale
914 1621 977 1658 dei
983 1621 1097 1668 Papi,
1114 1622 1463 1668 propugnatanella

176 1683 248 1709 sua
269 1672 450 1720 inteyritd
472 1674 539 1710 dal
562 1674 753 1721 suff²·a9io
782 1675 995 1711 universale
1016 1674 1192 1711 dell’orbe
1223 1674 1400 1711 catlolico
1428 1679 1464 1710 et

179 1725 376 1762 adh-mere
393 1727 532 1763 debent
559 1730 751 1775 quotquot
775 1738 861 1764 vere
881 1731 996 1776 atque
1017 1729 1160 1764 sincere
1186 1727 1365 1764 catholici
1383 1738 1464 1763 esse

179 1778 322 1815 volunt.
341 1798 386 1807 —
401 1779 455 1817 Cf.
472 1779 588 1816 verba
599 1781 635 1818 S.
647 1780 806 1818 Thomae
821 1792 907 1829 quae
924 1781 1125 1818 attulimus
1139 1781 1255 1818 Artic.
1273 1783 1374 1826 61,n.
1390 1781 1465 1818 vu.

636 1903 783 1939 CAPUT
808 1902 915 1944 QUIN
920 1903 1012 1939 TUM

288 2001 332 2027 n!
356 2000 487 2027 nurum
511 2000 774 2028 nzunomnus
799 2000 904 2028 mm
928 2001 1115 2027 Ecetxsuu
1141 2002 1184 2027 ΕΤ
1211 2002 1348 2028 staron

225 2094 422 2141 Prologus.
437 2095 634 2143 Explicata
646 2099 786 2132 natura
802 2094 978 2132 Ecclesiae
998 2095 1197 2132 catholicae
1218 2096 1375 2142 eJ'usque
1395 2106 1463 2143 po-

178 2147 343 2190 testatis,
362 2150 640 2193 consequenter
653 2146 858 2184 dicendum
867 2152 1042 2183 remanet
1055 2148 1102 2184 de
1113 2149 1260 2184 mutuis
1271 2148 1466 2184 relationi-

180 2198 250 2234 bus
270 2199 521 2235 existentibus
547 2200 646 2236 inter
662 2200 871 2236 Ecclesiam
897 2204 935 2236 et
959 2201 1111 2237 Statum
1130 2200 1293 2236 civilem.
1317 2201 1466 2237 Etenim

180 2251 379 2299 proprium
394 2251 595 2289 catholicae
619 2252 795 2289 Ecclesiae
815 2257 886 2297 est,
903 2256 943 2288 ut
964 2252 1140 2289 membra
1160 2252 1303 2289 habeat
1319 2254 1357 2289 in
1374 2264 1465 2298 qua-

180 2304 271 2340 libet
291 2304 425 2341 mundi
445 2309 568 2351 parte,
594 2307 709 2353 atque
730 2305 814 2342 ideo
834 2306 996 2353 imperet
1015 2305 1179 2342 subditis
1197 2306 1370 2342 omnium
1397 2316 1464 2341 na-

182 2357 357 2403 tionum3
381 2368 427 2394 ex
449 2367 525 2405 quo
542 2358 586 2394 fit
607 2360 648 2394 ut
668 2368 750 2405 eJus
767 2361 937 2406 potestas
954 2358 993 2395 in
1019 2359 1156 2396 intima
1175 2358 1361 2396 relatione
1377 2368 1466 2396 cum
