1554 2569
253 106 332 133 ART.
354 106 411 132 111.
431 106 567 132 nnmnn
585 105 628 131 m·
645 105 782 131 0111010
805 105 912 130 mrsu
938 106 976 130 sn
994 106 1212 133 commanis
1312 101 1372 134 131

135 180 195 217 w.
216 179 478 216 Praenotiones
497 179 545 214 ad
562 178 784 215 solvendam
800 179 1054 224 quaestionem
1069 180 1114 215 de
1129 183 1377 226 suspensione

88 234 198 280 juris.
218 233 298 277 Jus,
325 236 367 267 ut
388 230 534 267 dictum
558 236 627 276 est,
651 231 775 279 alege
801 232 925 267 oritur
947 236 984 268 et
1007 232 1221 279 imponitur
1247 245 1270 270 a
1294 235 1376 282 lege

90 286 260 322 officium
285 284 365 331 juri
393 283 710 330 correspondens.
749 284 848 331 Ergo
883 283 966 331 lege
995 284 1192 332 abrogata,
1230 293 1376 323 cessant

87 339 175 386 jura
187 342 223 375 et
241 336 368 374 officia
378 336 426 372 ab
444 347 489 373 ea
502 336 697 383 imposita.
717 336 799 372 Non
813 336 1011 384 loquimur
1024 337 1376 385 impraesentiarum

89 392 134 428 de
147 391 295 438 J'urium
317 389 527 426 cessatione
559 399 604 425 ex
631 389 882 438 abrogatione
901 390 1022 438 legis3
1044 390 1109 427 sed
1143 391 1189 427 de
1219 403 1378 441 suspen-

88 445 195 480 sione
228 443 340 491 juris,
374 447 411 479 et
449 446 727 490 consequenter
767 442 813 479 de
848 443 1098 490 suspensione
1132 444 1261 491 officii,
1294 447 1377 494 lege

91 502 217 533 tamen
237 497 436 533 existente.
453 495 562 538 Quod
577 495 733 543 quidem
749 494 919 532 accidere
930 496 1064 543 nequit
1078 497 1152 532 nisi
1169 498 1208 533 in
1227 499 1377 535 casibus

88 549 329 596 specialibus,
342 552 379 584 et
393 549 431 584 in
446 548 643 585 collisione
657 548 819 595 jurium,
836 548 990 595 quando
1007 549 1150 585 scilicet
1173 550 1376 599 adimpleri

87 602 258 640 officium
278 602 412 649 nequit
431 602 512 637 sine
541 601 658 647 11101ος
696 601 799 648 quod
831 601 987 648 quidem
1019 602 1138 638 vitare
1161 603 1248 650 jure
1277 605 1375 651 quis,

87 654 261 692 absolute
294 654 502 702 loquendo,
535 658 674 701 potest.
703 654 748 689 Et
774 654 930 700 quidem
958 665 1083 691 sermo
1117 660 1174 691 est
1203 655 1249 692 de
1274 658 1376 693 malo

88 708 315 753 necessario,
342 718 419 743 non
437 711 567 744 autem
588 705 634 742 de
654 705 757 743 malo
779 707 817 742 in
838 706 941 754 quod
962 712 1100 754 sponte
1120 719 1201 745 sese
1224 711 1378 757 conjicit

89 759 279 798 homo:in
295 759 367 795 1100
378 759 484 795 0111111
506 759 672 796 secundo
687 769 790 804 casu,
806 760 956 795 nullum
977 760 1124 796 malum
1134 761 1376 800 subeundum

88 814 225 850 eximit
240 813 287 849 ab
308 813 435 849 officio
457 812 717 859 adimplendo.
747 813 823 849 Hoc
840 817 970 849 autem
990 813 1137 850 malum
1158 819 1284 862 potest
1297 827 1377 853 esse

89 870 306 911 extremum,
343 876 459 912 ⁴qrave
496 870 533 902 et
568 875 759 901 commune
793 877 806 902 .-
841 871 1057 912 extremum,
1100 871 1143 904 ut
1180 872 1236 904 est
1273 880 1377 906 mors

87 920 237 966 aliaque
258 918 424 963 similia;
446 928 532 965 quae
559 928 636 954 non
658 918 839 954 inferiora
867 924 992 955 morte
1015 920 1098 967 ipsa
1123 925 1375 968 reputantur;

87 982 213 1019 qrave,
234 974 276 1006 ut
293 970 461 1007 notabile
483 970 759 1006 detrimentum
780 972 968 1016 sanitatis,
988 971 1114 1017 famae,
1136 974 1190 1009 rei
1210 974 1378 1011 familia-

87 1025 151 1070 ris,
169 1028 206 1060 et
222 1023 363 1060 similia
381 1035 391 1069 3
409 1034 614 1068 commune,
627 1027 669 1058 ut
683 1027 772 1059 sunt
786 1024 889 1059 mala
903 1029 1086 1060 consueta
1097 1029 1134 1061 et
1151 1037 1228 1062 non
1246 1030 1376 1075 magni

89 1077 278 1114 momenti
297 1086 384 1124 quae
404 1075 481 1113 fere
508 1086 660 1124 semper
681 1076 918 1113 comitantur
937 1077 975 1113 in
997 1077 1069 1113 hac
1088 1078 1166 1115 vita
1192 1078 1360 1128 adimple

88 1133 261 1167 mentum
283 1130 512 1165 officiorum.
530 1129 585 1165 Ex
602 1129 848 1165 imminentia
864 1130 981 1177 hujus
1002 1130 1161 1177 triplicis
1182 1133 1274 1168 mali
1295 1144 1377 1170 nas-

87 1183 187 1219 citur
201 1182 340 1230 triplex
354 1183 569 1227 necessitas,
591 1193 729 1229 nempe
746 1188 925 1228 eaetrema‚
942 1184 1076 1230 ⁵qravis
1097 1189 1134 1220 et
1154 1189 1375 1224 communis.

88 1234 196 1277 Quod
215 1239 345 1271 autem
366 1235 571 1271 necessitas
591 1236 809 1271 communis
836 1246 913 1271 11011
942 1236 1086 1273 eximat
1106 1237 1305 1275 hominem
1329 1241 1376 1276 ab

87 1288 228 1333 officio,
249 1291 381 1335 aperta
394 1298 454 1323 res
475 1292 532 1323 051
548 1298 660 1323 :nam
678 1288 709 1323 si
723 1299 830 1324 secus
851 1292 962 1334 esset,
990 1289 1038 1325 ab
1059 1291 1238 1327 omnibus
1258 1292 1377 1328 ferme

87 1336 222 1377 officiis
239 1350 319 1376 sese
332 1339 544 1376 absolveret
562 1340 693 1386 homo,
706 1351 794 1376 cum
812 1341 961 1377 nullum
979 1352 1076 1389 pene
1094 1343 1155 1388 sit,
1176 1344 1279 1390 quod
1299 1356 1376 1381 non

86 1392 241 1440 aliquod
258 1392 549 1429 incommodum
571 1403 650 1440 prae
671 1404 708 1429 se
726 1393 834 1429 ferat.

131 1446 174 1481 V.
195 1446 279 1482 Alia
294 1446 558 1491 praenotanda.
576 1445 648 1481 Sed
663 1446 819 1492 insuper
836 1447 1049 1483 notandum
1063 1448 1157 1495 legis
1172 1455 1374 1498 praecepta,

85 1509 131 1535 ex
162 1498 301 1546 quibus
326 1498 416 1545 jura
450 1502 488 1534 et
519 1498 646 1535 officia
677 1498 890 1546 profluunt,
913 1511 993 1536 esse
1011 1501 1069 1536 vel
1094 1502 1298 1539 naturalia
1319 1504 1375 1539 vel
1423 1519 1434 1530 ·

87 1552 256 1598 positiva
276 1551 352 1587 sive
379 1551 551 1588 humana
576 1552 654 1588 sive
678 1552 834 1597 divina,
862 1553 1054 1589 naturalia
1079 1565 1168 1590 vero
1194 1556 1270 1592 alia
1296 1567 1377 1593 esse

87 1604 277 1652 negativa,
300 1603 374 1641 hoc
390 1608 447 1640 est
466 1605 635 1641 vetantia
652 1615 696 1640 ea
716 1615 803 1651 quae
823 1605 1042 1652 intrinsece,
1067 1606 1141 1643 hoc
1161 1612 1217 1644 est
1243 1619 1288 1644 ex
1313 1610 1377 1645 ob-

87 1657 184 1704 jecto
221 1661 258 1693 et
283 1657 476 1694 essentiali
509 1657 643 1693 ordine
675 1657 722 1693 ad
751 1659 869 1694 finem
890 1659 994 1695 mala
1010 1664 1112 1704 sunt,
1135 1666 1178 1696 ut
1212 1662 1375 1708 furtum,

86 1709 327 1755 adulterium,
349 1709 595 1756 blasphemia,
615 1715 711 1756 etc.;
731 1710 805 1747 0110
826 1722 906 1748 0550
927 1711 1160 1749 affirmativa
1177 1723 1263 1760 quae
1284 1726 1377 1761 prae-

86 1762 232 1810 cipiunt
251 1773 295 1798 ea
322 1773 409 1809 quae
429 1763 647 1808 intrinsece,
676 1762 748 1799 hoc
777 1768 834 1800 est
860 1774 905 1799 ex
938 1764 1090 1811 objecto
1123 1770 1161 1801 et
1185 1768 1377 1803 essentiali

86 1813 219 1851 ordine
245 1814 293 1851 ad
313 1815 429 1851 finem
458 1815 561 1851 bona
595 1820 697 1860 sunt,
722 1820 765 1850 ut
796 1820 902 1852 actus
937 1817 1138 1862 virtutum,
1159 1819 1375 1866 religionis,

86 1867 239 1914 pietati-s·
272 1867 314 1903 in
339 1872 532 1914 parentes,
562 1872 634 1904 etc.
655 1889 699 1893 -—
727 1868 870 1904 Exinde
899 1873 1005 1916 patet
1040 1869 1245 1907 discrimen
1278 1872 1378 1908 inter

87 1924 276 1969 praecepta
287 1920 382 1968 legis
395 1919 582 1956 naturalis
596 1921 759 1968 positiva
773 1925 810 1956 et
822 1926 1014 1968 praecepta
1024 1924 1213 1970 negativa.
1227 1924 1376 1961 Etenim

86 1977 276 2022 praecepta
300 1973 480 2020 negativa
503 1973 709 2021 prohibent
735 1978 842 2010 actus
881 1978 1125 2021 peccatorum
1146 1987 1153 2021 3
1185 1983 1378 2025 praecepta

86 2025 317 2062 affirmativa
336 2025 524 2063 inducunt
551 2025 599 2063 ad
618 2026 771 2062 virtutis
791 2030 933 2064 actum.
961 2028 1075 2064 Actus
1095 2033 1225 2065 autem
1247 2041 1376 2077 pecca-

87 2084 213 2116 torum
232 2083 322 2115 sunt
333 2079 544 2116 secundum
556 2090 594 2115 se
606 2079 713 2123 mali,
730 2083 767 2115 et
778 2079 884 2115 nullo
896 2080 971 2117 fine
988 2080 1084 2118 bene
1100 2082 1184 2118 fieri
1201 2089 1375 2130 possunt,

86 2142 153 2168 1100
171 2131 300 2179 aliquo
336 2136 522 2180 tempore,
559 2136 625 2168 aut
652 2132 751 2176 loco,
788 2133 853 2179 qui
872 2133 1082 2169 secundum
1104 2145 1143 2171 se
1179 2140 1268 2172 sunt
1289 2147 1377 2173 con-

86 2184 204 2231 juncti
223 2184 326 2221 malo
346 2185 428 2230 fini,
449 2196 516 2222 seu
536 2184 681 2232 objecto
708 2184 877 2222 difformi
896 2196 918 2221 a
935 2190 1037 2223 recta
1058 2187 1207 2224 ratione
1228 2190 1278 2234 (9,
1301 2189 1348 2224 IV
1366 2202 1375 2234 ;

85 2240 120 2272 et
138 2236 194 2281 14,
222 2237 251 2282 I)
273 2249 282 2282 3
304 2241 342 2274 et
367 2237 452 2275 ideo
480 2242 673 2285 praecepta
690 2238 867 2285 negativa
888 2238 1061 2286 obligant
1079 2250 1224 2287 semper
1254 2244 1288 2276 et
1326 2242 1378 2278 ad

86 2299 238 2336 semper,
263 2295 306 2326 ut
335 2290 559 2327 Scholastici
584 2291 751 2336 aiebant,
782 2302 847 2328 seu
879 2292 916 2328 in
940 2293 1045 2329 omni
1071 2292 1168 2339 loco,
1200 2294 1240 2329 in
1268 2296 1374 2330 omni

86 2342 271 2383 temnere,
300 2343 338 2379 in
358 2345 464 2379 omni
496 2344 797 2380 circumstantia.
836 2343 908 2381 Sed
946 2348 1053 2382 actus
1078 2345 1267 2383 virtutum
1297 2357 1374 2383 non
