1554 2569
164 113 207 148 36
233 122 359 148 ETfflcA
371 122 439 149 Lm.
456 124 494 150 11.
509 124 586 149 CAP.
599 125 621 150 1.
636 124 677 149 Dr:
688 124 836 150 ACTIBUS
848 124 984 149 RUMAN.
1001 123 1037 149 m
1053 123 1181 149 SEIPSIS
1192 122 1445 148 CONsmERATls

164 194 394 230 litartsmum
403 195 458 231 vel
467 205 707 242 progressum
715 195 894 231 socialem
908 205 1022 242 super
1033 195 1165 231 omnia
1170 195 1259 241 jura
1273 193 1446 229 humana
1480 211 1488 227 ι,

164 246 366 294 divinaque
381 247 582 292 extollunt,
599 258 643 284 ac
662 247 894 283 Statolatrioe
910 247 1127 283 deserviunt
1146 248 1223 282 sive
1237 245 1445 282 theoretice
1483 287 1485 289 ¹

163 298 238 334 sive
256 300 435 345 practice.
453 320 493 325 ω-
506 300 677 347 Denique
691 299 853 335 liberam
875 300 940 335 Dei
960 299 1197 336 voluntatem
1211 309 1293 335 esse
1313 309 1445 346 supre-
1479 305 1484 342 j

163 361 269 386 mum
291 352 409 387 totius
428 352 660 388 moralitatis
677 353 871 388 criterium
892 352 1021 388 docuit
1040 353 1139 388 inter
1152 354 1297 388 ceteros
1314 351 1444 399 praeci-

163 414 235 450 pue
258 404 550 450 Puffendorfius‚
574 405 653 452 qui,
676 409 828 441 secutus
848 405 919 441 hac
945 405 984 441 in
1004 415 1044 441 re
1071 405 1284 441 cartesiana
1303 404 1444 450 princi-

162 456 225 502 pia
253 456 299 492 de
326 467 454 492 rerum
481 458 655 493 essentiis
684 458 741 504 (O.
771 459 827 502 11,
849 458 938 503 VII),
961 457 1090 493 intulit
1116 458 1286 493 actiones
1312 467 1444 492 omnes

163 508 354 544 humanas
369 520 450 545 esse
472 510 600 556 quoad
621 521 659 545 se
679 509 877 545 moraliter
894 509 1170 555 indifferentes,
1186 520 1252 545 seu
1272 519 1350 545 non
1364 519 1444 544 esse

161 571 285 607 neque
304 561 425 597 bonas
450 572 574 609 neque
596 562 717 597 malas
743 562 791 598 ab
818 562 1038 607 intrinseco,
1062 562 1128 598 sed
1158 563 1248 608 quia
1272 563 1373 598 Deus
1397 561 1445 596 li-

160 613 249 649 bere
275 624 340 649 eas
362 617 426 649 aut
448 614 569 650 bonas
595 619 662 650 aut
688 614 810 650 malas
838 615 1050 651 constituit.
1071 635 1116 640 —
1147 615 1287 650 Contra
1313 613 1445 660 hujus-

161 665 266 701 modi
293 676 442 702 errores
470 667 657 702 distinctis
682 666 992 702 conclusionibus
1017 671 1060 702 ut
1092 677 1267 714 agamus,
1295 667 1343 702 sit
1367 667 1446 713 pri·

161 728 267 753 mum
288 729 296 754 :
692 758 701 761 ,
1092 754 1143 759 -

207 770 272 805 111.
296 771 508 815 Moralitas,
527 781 596 807 seu
618 771 771 808 bonitas
786 773 850 808 vel
869 772 1020 808 malitia
1042 772 1239 807 actionum
1264 772 1446 807 humana-

160 832 244 858 rum
263 832 339 858 non
359 824 512 868 pendet,
531 827 576 859 ut
596 834 618 860 a
636 834 812 870 supremo
833 825 1004 869 criterio,
1022 824 1069 860 ab
1088 825 1265 869 opinione
1280 825 1344 860 vel
1359 833 1445 860 con-

160 875 365 911 suetudine
379 876 621 921 populorum.
641 878 712 912 Pro
729 876 802 913 hac
822 881 859 912 et
874 877 1122 923 sequentibus
1138 875 1446 911 conclusionibus

161 927 236 962 duo
257 928 447 975 praeoipue
463 931 578 964 nota:
597 931 633 963 1⁰
649 939 867 965 sermonem
891 939 973 964 esse
992 928 1037 964 de
1058 928 1274 964 actionibus
1294 928 1446 963 morali-

161 980 244 1023 bus,
255 980 466 1026 generatim
477 990 486 1016 :
497 991 573 1016 non
586 981 688 1016 enim
701 981 851 1017 inficior
859 981 986 1028 quoad
998 980 1257 1016 moralitatem
1269 990 1446 1027 quarum-

161 1031 250 1066 dam
279 1032 474 1068 actionum
497 1032 707 1079 plurimum
730 1033 854 1069 valere
880 1033 1176 1069 consuetudines
1198 1033 1444 1080 populorum,

160 1093 296 1130 nempe
325 1084 426 1120 circa
446 1094 504 1129 ea,
524 1095 690 1130 quorum
717 1096 792 1121 non
819 1090 952 1132 aperta
980 1089 1038 1120 est
1062 1085 1241 1121 omnibus
1264 1085 1446 1120 honestas

160 1136 216 1171 vel
243 1137 456 1184 turpitudo,
482 1137 580 1173 siout
608 1137 830 1183 negandum
847 1149 924 1173 non
950 1142 1007 1173 est
1036 1137 1298 1184 quarumdum
1330 1138 1446 1173 actio-

161 1199 253 1223 num
269 1189 481 1225 bonitatem
494 1189 552 1225 vel
566 1190 757 1226 malitiam
773 1190 960 1226 moralem
975 1189 1140 1236 pendere
1156 1190 1273 1236 alege
1285 1190 1446 1236 positiva

162 1245 244 1276 tum
262 1240 449 1285 humana,
469 1246 552 1277 tum
570 1243 786 1287 praesertim
808 1242 954 1287 divina;
972 1244 1010 1277 20
1023 1242 1111 1277 hinc
1131 1246 1255 1277 totam
1270 1242 1444 1288 quaestio-

159 1303 246 1328 nem
258 1303 340 1329 esse
352 1293 398 1329 de
418 1304 598 1341 supremo
613 1295 780 1330 criterio.
792 1315 837 1320 —
850 1295 1038 1330 Probatur
1052 1294 1278 1341 propositio.
1296 1294 1444 1330 Etenim

160 1345 341 1391 quaedam
360 1346 624 1382 universaliter
644 1351 681 1382 et
698 1350 919 1383 constanter
937 1347 1070 1382 haberi
1089 1351 1130 1381 ut
1151 1345 1325 1389 honesta,
1348 1346 1444 1381 sicut

157 1397 276 1433 colere
291 1403 480 1445 parentes,
496 1409 646 1435 servare
657 1399 781 1446 fidem,
794 1399 971 1446 patriam
985 1409 1127 1440 amare,
1145 1399 1297 1445 aliaque
1315 1398 1445 1444 hujus-

158 1450 264 1485 modi
284 1456 484 1493 sexcenta3
508 1451 688 1497 quaedam
708 1454 854 1495 contra,
872 1455 915 1486 ut
940 1450 1080 1486 horum
1102 1451 1291 1498 opposita,
1310 1450 1440 1488 haberi

159 1508 200 1538 ut
220 1503 361 1550 turpia,
381 1507 437 1539 est
457 1502 532 1539 tale
556 1504 701 1540 factum
721 1504 825 1550 quod
846 1515 869 1539 a
894 1503 1045 1539 nemine
1076 1507 1251 1549 negatur.
1278 1504 1353 1539 Aut
1378 1504 1443 1550 igi-

157 1557 221 1590 tur
243 1555 417 1599 arbitrio,
440 1560 508 1591 aut
526 1556 676 1592 ratione
696 1556 788 1592 duce
808 1555 1013 1591 discrimen
1033 1555 1129 1590 illud
1147 1558 1364 1591 statuerunt
1378 1555 1444 1591 ho-

159 1607 311 1643 mines:
340 1618 417 1643 non
446 1608 549 1644 enim
579 1612 637 1644 est
663 1608 848 1644 medium.
882 1608 997 1654 Atqui
1028 1617 1106 1643 non
1137 1607 1297 1644 arbitrio
1321 1618 1329 1644 :
1363 1612 1445 1643 turn

158 1659 248 1705 quia
267 1660 471 1696 arbitrium
494 1664 550 1696 est
567 1660 747 1705 volubile,
770 1671 891 1708 neque
914 1664 1095 1696 constans
1122 1665 1179 1697 est
1205 1671 1328 1707 neque
1354 1661 1441 1696 uni-

157 1711 299 1747 versale
316 1723 325 1757 ;
348 1715 430 1748 tum
450 1713 542 1760 quia
567 1718 707 1749 natura
729 1724 799 1749 sua
819 1713 1025 1760 opponitur
1043 1715 1155 1749 rectae
1175 1712 1441 1749 deliberationi

158 1764 329 1809 rationis,
351 1768 388 1800 et
408 1776 477 1811 per
500 1766 690 1801 rationem
712 1766 838 1812 ipsam
865 1768 901 1800 et
927 1775 995 1811 per
1020 1775 1176 1801 sensum
1195 1775 1442 1801 communem

156 1816 397 1863 reprobatur.
420 1817 518 1863 Ergo
539 1818 690 1854 ratione
718 1817 827 1854 duce.
853 1818 969 1864 Atqui
993 1818 1093 1852 ratio
1121 1817 1166 1853 de
1193 1817 1365 1853 bonitate
1385 1817 1444 1852 vel

156 1868 305 1904 malitia
318 1868 489 1914 ipsarum
509 1870 735 1916 opinionum
753 1870 810 1906 vel
827 1869 1151 1906 consuetudinum
1167 1869 1314 1915 judicat
1336 1879 1344 1904 ε
1367 1869 1442 1904 alio
1490 1896 1496 1918 3

156 1920 274 1966 igitur
293 1920 408 1957 ducta
423 1921 574 1958 criterio
592 1932 712 1970 quam
732 1922 825 1969 ipsis
847 1921 1106 1969 opinionibus,
1123 1922 1181 1957 vel
1200 1921 1442 1957 consuetudi-

156 1972 268 2008 nibus
286 1973 532 2020 populorum,
554 1973 742 2020 dijudicat
765 1973 978 2009 bonitatem
997 1973 1056 2009 vel
1085 1973 1277 2009 malitiam
1307 1972 1441 2009 huma-
1475 1976 1483 2013 ,’

156 2035 294 2060 narum
323 2026 536 2062 actionum.
567 2028 665 2073 Ergo
691 2025 905 2071 moralitas,
933 2036 999 2062 seu
1032 2025 1185 2061 bonitas
1205 2025 1262 2060 vel
1294 2025 1444 2061 malitia

156 2077 351 2113 actionum
377 2078 639 2114 humanarum
662 2089 740 2114 non
763 2078 904 2126 pendet
927 2078 975 2114 ab
1003 2078 1182 2125 opinione
1202 2078 1260 2113 vel
1279 2088 1441 2113 consue·

156 2128 288 2165 tudine
303 2129 550 2176 populorum.

204 2180 276 2217 Sed
305 2185 346 2216 ut
370 2182 496 2228 magis
515 2192 558 2218 ac
578 2183 703 2230 magis
730 2185 862 2230 pateat
890 2182 1110 2219 absurditas
1133 2181 1249 2228 hujus
1275 2182 1441 2218 exitialis

155 2233 354 2277 doctrinae,
370 2243 457 2280 quae
475 2238 555 2270 tam
573 2234 648 2270 late
665 2234 806 2271 nostris
820 2235 1058 2281 temporibus
1076 2235 1207 2281 serpit,
1225 2235 1440 2282 praesertim

156 2285 195 2321 in
214 2286 522 2332 pseudoscientia
537 2286 708 2334 politica,
728 2286 927 2323 videamus
946 2286 1039 2334 quid
1059 2287 1106 2322 sit
1121 2286 1346 2333 huJusmodi
1364 2287 1440 2323 sive

153 2347 378 2385 consensus,
396 2339 474 2376 sive
494 2339 624 2386 opinio
635 2339 850 2388 popularis,
869 2339 927 2377 vel
941 2339 1163 2383 nationalis,
1181 2339 1238 2377 vel
1257 2349 1441 2383 quocum·
