1554 2569
339 122 420 148 AM.
446 122 471 146 1.
499 122 544 147 DE
567 121 710 147 NATURA
733 121 834 147 LEGIS
859 122 901 145 ΕΤ
925 121 1178 147 LEGISLATORIS
1333 116 1394 151 101

108 194 296 243 applicari
322 193 548 230 hominibus
575 193 641 240 qui
668 192 878 229 secundum
906 203 991 228 eam
1025 194 1199 240 regulare
1224 197 1398 243 proprias

108 249 277 284 actiones
293 246 446 283 debent.
467 246 581 292 Atqui
599 245 822 292 hujusmodi
839 245 1046 292 applicatio
1063 246 1107 281 fit
1122 256 1189 293 per
1205 246 1278 283 hoc
1294 250 1397 295 quod

108 301 148 336 in
173 300 352 336 notitiam
372 298 576 335 hominum
596 297 657 334 lex
677 297 880 334 deducitur
897 308 943 333 ex
969 298 1052 345 ipsa
1071 298 1395 347 promulgatione,

107 363 154 388 ex
171 362 247 398 qua
257 351 434 387 homines
455 360 523 398 per
537 350 728 385 rationem
748 349 843 397 legis
858 350 1119 397 cognitionem
1136 351 1307 398 capiunt,
1322 364 1398 400 qua

108 404 277 451 dirigant
294 404 464 440 actiones
477 402 699 438 voluntatis.
719 402 817 449 Ergo
835 402 1095 450 promulgatio
1113 405 1326 441 necessaria
1341 411 1398 441 est

108 456 156 492 ad
185 456 271 501 hoc,
299 455 403 504 quod
429 456 490 492 lex
516 454 656 491 habeat
681 465 791 490 suam
811 456 1008 491 virtutem.
1035 473 1079 482 -·
1110 455 1191 501 1-11‚
1223 457 1292 498 Qu.
1323 459 1394 503 XC,

106 509 222 545 Artic.
241 509 300 544 lv.

154 562 214 597 VI.
235 561 458 598 Corollaria.
480 560 737 596 Corollarium
750 560 934 606 primum.
955 559 1009 595 Ex
1027 559 1139 596 dictis
1160 561 1280 608 igitur
1292 566 1397 609 patet

106 614 211 661 quod
237 614 298 650 lex
326 613 510 650 definitur
534 613 684 661 egregie
714 623 735 648 a
765 612 803 648 S.
830 611 979 648 Thoma
1000 613 1072 648 loc.
1094 614 1159 649 cit.
1183 625 1191 649 :
1219 613 1395 660 Quoedam

106 667 305 702 ordinatio
321 666 546 702 ratiom's—
557 666 609 701 ad
625 665 761 700 bonum
769 675 960 701 commune
972 664 1020 701 ab
1030 676 1070 701 eo
1079 666 1149 712 qui
1160 677 1294 703 curam
1304 678 1398 704 com-

107 719 310 755 munitatis
327 718 437 755 habet
454 739 499 745 —
513 718 773 765 promulgata.
793 717 910 764 Cujus
931 717 1167 755 definitionis
1187 724 1315 767 partes
1334 731 1398 757 ex-

107 772 261 818 plicatae
278 775 314 807 et
334 771 507 819 probatae
527 775 617 806 sunt
628 781 692 806 nn.
711 770 739 814 1,
756 771 802 815 ΙΙ,
815 770 862 805 IV
878 775 915 805 et
932 770 974 805 V.
987 791 1032 796 —
1048 771 1101 807 Ab
1117 771 1252 808 eodem
1265 777 1398 809 sancto

106 824 269 859 Doctore
288 823 350 859 lex
370 822 511 859 dicitur
529 823 646 859 etiam
669 833 676 858 :
706 822 895 859 dictamen
914 824 1084 859 rationis
1100 825 1142 859 in
1154 825 1398 871 proesidente‚

106 886 180 922 quo
212 875 363 911 subditi
384 874 676 922 gubernantum
705 874 771 911 sed
799 874 882 911 haec
909 875 1130 922 similesque
1154 876 1398 914 definitiones

106 927 328 964 coincidunt
347 938 435 964 cum
457 927 597 974 prima,
619 937 706 974 quae
734 927 952 974 explicitior
973 932 1029 964 est
1055 929 1094 964 in
1115 929 1294 965 omnibus
1315 931 1394 966 suis

135 981 296 1017 artihuS.

107 992 132 1029 p
156 1032 416 1070 Corollarium
435 1033 608 1069 alterum.
627 1033 702 1069 Lex
723 1034 852 1069 stricte
869 1037 1025 1080 accepta
1045 1037 1082 1069 et
1102 1034 1227 1080 qualis
1244 1045 1267 1070 a
1287 1035 1398 1071 nobis

106 1085 269 1122 definita
296 1089 366 1131 est,
397 1085 649 1133 distinguitur
680 1096 703 1121 a
724 1090 929 1132 proecepto.
955 1085 1106 1122 Etenim
1132 1086 1193 1122 lex
1223 1087 1397 1123 ordinem

107 1138 280 1174 continet
299 1137 347 1173 ad
364 1138 511 1174 bonum
530 1148 756 1183 commune;
779 1137 845 1173 sed
863 1142 1100 1185 praeceptum
1117 1142 1174 1174 est
1193 1139 1397 1187 singularis

106 1190 314 1237 applicatio
335 1190 481 1226 ordinis
501 1189 604 1226 illius
624 1190 672 1226 ad
689 1190 904 1237 singulares
923 1191 1019 1227 fines
1036 1191 1310 1228 subordinatos
1330 1194 1397 1227 fini

106 1243 306 1279 communi
322 1254 331 1288 3
345 1253 392 1279 ex
408 1252 486 1289 qua
501 1242 818 1278 subordinatione
826 1247 1019 1290 praecepta
1032 1242 1174 1279 habent
1192 1244 1295 1290 quod
1308 1246 1399 1281 talia

106 1296 185 1331 sint
205 1299 243 1331 et
261 1296 444 1331 virtutem
461 1294 658 1342 obligandi
682 1294 862 1331 habeant.
880 1295 976 1331 Nam
998 1295 1060 1331 lex
1079 1296 1235 1342 respicit
1252 1297 1369 1333 finem
1386 1309 1394 1342 3

109 1351 346 1395 praeceptum
372 1358 460 1383 vero
498 1347 653 1394 respicit
680 1347 808 1383 media
845 1347 893 1383 ad
922 1348 1040 1384 finem
1069 1349 1394 1394 consequendum.

111 1400 204 1436 Hinc
223 1399 366 1447 triplici
384 1399 534 1435 ratione
557 1399 619 1435 lex
638 1398 892 1446 distinguitur
907 1409 929 1435 a
945 1404 1136 1447 praecepto
1157 1411 1164 1435 :
1186 1402 1222 1435 1Ο
1241 1401 1396 1447 quidem

106 1453 201 1498 quia
229 1452 292 1488 lex
327 1451 469 1488 directe
500 1452 820 1488 communitatem
847 1452 1015 1499 respicit,
1042 1457 1278 1500 praeceptum
1308 1465 1397 1491 vero

107 1504 322 1552 singulares
341 1514 524 1552 personas
543 1515 552 1549 3
573 1524 618 1529 —-
641 1506 681 1539 2⁰
702 1503 762 1540 lex
786 1504 833 1540 de
856 1515 926 1540 sua
948 1509 1088 1540 natura
1110 1510 1168 1541 est
1193 1506 1397 1542 invariabi-

108 1557 168 1601 lis,
187 1557 278 1603 quia
293 1556 449 1604 respicit
464 1556 610 1593 bonum
628 1567 847 1602 commune,
869 1556 973 1604 quod
990 1567 1067 1593 non
1082 1558 1229 1594 variat:
1248 1563 1288 1594 at
1302 1570 1398 1607 prae-

107 1613 264 1656 ceptum
290 1613 348 1645 est
372 1608 419 1646 de
443 1608 581 1645 mediis
607 1619 694 1655 quae
719 1609 824 1645 varia
848 1613 938 1645 sunt
963 1614 1001 1645 et
1026 1609 1112 1646 ideo
1135 1611 1337 1647 variantur
1356 1617 1399 1648 et

109 1661 507 1709 multiplicantur-ipsa
523 1665 735 1709 praecepta3
752 1662 842 1698 -30
858 1666 1128 1709 praeceptuma
1145 1663 1279 1708 quovis
1289 1674 1399 1710 supe-

109 1713 210 1750 riore
224 1713 399 1761 legitimo
416 1713 565 1761 imponi
582 1717 721 1760 potest,
739 1717 778 1749 at
797 1713 859 1750 lex
882 1724 960 1749 non
977 1713 1157 1750 conditur
1176 1715 1250 1750 nisi
1266 1715 1313 1751 ab
1334 1717 1398 1752 illo

107 1765 175 1811 qui
189 1775 322 1800 curam
341 1765 528 1801 universae
545 1765 835 1801 communitatis
853 1766 964 1812 gerit.

156 1817 234 1853 VII.
245 1817 363 1852 NOTA.
375 1818 427 1853 De
435 1817 627 1862 qualitate
639 1818 961 1862 promulgationis
982 1818 1091 1863 legis.
1108 1818 1311 1865 Disputant
1327 1819 1399 1854 Sri-

111 1873 239 1917 ptores
262 1872 394 1904 utrum
417 1868 677 1916 promulgatio
701 1869 750 1904 sit
769 1868 1014 1905 solummodo
1038 1869 1207 1905 conditio
1225 1881 1292 1906 seu
1312 1882 1397 1918 pro-

111 1922 252 1969 prietas
273 1921 383 1968 legiS‚
403 1931 453 1957 an
473 1920 519 1957 de
539 1921 622 1968 ejus
637 1921 802 1956 essentia
821 1932 828 1956 :
852 1931 968 1967 quam
995 1920 1297 1968 disputationem
1319 1934 1398 1959 om—

109 1975 201 2009 nino
214 1974 391 2010 inutilem
402 1978 440 2009 et
451 1973 593 2009 nullius
605 1974 791 2009 momenti
807 1977 942 2019 reputo
956 1983 1044 2008 cum
1056 1973 1236 2019 Concina‚
1248 1975 1400 2022 Dejure
1442 2019 1444 2025 y

50 2031 52 2033 ’
109 2031 189 2062 nat.
207 2031 240 2062 et
254 2030 353 2073 qent.
374 2026 529 2062 Dissert.
548 2025 580 2061 11
600 2025 655 2062 De
670 2024 929 2072 leqibusssap.
948 2025 1007 2070 IV,
1024 2036 1112 2062 cum
1134 2037 1249 2074 penes
1266 2038 1398 2064 omnes
1440 2034 1444 2072 s

111 2083 258 2115 :ertum
283 2078 332 2114 sit
362 2078 487 2126 legem
513 2088 591 2113 non
617 2078 800 2125 obligare,
835 2078 907 2113 nisi
941 2078 990 2113 sit
1018 2079 1276 2126 promulgata.
1299 2080 1399 2128 Ergo
1437 2082 1442 2127 ζ

111 2131 370 2178 promulgatio
396 2130 611 2167 necessaria
640 2134 708 2174 est,
740 2129 788 2165 ad
818 2130 947 2165 minus
975 2135 1019 2165 ut
1044 2130 1215 2168 conditio
1241 2143 1318 2179 qua
1338 2133 1400 2169 lex
1439 2166 1442 2170 .

61 2221 68 2235 ι
109 2183 257 2231 regulet
276 2187 314 2218 et
330 2183 531 2219 actualiter
545 2182 702 2230 obliget.
723 2202 769 2208 —
785 2182 916 2218 Potius
936 2183 1122 2218 nonnulla
1134 2183 1295 2220 dicenda
1310 2190 1402 2220 sunt

107 2237 210 2271 circa
219 2234 335 2270 aliam
347 2234 627 2279 difficultatem,
644 2245 730 2281 quae
742 2238 798 2270 est
808 2234 854 2270 de
864 2234 1048 2280 qualitate
1060 2236 1396 2283 promulgationis,

107 2287 276 2334 qualiter
290 2297 428 2334 nempe
445 2287 581 2323 debeat
604 2287 840 2333 promulgari
859 2287 919 2322 lex
939 2291 976 2322 et
1000 2287 1137 2323 deduci
1161 2289 1200 2323 in
1218 2290 1399 2325 notitiam

109 2340 275 2377 aliorum
294 2344 337 2376 ut
352 2340 428 2376 vim
438 2340 634 2386 obligandi
649 2339 800 2377 habeat.
815 2340 945 2376 Varias
959 2340 1074 2376 refert
1085 2342 1294 2377 sententias
1309 2342 1409 2380 scri-.
