1584 2569
211 117 279 151 250
340 126 399 151 ms
421 127 582 152 NATURAE.
612 127 683 153 Lm.
705 127 745 151 ιι.
769 127 846 153 car.
865 127 890 150 1.
914 126 955 151 DE
980 126 1170 151 socruum
1186 125 1379 150 DOffiESTmA

212 197 361 244 dejure
387 202 424 233 et
451 197 575 234 officio
605 198 755 234 socialis
785 197 1024 234 auctoritatis
1050 198 1099 232 sit
1124 197 1188 232 illa
1204 195 1331 232 media
1350 197 1498 243 aptiora

212 250 469 296 suppeditare.

258 304 354 339 vm.
374 305 638 341 Praenotamen
657 304 835 340 alterum.
859 303 929 339 Sed
949 303 1174 350 insuperjus
1198 306 1235 338 et
1251 301 1420 338 officium
1436 301 1498 337 So-

211 358 339 393 cietati
360 358 544 403 competit
570 356 791 404 invigilandi
813 361 855 392 ut
880 356 1054 392 educatio
1076 355 1341 392 intellectualis
1361 359 1398 390 et
1421 365 1500 390 mn-

211 410 302 446 ralis
329 410 427 446 intra
448 410 588 445 limites
605 409 816 446 honestatis
836 413 873 445 et
892 410 1062 445 veritatis
1082 409 1335 445 contineatur.
1352 408 1396 443 Et
1412 408 1501 454 quia

212 467 401 510 repugnat
427 462 651 506 moralitati,
673 466 863 509 repugnat
882 462 1032 498 veritati
1054 460 1241 509 quidquid
1265 461 1413 508 legibus
1439 472 1501 496 na-

213 519 324 558 turoe,
355 515 503 562 legibus
536 515 687 559 divinis,
719 515 892 562 religioni
924 515 1151 562 opponitur3
1182 514 1410 550 auctoritate
1435 524 1504 549 sua

214 566 326 603 debet
345 568 472 604 Status
493 568 611 603 civilis
624 578 863 616 compescere
876 567 1092 604 doctrinam
1105 572 1141 604 et
1154 567 1332 603 docentes
1348 567 1501 615 impios,

213 624 251 656 et
271 626 458 667 quantum
492 621 529 656 in
564 632 601 657 se
633 625 702 665 est,
735 621 878 657 bonam
911 620 1126 657 doctrinam
1154 620 1349 667 bonosque
1377 629 1504 655 mores

213 672 339 709 fovere
368 673 492 709 verbis
518 678 554 709 et
583 673 781 721 exemplis.
804 673 912 709 Ratio
933 678 1002 718 est,
1018 673 1109 720 quia
1128 673 1273 708 bonum
1300 682 1504 708 commune

214 726 407 762 societatis
437 728 516 762 sine
551 726 734 774 religione
768 727 941 762 obtinere
980 730 1037 762 est
1067 727 1224 762 omnino
1255 725 1502 773 impossibile.

214 778 417 814 Provideat
447 780 564 826 igitur
592 780 785 827 sapienter
808 779 1023 815 Auctoritas
1048 779 1203 826 politica
1229 782 1266 814 et
1297 777 1506 825 prudenter

215 836 252 866 et
272 831 447 879 religiose
468 831 652 879 invigilet.
673 831 745 868 Sed
767 832 826 868 his
846 832 1009 868 libenter
1027 831 1230 874 concessis,
1252 831 1329 866 imo
1352 841 1396 866 ex
1419 830 1506 877 jure

215 885 407 931 impositis
438 884 575 930 Statui,
602 889 740 929 cetera,
763 895 850 932 quae
879 885 951 920 sibi
977 888 1145 931 arrogat,
1176 883 1422 919 vehementer
1442 893 1505 918 ne-

217 947 365 984 gamus.
387 936 493 973 Unde
510 938 558 973 sit
579 937 770 974 conclusio
789 967 795 973 .

263 990 324 1025 IX.
343 990 476 1026 Status
498 991 624 1026 civilis
647 991 796 1026 nultum
810 990 868 1036 ius
883 989 1002 1026 habet
1018 988 1238 1034 imponendi
1256 998 1345 1024 suos
1365 987 1504 1033 magis-

215 1045 311 1085 tros,
334 1053 499 1088 suasque
513 1043 669 1079 Scholas
683 1043 1028 1088 patribusfamilias
1043 1042 1167 1087 quoad
1182 1042 1348 1078 filiorum
1369 1041 1506 1077 educa-

214 1095 361 1131 tionem
370 1099 453 1131 tum
464 1096 770 1131 intellectualem
780 1098 863 1130 tum
875 1096 1070 1131 moralem.
1086 1093 1244 1128 Familia
1258 1104 1323 1128 seu
1338 1091 1506 1128 Societas

217 1147 441 1192 domestica,
470 1158 514 1183 eo
535 1148 616 1194 ipso
635 1147 738 1193 quod
756 1148 794 1183 in
807 1152 957 1194 partem
978 1146 1172 1183 societatis
1192 1145 1311 1181 civilis
1331 1144 1507 1181 adscisci-

217 1204 293 1244 tur,
310 1200 496 1246 nonjura,
510 1210 586 1235 non
601 1199 726 1235 officia
738 1210 805 1235 sua
818 1198 1004 1246 deperdit,
1021 1198 1086 1235 sed
1099 1199 1221 1246 magis
1236 1197 1454 1233 membrum
1466 1198 1507 1232 fit

217 1252 410 1288 societatis
428 1252 547 1287 civilis
565 1257 607 1288 ut
624 1252 670 1288 ab
692 1263 736 1288 ea
753 1252 895 1288 habeat
914 1256 950 1289 et
966 1252 1113 1299 jurium
1132 1251 1306 1295 tutelam,
1328 1254 1365 1285 et
1381 1249 1507 1286 media

218 1305 358 1351 quibus
379 1305 582 1352 perfectius
603 1304 730 1341 officia
760 1316 829 1341 sua
855 1310 1028 1341 exerceat
1057 1305 1094 1340 in
1122 1304 1322 1351 proprium
1346 1303 1505 1339 bonum.

220 1358 334 1394 Secus
353 1370 428 1394 non
459 1358 506 1394 ad
524 1358 796 1405 perlectionem
814 1358 1003 1394 conferret
1027 1357 1195 1394 Societas
1216 1356 1349 1401 civilis,
1368 1354 1434 1392 sed
1460 1355 1507 1391 ad

219 1415 496 1447 nocumentum
529 1411 807 1447 membrorum.
847 1412 960 1457 Atqui
991 1410 1028 1445 in
1062 1410 1251 1445 Societate
1283 1408 1506 1447 domestica,

219 1463 488 1499 antecedenter
516 1463 564 1499 ad
597 1464 818 1500 societatem
851 1463 1001 1500 civilem
1032 1464 1132 1509 (qum
1167 1462 1271 1498 nulla
1298 1465 1395 1498 esset
1427 1461 1508 1496 sine

220 1517 360 1563 praevia
377 1516 557 1552 societate
578 1515 801 1560 domestica)
819 1520 856 1551 et
877 1515 1178 1561 independenter
1195 1514 1241 1549 ab
1259 1515 1354 1560 ipsa,
1369 1514 1458 1560 jura
1475 1518 1509 1548 et

220 1568 346 1604 officia
367 1569 495 1604 stricte
517 1567 706 1604 naturalia
728 1568 950 1614 parentibus
972 1567 1201 1602 incumbunt
1222 1565 1349 1612 quoad
1376 1564 1509 1601 eduea-

219 1621 365 1656 tionem
392 1620 688 1656 intellectualem
725 1626 761 1656 et
804 1620 990 1656 moralem
1023 1619 1206 1655 filiorum.
1241 1618 1339 1665 Ergo
1371 1617 1510 1654 laedere

219 1673 445 1721 hujusmodi
464 1675 554 1721 Jura
574 1678 629 1710 est
650 1672 787 1709 heder„-
819 1675 944 1721 ipsum
971 1673 1031 1719 jus
1052 1672 1238 1708 naturale.
1274 1671 1345 1706 Sed
1366 1670 1512 1707 laedun·

221 1733 284 1764 tur
303 1728 453 1774 quoties
482 1727 642 1764 societas
662 1727 781 1763 civilis
812 1728 848 1762 vi
876 1727 1041 1774 imponit
1058 1736 1146 1761 suas
1167 1725 1316 1761 scholas
1346 1734 1513 1770 suosque

220 1781 439 1828 magistros,
467 1779 630 1817 arcendo
652 1791 716 1816 eos
743 1781 782 1816 in
802 1790 898 1827 quos
919 1779 1214 1827 patresfamilias
1244 1777 1518 1815 fiduci'am'ha-

221 1834 311 1869 bent
331 1845 338 1870 :
362 1834 393 1869 si
413 1833 515 1870 enim
541 1838 717 1881 parentes
740 1834 804 1880 jus
824 1832 968 1869 habent
994 1833 1033 1869 in
1053 1832 1177 1879 finem,
1198 1830 1270 1867 hoc
1288 1835 1344 1866 est
1364 1831 1403 1866 in
1423 1829 1529 1872 edu-2

221 1888 426 1930 cationem,
449 1897 535 1933 quae
557 1891 612 1923 est
638 1886 783 1922 bonum
811 1886 1003 1922 societatis
1032 1884 1253 1921 domesticae
1272 1894 1293 1919 a
1319 1886 1514 1919 naturaret

222 1951 299 1976 uon
320 1951 342 1975 a
362 1940 542 1975 societate
570 1938 672 1975 civili
701 1939 959 1986 designatum,
990 1942 1026 1974 et
1046 1948 1068 1973 a
1097 1937 1320 1984 parentibus
1346 1934 1444 1982 ipsis
1469 1944 1529 1970 ex<

223 1997 370 2028 naturce
401 1992 527 2028 officio
555 1990 856 2052 procurandum,
883 1991 948 2038 jus
973 1990 1117 2037 pariter
1145 1989 1289 2026 habent
1318 1989 1357 2024 in
1388 1986 1514 2024 media

193 2040 196 2045 ’
224 2044 412 2092 eligenda,
438 2045 510 2081 hoc
530 2049 587 2081 est
610 2046 647 2081 in
669 2044 818 2081 scholas
839 2048 874 2080 et
896 2044 1102 2090 magistros
1122 2043 1187 2089 qui
1208 2042 1374 2089 aptiores
1390 2039 1515 2076 viden-

224 2103 287 2133 tur
303 2099 349 2133 ad
371 2099 488 2133 finem
510 2098 618 2134 illum
633 2097 960 2145 consequendum.

272 2151 532 2186 Confirmatur
573 2151 706 2187 eadem
739 2150 932 2187 conclusio
967 2160 1013 2186 ex
1046 2152 1184 2184 natura
1220 2145 1419 2183 Societatis
1451 2145 1516 2182 do-

231 2205 394 2240 mesticae
413 2205 450 2239 in
469 2215 537 2239 sua
554 2204 738 2240 relatione
756 2215 842 2240 cum
859 2203 1039 2240 societate
1051 2201 1164 2237 civili.
1183 2199 1237 2235 Ad
1261 2200 1359 2235 hanc
1384 2199 1514 2246 procul

231 2257 343 2293 dubio
366 2256 510 2292 familia
531 2257 753 2302 ordinatur3
775 2262 944 2293 attamen
962 2256 1052 2301 quia
1079 2255 1147 2290 filii
1168 2257 1256 2289 sunt
1283 2253 1399 2299 aliqu
1407 2254 1430 2290 d
1455 2263 1519 2300 pa

232 2315 393 2354 rentum,
423 2320 623 2357 quousque
643 2310 682 2345 in
716 2310 925 2346 domestica
951 2308 1131 2343 societate
1154 2307 1286 2342 vivunt
1308 2310 1346 2341 et
1369 2304 1525 2340 domes-

231 2363 274 2399 ti«
279 2373 311 2400 ε
328 2363 519 2399 societatis
540 2363 713 2399 membra
731 2363 970 2398 constituunt
996 2359 1067 2398 sub
1094 2360 1218 2407 patria
1236 2361 1438 2406 potestate,
1467 2356 1522 2393 ad
