1554 2569
203 110 242 142 {2
300 117 426 142 mmm
446 117 516 142 Lm.
537 118 562 143 1.
586 106 663 142 CA‘P.
685 117 725 142 11.
748 117 791 141 DE
815 117 957 142 NATURA
979 117 1099 142 ULTuss
1114 118 1206 142 FINIS
1224 118 1380 143 ROMANAE
1400 119 1490 144 vim:

202 188 375 225 mortalis
389 192 447 225 est
463 199 635 235 corpore,
648 188 777 224 animo
793 191 922 224 autem
939 188 1184 225 immortalis.
1199 190 1319 235 Igitur
1339 191 1376 224 40
1389 201 1490 237 quae·

201 243 299 278 ritur
318 246 444 277 utrum
464 241 572 277 homo
590 242 768 288 consequi
780 241 905 287 possit
923 241 1147 286 felicitatem
1169 242 1210 277 in
1230 241 1303 278 hac
1321 243 1413 287 vita,
1436 243 1491 279 vel

203 294 446 330 solummodo
469 294 508 329 in
530 293 653 330 altera
673 293 766 330 vita.
789 313 834 319 —
860 294 947 329 Haec
973 298 1103 329 autem
1131 295 1262 329 omnia
1285 295 1493 341 respiciunt

203 346 480 383 beatitudinem
495 346 735 393 objectivam.
753 347 797 381 Et
811 347 903 394 quia
917 346 1130 392 beatitudo,
1144 350 1185 383 ut
1202 347 1333 382 statim
1350 347 1491 392 dicam,

204 399 382 435 dividitur
393 399 428 434 in
441 400 665 445 objectivam
674 403 710 434 et
720 398 788 435 sub
786 397 970 445 jectivam
981 409 1047 435 seu
1057 399 1260 445 formalem
1271 403 1308 436 50
1322 411 1332 446 ;
1354 399 1398 436 de
1413 399 1493 436 bea-

205 453 367 488 titudine
383 451 546 498 formali
565 461 691 488 sermo
708 456 764 487 est
785 451 1002 487 habendus.

628 580 884 618 ARTmULus
904 581 1071 617 PRIMUS

826 663 875 708 (4)

466 741 600 782 Utrum
637 744 829 781 beatitudo
855 744 1022 780 hominis
1053 744 1238 781 consistat

605 798 646 833 in
680 797 787 833 bonis
814 796 1093 843 corporalibus.

251 886 281 924 1.
295 885 499 923 Beatitudo
514 885 706 931 objectiva
717 888 757 921 et
770 885 970 921 beatitudo
985 885 1200 930 subjectiva
1217 895 1286 921 seu
1306 885 1493 922 formalis<

205 940 251 976 Ut
268 940 392 975 omnis
407 938 657 984 oequivocatio
675 938 846 981 tollatur,
862 937 923 973 hic
941 937 1072 972 statim
1087 938 1281 983 praemitto
1297 939 1494 985 vulgarem

207 991 432 1028 divisionem
463 989 714 1026 beatitudinis
746 989 784 1025 in
813 988 1040 1036 objectivam
1065 992 1102 1025 et
1124 989 1328 1035 formalem
1355 991 1413 1036 (O.
1436 994 1494 1033 50,

206 1045 297 1089 VII).
319 1063 364 1070 -—-
382 1042 581 1079 Beatitudo
603 1042 787 1088 objectiva
801 1045 859 1078 est
879 1042 963 1089 ipsa
977 1052 1036 1077 res
1051 1052 1138 1090 quae
1159 1047 1216 1078 est
1233 1042 1392 1079 ultimus
1411 1044 1497 1079 finis

208 1108 271 1134 seu
293 1106 490 1132 summum
513 1095 682 1131 hominis
703 1094 863 1131 bonum.
884 1114 929 1121 —
953 1095 1155 1131 Beatitudo
1182 1106 1270 1131 vero
1291 1096 1497 1142 subjectiva

208 1160 274 1186 seu
294 1149 467 1184 formalis
485 1151 540 1183 est
557 1148 775 1184 consecutio
797 1147 1048 1183 beatitudinis
1074 1147 1284 1194 objectivae‚
1305 1159 1371 1184 seu
1393 1153 1498 1185 actus

207 1212 284 1249 quo
302 1202 418 1237 homo
436 1201 685 1247 consequitur
701 1209 896 1236 summum
915 1209 1028 1235 suum
1050 1200 1192 1236 bonum
1211 1205 1247 1236 et
1261 1211 1497 1248 consequen-

201 1262 264 1301 ter
284 1255 322 1290 in
343 1253 424 1300 ejus
445 1254 683 1300 possessione
705 1252 814 1299 plene
835 1252 1010 1299 quiescit.
1033 1253 1228 1299 Imprimis
1251 1259 1310 1291 est
1336 1254 1497 1301 quaestio

209 1307 254 1343 de
273 1306 353 1342 sola
377 1305 612 1342 beatitudine
632 1304 819 1352 objectiva

254 1360 300 1396 11.
324 1359 567 1395 conditiones
589 1357 843 1394 beatitudinis
867 1358 1082 1403 objectivae.
1100 1359 1218 1394 Porro
1236 1359 1392 1394 nomine
1411 1359 1498 1395 bea-

209 1411 386 1448 titudinis
407 1411 600 1457 objectivae
622 1421 756 1446 omnes
775 1421 863 1446 cum
890 1410 1104 1458 Augustino
1132 1410 1361 1459 intelligunt,
1383 1412 1498 1448 Sum-

209 1475 316 1500 mum
338 1464 496 1508 bonum,
516 1478 535 1495 «
557 1474 633 1511 quo
654 1462 861 1499 referentes
888 1462 1018 1499 omnia
1039 1473 1125 1510 quae
1146 1465 1311 1509 agimus,
1333 1470 1370 1500 et
1397 1465 1500 1510 quod

208 1529 283 1553 non
310 1519 465 1563 propter
494 1516 613 1558 aliud,
636 1516 702 1552 sed
727 1520 885 1563 propter
919 1516 1088 1563 seipsum
1119 1519 1356 1563 appetentes,
1384 1517 1500 1564 idque

210 1570 476 1616 adipiscentes,
507 1569 600 1604 nihil
626 1579 703 1616 quo
746 1569 846 1605 beati
880 1569 1014 1612 simus,
1049 1568 1209 1604 ulterius
1240 1570 1498 1616 requiramus.

208 1622 297 1658 1on
319 1622 460 1669 quippe
480 1625 517 1657 et
535 1621 627 1668 finis
648 1625 703 1657 est
724 1621 858 1666 dictus,
883 1621 973 1668 quia
999 1624 1155 1668 propter
1174 1621 1274 1657 hunc
1292 1626 1419 1658 cetera
1439 1633 1502 1658 vo-

207 1675 349 1719 lumus,
372 1674 500 1721 ipsum
519 1679 648 1709 autem
666 1684 743 1710 non
771 1674 841 1709 nisi
860 1678 1017 1721 propter
1038 1674 1166 1720 ipsum
1184 1688 1199 1705 »
1225 1675 1302 1710 vul
1321 1675 1377 1711 De
1398 1675 1501 1712 Civi-

209 1733 282 1764 tate
303 1727 387 1772 Dei,
408 1728 496 1773 Cap.
520 1727 612 1764 VIII.
637 1727 729 1763 Hinc
749 1729 916 1774 quatuor
934 1725 1176 1762 conditiones
1193 1727 1242 1762 ad
1262 1729 1391 1764 minus
1412 1732 1503 1763 sunt

209 1780 434 1816 necessariae
454 1779 502 1815 ad
524 1779 803 1816 beatitudinem
824 1779 1051 1826 objectivam
1070 1789 1078 1815 :
1098 1781 1131 1814 1·
1146 1779 1248 1826 quod
1266 1780 1314 1815 sit
1338 1780 1413 1816 tale
1437 1780 1503 1816 bo-

209 1843 301 1868 num
325 1832 428 1879 quod
458 1843 535 1868 non
555 1833 676 1879 possit
708 1831 877 1869 ordinari
899 1831 947 1868 ad
970 1831 1074 1867 aliud
1096 1832 1240 1867 bonum
1266 1843 1502 1880 consequen-

211 1886 303 1921 dum
327 1896 335 1921 :
371 1896 479 1922 secus
512 1896 589 1922 non
623 1890 723 1922 esset
756 1895 879 1933 neque
912 1895 1108 1920 summum
1147 1885 1291 1921 bonum
1324 1890 1499 1933 respectu

209 1939 429 1983 voluntatis,
452 1948 574 1984 neque
604 1938 686 1984 ejus
712 1937 872 1974 ultimus
893 1937 1006 1981 finis;
1034 1957 1080 1963 ·-
1106 1939 1141 1972 2·
1167 1937 1271 1982 quod
1297 1948 1375 1973 non
1398 1949 1504 1973 com-

210 1992 378 2036 patiatur
407 2001 536 2026 secum
574 1989 731 2036 aliquod
765 1989 910 2025 malum
933 1999 942 2025 :
964 1989 1110 2026 bonum
1149 1990 1252 2024 enim
1283 1994 1320 2025 et
1353 1990 1501 2026 malum

210 2044 306 2078 inter
323 2053 362 2078 se
380 2046 629 2089 opponuntur
644 2054 652 2087 ;
671 2042 770 2078 unde
785 2053 860 2077 non
875 2046 1002 2089 potest
1013 2041 1131 2077 homo
1144 2051 1340 2078 summum
1356 2043 1501 2078 bonum

211 2095 405 2142 possidere
417 2098 453 2130 et
465 2095 581 2130 simul
594 2094 693 2131 affici
708 2095 837 2141 aliquo
850 2094 972 2139 ma103
990 2114 1034 2120 —-
1048 2095 1084 2130 3·
1101 2093 1204 2140 quod
1218 2094 1265 2129 sit
1279 2095 1423 2130 bonum
1438 2106 1505 2141 per

211 2158 249 2182 se
282 2146 474 2182 sufficiens
505 2146 705 2191 voluntati,
732 2147 787 2182 ita
813 2157 951 2193 nempe
982 2149 1036 2189 ut,
1062 2145 1299 2182 beatitudine
1329 2147 1502 2190 obtenta,

212 2199 307 2235 nihil
328 2199 624 2235 desiderandum
642 2204 841 2235 remaneat
861 2199 1008 2235 homini
1029 2210 1037 2235 :
1060 2208 1152 2234 nam
1174 2209 1282 2234 secus
1309 2209 1386 2235 non
1405 2204 1505 2235 esset

215 2252 373 2288 ultimus
387 2252 487 2292 sinis,
505 2262 572 2287 seu
587 2251 746 2287 ultimus
768 2252 956 2286 terminus
975 2250 1253 2286 desideriorum
1271 2252 1501 2295 voluntatis;

215 2326 255 2332 —
275 2305 311 2341 4·
327 2305 430 2353 quod
450 2316 497 2341 ex
524 2304 761 2341 beatitudine
791 2304 925 2339 habita
958 2314 1035 2339 non
1067 2305 1186 2350 possit
1212 2304 1362 2340 homini
1390 2305 1502 2341 beato

213 2358 370 2406 aliquod
385 2358 531 2395 malum
546 2357 760 2405 provenire,
774 2367 881 2408 secus
900 2367 1022 2404 neque
1042 2358 1172 2402 quieta
1193 2361 1291 2394 esset
1312 2358 1478 2405 possessi
