1529 2569
188 584 796 672 PHILOSOPHIA
848 586 1240 668 MORALIS

125 1220 320 1272 Prologus.
344 1223 440 1267 Quia
459 1234 527 1272 per
545 1223 780 1261 intellectum
807 1225 923 1262 homo
951 1224 1127 1262 ordinem
1156 1227 1367 1277 cognoscit„

82 1281 130 1316 ad
152 1281 279 1327 ipsum
300 1278 464 1325 pertinet
487 1277 662 1314 ordinem
683 1288 825 1325 ponere
846 1278 884 1314 in
908 1277 1021 1314 rebus
1042 1278 1218 1325 cognitis.
1238 1279 1366 1327 Tripli-

77 1334 132 1369 cis
153 1335 283 1368 autem
304 1331 454 1378 generis
472 1334 529 1367 est
547 1330 640 1366 ordo
662 1331 728 1378 qui
748 1331 888 1367 rationi
908 1330 1212 1368 considerandus
1232 1343 1370 1379 propo-

79 1387 197 1422 nitur.
215 1385 281 1420 Est
307 1382 408 1419 enim
430 1382 568 1431 aliquis
588 1382 699 1428 ordo,
721 1393 837 1431 quem
857 1383 958 1420 ratio
980 1383 1261 1420 considerando
1279 1384 1370 1420 facit

71 1437 119 1474 *in
139 1436 296 1485 proprio
317 1440 418 1480 actu,
438 1436 654 1473 ordinando
679 1446 817 1484 nempe
834 1440 1041 1484 conceptus
1061 1436 1109 1472 ad
1133 1436 1309 1480 invicem,
1328 1441 1371 1472 ut

80 1492 130 1528 ad
157 1490 358 1526 veritatem
385 1489 507 1525 tutius
533 1494 570 1525 et
602 1488 749 1526 facilius
775 1490 992 1536 perveniat3
1014 1492 1052 1526 et
1080 1489 1194 1536 hujus
1223 1489 1371 1526 ordinis

79 1542 337 1580 consideratio
367 1541 416 1578 ad
443 1542 622 1589 Logicam
650 1540 831 1591 pertinet.
851 1563 897 1569 -
915 1542 1023 1579 Al³1s
1049 1548 1106 1580 est
1133 1541 1227 1579 ordo
1255 1553 1371 1590 quem

78 1597 177 1632 ratio
199 1595 372 1631 humana
387 1595 606 1632 considerat
625 1595 797 1643 quidem,
820 1596 886 1633 sed
906 1605 984 1633 non
1004 1595 1105 1640 facit,
1127 1598 1168 1631 ut
1194 1599 1252 1632 est
1276 1595 1371 1632 ordo

77 1659 207 1685 rerum
227 1647 466 1684 naturalium
483 1659 492 1693 ;
510 1651 545 1685 et
562 1648 677 1696 hujus
698 1648 845 1685 ordinis
864 1647 1119 1686 consideratio
1141 1649 1307 1696 pertinet
1324 1648 1373 1685 ad

80 1701 367 1750 philosophiam
387 1701 620 1744 naturalem,
638 1701 746 1748 cujus
766 1711 856 1748 pars
876 1702 1082 1750 potissima
1098 1706 1156 1738 est
1176 1701 1372 1749 Metaphy-

81 1756 174 1792 sica.
200 1775 245 1782 -
267 1756 389 1791 Homo
417 1757 548 1791 autem
581 1765 658 1791 non
691 1755 816 1791 solum
845 1755 1040 1792 intellectu
1067 1755 1278 1803 cognoscit,
1305 1754 1373 1791 sed

79 1807 275 1844 voluntate
292 1807 336 1842 de
354 1807 521 1853 propriis
541 1807 757 1844 actionibus
775 1807 945 1855 disponit
963 1808 1001 1844 in
1019 1807 1154 1844 ordine
1173 1807 1222 1843 ad
1240 1808 1370 1844 finem.

83 1861 166 1903 Qua
186 1860 232 1895 de
249 1869 367 1895 causa
380 1863 437 1894 est
456 1859 592 1895 tertius
609 1858 718 1904 ordo,
738 1870 853 1907 quem
868 1860 967 1896 ratio
985 1859 1266 1896 considerando
1285 1860 1374 1896 facit

83 1914 122 1948 in
140 1911 356 1948 actionibus
371 1910 613 1954 voluntariis,
632 1915 674 1946 ut
694 1911 760 1947 fini
777 1911 1048 1960 consequendo
1062 1912 1279 1948 conformes
1296 1911 1374 1948 effl-

79 1967 245 2002 ciantur.
266 1965 320 2000 De
334 1963 407 2000 hoc
423 1964 536 2000 tertio
559 1964 691 2000 ordine
710 1964 791 2012 agit
808 1964 1057 2012 philosophia
1072 1965 1244 2010 moralis,
1264 1965 1373 2012 cujus

79 2019 166 2055 ideo
187 2017 386 2065 proprium
414 2016 609 2064 obiectum
639 2020 696 2053 est
720 2018 894 2064 operatio
926 2017 1097 2054 humana
1122 2017 1306 2054 ordinata
1333 2019 1376 2053 in

77 2071 202 2119 finem,
211 2070 268 2107 vel
278 2069 393 2106 etiam
404 2069 528 2115 homo,
536 2074 654 2116 prout
665 2074 718 2106 est
727 2069 944 2106 voluntarie
954 2081 1070 2117 aqens
1076 2074 1239 2117 propter
1247 2070 1374 2118 finem,

80 2128 120 2159 ut
134 2124 220 2159 lect.
236 2124 265 2168 Ι,
281 2123 322 2158 in
336 2123 365 2166 Ι,
380 2121 511 2159 Ethic.
532 2123 569 2158 S.
590 2122 758 2159 Thomas
773 2122 839 2159 ait.
858 2122 943 2158 Jam
960 2133 1064 2168 vero,
1083 2124 1182 2160 actio
1202 2122 1377 2159 humana
1412 2125 1420 2139 ”

79 2178 117 2212 in
156 2177 273 2212 finem
308 2174 488 2211 ordinata
520 2174 700 2211 bifariam
733 2174 970 2212 considerari
1003 2178 1129 2222 potest
1159 2180 1197 2212 et
1231 2175 1344 2213 debet
1366 2186 1375 2212 :

44 2260 46 2265 .
81 2233 119 2266 1⁰
138 2228 296 2276 quidem
323 2229 362 2264 in
389 2239 429 2264 se
459 2228 556 2276 ipsa,
589 2238 655 2264 seu
688 2227 916 2276 simpliciter
946 2228 985 2265 in
1018 2228 1151 2265 ordine
1184 2228 1231 2265 ad
1264 2239 1376 2265 suum

71 2283 216 2326 §finem3
237 2283 278 2317 20
305 2280 344 2317 in
362 2280 498 2317 ordine
520 2280 569 2317 ad
591 2281 709 2317 aliam
730 2291 950 2328 personam.
973 2280 1067 2318 Hinc
1094 2280 1230 2319 divisio
1254 2281 1388 2329 philo-¹

72 2334 227 2381 -sophiae
244 2333 401 2369 moralis
423 2333 462 2368 in
484 2332 580 2369 duas
599 2337 729 2381 partes
744 2345 753 2378 ;
771 2333 810 2369 in
830 2343 999 2380 quarum
1016 2332 1143 2380 prima
1159 2331 1378 2370 considera-

7 2395 10 2398 ·
72 2385 143 2426 itur
170 2385 342 2434 operatio
371 2385 544 2422 humana
574 2386 614 2422 in
645 2396 710 2432 se;
736 2390 775 2423 et
803 2386 885 2423 haec
911 2396 1003 2436 pars
1026 2388 1186 2424 vocatur
1211 2386 1376 2423 termino
