1584 2569
94 89 110 96 -

259 104 338 133 aar.
359 104 396 131 v.
419 104 465 131 nr.
478 105 627 130 osricus
641 105 683 130 ET
700 105 845 130 sumnus
865 103 1051 129 PARENTUM
1066 101 1100 126 1121
1122 99 1238 125 riuos
1325 89 1386 122 211

103 179 327 214 societatem
353 177 502 214 civilem
530 189 597 225 per
619 188 658 214 se
687 181 724 213 et
747 175 970 212 immediate
990 185 1066 211 non
1098 174 1305 221 pertinent,
1328 169 1391 205 sed

102 231 251 267 ratione
279 234 498 278 parentum,
526 241 692 277 quorum
711 234 766 266 est
791 230 956 265 formare
980 227 1079 263 {ilios
1105 225 1152 262 ad
1173 225 1394 261 societatem

104 284 242 332 ipsam.
273 284 372 331 Ergo
391 285 489 320 sicut
519 288 687 331 potestas
709 282 827 319 civilis
859 283 923 330 Jus
948 281 1098 317 nullum
1124 279 1240 315 habet
1270 279 1308 313 in
1337 288 1393 321 ea,

104 346 191 383 quae
220 337 412 373 internam
441 336 636 372 societatis
650 336 871 372 domesticae
895 333 1152 371 oeconomiam
1173 330 1395 377 respiciunt,

104 389 169 426 sed
189 390 314 425 solum
335 393 462 436 potest
481 389 680 437 invigilare
698 401 744 425 ne
765 392 942 436 parentes
962 387 1172 423 abutantur
1190 383 1312 432 patria
1333 393 1397 429 po-

107 447 242 479 testate
263 443 302 478 in
318 443 432 488 filioS‚
454 442 608 479 intactis
626 446 754 478 tamen
772 441 924 489 juribus
941 440 1076 487 patriae
1100 436 1300 486 potestatis
1321 446 1397 471 ser·

106 495 222 539 vatis;
243 495 297 531 ita
317 496 491 531 nativum
508 496 572 543 jus
590 500 793 543 parentum
813 495 913 531 circa
935 493 1104 528 filiorum
1131 490 1397 527 educationem

105 558 254 584 servare
280 548 402 584 civilis
430 548 639 585 auctoritas
663 548 788 592 debet,
821 547 996 595 quamvis
1030 546 1068 580 in
1099 544 1262 580 abusum
1297 541 1398 577 illius

103 600 201 647 J'uris
238 600 543 637 animadvertere
567 602 700 649 possit,
738 605 780 636 ut
802 600 891 647 jura
932 600 1049 635 etiam
1079 598 1247 633 filiorum
1282 595 1399 630 illaesa

107 658 373 700 permaneant.

154 707 197 742 Χ.
222 707 340 743 NOTA.
369 707 581 745 Solvuntur
601 708 866 744 difficultates.
889 706 1034 754 Ojeccio
1049 705 1195 752 prima.
1217 701 1399 739 Educatio

109 759 297 806 importat
320 760 547 797 relationem
576 765 775 796 externam
799 759 993 796 societatis
1014 757 1235 794 domesticae
1258 755 1306 792 ad
1335 754 1398 790 bo-

109 822 203 849 num
224 822 444 859 commune,
466 814 556 860 quia
576 814 623 850 ab
642 813 868 850 educatione
891 822 1100 860 puerorum
1125 810 1293 846 maxime
1314 817 1402 854 pen-

110 863 176 900 det
195 866 430 913 prosperitas
453 867 645 902 societatis
667 865 847 913 politicae..
875 865 993 901 Porro
1020 863 1171 900 socialis
1195 860 1402 897 auotoritas

108 917 170 964 J'us
203 915 319 954 habet
348 917 578 966 disponendi
601 918 646 954 de
682 918 849 954 externis
884 916 1136 953 relationibus
1168 914 1400 950 familiarum

111 980 199 1006 cum
217 969 375 1018 politica
390 972 586 1008 societate.
608 971 706 1018 Ergo
728 970 879 1007 socialis
900 969 1111 1006 auctoritas
1128 971 1255 1016 potest
1276 965 1402 1012 dispo-

111 1034 201 1060 nere
221 1022 267 1059 de
288 1024 553 1061 instructione.

156 1077 264 1123 Resp.
288 1077 484 1125 Imprimis
505 1079 536 1115 si
556 1078 639 1114 haec
656 1078 768 1123 ratio,
790 1088 906 1125 quam
929 1076 975 1113 ad
997 1086 1180 1112 nauseam
1202 1083 1322 1120 usque
1340 1071 1404 1108 ad·

112 1130 268 1166 versarii
284 1135 498 1176 recantant,
516 1131 669 1175 valeret,
689 1131 805 1166 nimis
826 1131 1006 1177 probaret
1025 1140 1034 1165 z
1057 1127 1249 1175 siquidem
1277 1126 1405 1162 nullus

113 1188 171 1219 est
203 1187 310 1219 actus
339 1188 520 1221 externus
545 1184 649 1229 civis,
673 1185 737 1230 qui
759 1184 929 1230 aliquam
959 1187 1156 1219 externam
1179 1180 1403 1216 relationem

113 1235 162 1272 ad
182 1236 332 1272 civilem
349 1237 572 1274 societatem
591 1248 668 1273 non
682 1236 822 1273 habeat
840 1247 849 1272 :
869 1247 959 1284 ergo
979 1236 1017 1270 in
1038 1246 1150 1270 sensu
1166 1232 1405 1280 objectionis,

113 1289 274 1326 societas
303 1289 434 1334 civilis,
457 1295 646 1338 praetextu
675 1290 766 1326 boni
786 1289 1018 1333 communis,
1037 1288 1083 1324 de
1115 1287 1295 1322 omnibus
1316 1285 1406 1320 acti-

113 1342 185 1378 bus
203 1343 372 1379 externis
387 1343 572 1389 hominis,
596 1341 875 1379 considerando
900 1353 944 1378 ea
967 1345 1009 1376 ut
1033 1342 1134 1376 bona
1155 1338 1333 1386 quaedam
1349 1348 1406 1372 so-

112 1395 237 1440 cialia,
263 1395 465 1443 disponere
482 1401 623 1444 posset.
652 1397 729 1432 Hoc
750 1400 819 1440 est,
841 1406 919 1431 non
946 1394 1138 1435 homines,
1158 1392 1221 1428 scd
1244 1390 1407 1439 pecudes

114 1452 240 1483 essent
277 1448 454 1486 homines
493 1449 533 1486 in
577 1449 719 1485 sociate
754 1449 933 1485 viventes.
969 1468 1014 1473 —
1052 1445 1195 1482 Deinde
1240 1443 1405 1480 concedo

115 1500 382 1538 educationem
403 1502 572 1539 maxime
598 1502 757 1539 influere
784 1502 823 1537 in
849 1501 995 1537 bonum
1021 1509 1249 1543 commune;
1272 1497 1337 1533 sed
1362 1507 1408 1532 ex

115 1553 190 1590 hoc
209 1554 302 1602 quid
338 1556 542 1602 sequitur?
572 1556 715 1604 Nempe
745 1554 838 1591 illud
860 1553 1106 1590 solummodo
1133 1551 1237 1599 quod
1258 1560 1407 1586 conces-

115 1607 237 1644 simus
253 1607 295 1643 ‘in
310 1608 675 1655 praenotaminibus3
693 1607 868 1644 videlicet
888 1607 1110 1643 societatem
1129 1604 1278 1640 civilem
1299 1611 1407 1650 posse

114 1664 154 1696 et
173 1659 311 1697 debere
331 1661 624 1698 subministrare
639 1661 766 1698 media
783 1661 934 1708 aptiora
944 1660 1084 1707 quibus
1102 1658 1250 1705 possint
1266 1660 1408 1704 patres-

116 1712 282 1749 familias
315 1713 442 1751 officia
464 1714 651 1751 educandi
683 1715 784 1750 filios
810 1713 1044 1760 adimplere3
1075 1722 1186 1759 posse
1216 1714 1254 1746 et
1274 1709 1410 1745 debere

118 1765 317 1812 invigilare
336 1777 384 1802 ne
415 1767 489 1814 ipsi
521 1767 816 1814 patresfamilias
837 1766 896 1802 vel
915 1765 1091 1812 magistri
1122 1768 1188 1799 aut
1216 1762 1357 1798 scholae
1389 1773 1410 1797 a

117 1828 156 1854 se
192 1817 348 1855 delectae
377 1824 596 1866 pervertant
622 1824 769 1856 mentes
799 1819 1004 1855 infantium
1026 1822 1063 1853 et
1092 1815 1407 1859 adolescentium,

118 1870 184 1907 sed
216 1881 279 1907 eas
308 1872 484 1909 imbuant
511 1872 708 1917 doctrinis,
745 1872 919 1907 moribus
945 1874 981 1906 et
1008 1870 1193 1916 religione
1215 1877 1225 1904 :
1248 1867 1407 1903 tutando

118 1923 191 1959 hoc
219 1923 336 1961 modo
356 1929 490 1962 contra
517 1926 659 1961 abusus
674 1924 821 1972 J‘urium
851 1927 1054 1971 parentum
1074 1923 1191 1958 vitam
1223 1920 1411 1956 moralem

118 1976 302 2024 filiorum,
336 1979 434 2014 sicut
456 1983 591 2015 contra
614 1977 768 2014 eosdem
789 1977 932 2013 abusus
953 1980 1079 2023 potest
1103 1979 1141 2010 et
1161 1974 1273 2010 debet
1294 1973 1412 2009 tutari

118 2029 238 2065 vitam
259 2041 393 2067 eorum
411 2031 664 2079 corporalem.
690 2031 743 2066 En
761 2030 902 2066 limites
923 2028 1116 2065 societatis
1138 2027 1257 2063 civilis
1278 2037 1286 2062 :
1317 2036 1413 2073 quos

118 2083 273 2118 nonnisi
287 2087 421 2120 contra
437 2095 544 2120 sacra
560 2085 650 2132 jura
670 2088 830 2131 paterna
846 2081 1028 2118 excedere
1046 2081 1102 2117 sas
1122 2085 1191 2116 est.

167 2134 338 2182 Objectio
351 2136 487 2173 altera.
511 2137 640 2173 Status
658 2135 774 2172 habet
790 2136 854 2182 jus
874 2133 1095 2171 conferendi
1114 2133 1265 2169 Gradus
1282 2132 1415 2168 acade-

120 2186 252 2224 micos.
281 2188 396 2235 Atqui
416 2189 506 2226 huic
528 2190 607 2237 juri
633 2188 850 2226 adnectitur
875 2188 938 2234 jus
971 2185 1255 2223 determinandi
1287 2184 1415 2221 condi-

123 2240 248 2276 tiones
285 2242 516 2288 studiorum,
555 2254 650 2290 quas
682 2243 781 2278 inter
824 2245 882 2278 est
922 2240 1107 2288 obligatio
1143 2236 1414 2286 frequentandi

123 2292 273 2329 scholas
292 2295 490 2342 officiales.
509 2296 607 2346 Ergo
628 2296 763 2332 saltem
785 2305 829 2331 ex
850 2293 921 2331 hac
940 2298 1048 2342 parte
1069 2292 1202 2329 Status
1215 2292 1279 2339 jus
1299 2290 1416 2327 habet

62 2368 65 2369 ν
126 2345 168 2382 in
186 2345 454 2386 educationem
473 2348 769 2387 intellectualem
789 2345 1140 2385 filiorumt‘amilias.
