1554 2569
121 129 174 176 Ι’74
207 139 343 164 ΕΤΗΙΕΑ.
362 140 432 165 Lm.
456 141 496 165 11.
519 140 595 165 CAP.
620 141 659 165 11.
677 141 719 165 DE
733 141 879 165 ACTIBUS
900 140 1057 165 ROMANIS
1078 141 1114 165 IN
1127 140 1275 176 ORDINE,
1293 140 1363 165 ETc.

172 210 386 246 consensus
420 212 507 256 iste,
557 216 600 246 ut
637 222 682 246 ex
721 222 760 247 se
798 215 929 258 patet,
967 212 1152 259 supponit
1198 211 1407 247 dominium

120 260 270 309 'proprii
291 267 418 307 aetus3
441 263 542 299 unde
576 263 699 299 brutis
728 274 806 299 non
829 264 1027 310 competit,
1049 274 1136 310 quae
1160 263 1408 311 appetitivum

124 318 275 350 motum
297 325 374 350 non
399 315 540 351 habent
561 316 599 351 in
626 326 696 351 sua
715 319 918 363 potestate,
946 315 1010 351 sed
1033 315 1119 351 talis
1140 320 1269 351 motus
1294 315 1333 350 in
1359 315 1407 350 eis

125 372 181 402 est
207 378 251 402 ex
269 368 451 403 instinctu
481 372 653 413 naturaeg
680 373 717 403 et
738 367 822 404 ideo
850 378 950 415 saepe
978 368 1146 404 diximus
1177 367 1280 414 quod
1301 368 1408 403 bruta

112 420 247 466 *magis
270 425 439 466 ayuntur
455 431 573 466 quam
594 426 711 467 ayant
733 432 771 456 sc
793 421 831 455 in
859 421 989 457 finem.
1017 421 1305 467 Consequenter
1317 424 1355 455 et
1374 420 1408 456 in

126 471 282 508 homine
304 473 465 518 quilibet
497 477 625 508 motus
656 473 848 520 appetitus
871 473 1040 509 sensitivi
1068 474 1106 508 in
1144 484 1182 509 se
1221 476 1406 520 spectatus

127 525 278 571 proprie
318 535 395 560 non
428 530 484 560 est
527 536 754 567 consensus,
794 525 886 571 quia
920 525 1096 561 libertate
1140 526 1178 561 in
1217 536 1255 561 se
1296 529 1407 562 caret.

125 576 316 616 Quamdiu
328 588 417 623 ergo
439 578 567 624 aliquo
589 577 704 613 modo
726 578 800 612 illis
820 578 989 613 motibus
1007 578 1197 613 sensitivis
1219 579 1313 621 (esto
1337 577 1408 612 sint

126 630 178 663 ita
199 629 442 665 vehementes
469 634 511 665 ut
543 629 744 665 videantur
763 629 980 675 voluntarii)
1010 631 1187 665 voluntas
1213 640 1290 665 non
1319 640 1408 664 con-

125 683 252 726 sentit,
272 692 394 728 neque
415 687 504 717 sunt
524 687 631 718 actus
645 683 739 727 vitii,
762 693 884 728 neque
904 683 1068 719 virtutis.
1087 703 1131 708 —-
1151 683 1229 717 I-II.
1245 682 1315 723 Qu.
1338 681 1397 717 XV

124 755 167 760 —-
190 734 226 770 S.
247 735 405 781 August.
423 735 486 770 XII
507 735 562 770 De
589 735 790 778 Triizz‘tczle,
814 735 908 782 Cap.
935 735 1013 770 XII.

169 787 230 822 VI.
273 788 382 822 Usus.
412 787 644 823 Electionem
683 788 892 823 voluntatis
933 788 1106 834 sequitur
1141 798 1245 832 usus,
1265 786 1331 833 qui
1372 791 1408 820 ut

124 841 356 887 Augustinus
386 839 478 876 dicit
511 841 550 875 in
583 841 611 875 X
643 841 698 876 De
736 840 941 885 Trinitace,
979 841 1069 888 Cap.
1100 841 1160 885 XI,
1190 851 1227 875 n.
1267 841 1323 884 17,
1358 843 1409 874 esi

124 903 310 927 assumere
332 892 486 938 aliquid
519 892 557 928 in
583 893 805 938 facultatem
830 893 1051 929 voluntatis.
1081 892 1184 927 Sicut
1203 892 1304 927 enim
1326 901 1408 926 con-

123 945 262 980 sentire
283 949 340 980 est
363 945 555 992 applicare
576 946 790 992 appetitum
817 945 865 981 ad
900 944 1045 991 aliquid
1067 943 1339 991 appetendum,
1360 943 1410 978 ita

123 997 183 1032 uti
195 1001 251 1032 est
271 997 461 1044 applicare
482 997 638 1043 aliquod
665 998 896 1044 principium
924 997 1085 1033 actionis
1115 996 1163 1032 ad
1197 996 1409 1032 actionem:

123 1054 328 1097 postquam
350 1050 452 1084 enim
484 1050 660 1085 voluntas
692 1049 836 1096 aliquid
878 1050 1012 1096 elegit,
1052 1053 1181 1085 movet
1222 1048 1410 1095 potentias

123 1112 262 1147 easque
282 1101 448 1148 applicat
468 1101 515 1137 ad
539 1101 745 1149 agendum.
766 1102 852 1137 Haec
872 1102 1077 1149 applicatio
1094 1107 1150 1137 est
1170 1111 1262 1137 usus
1281 1111 1289 1135 ε
1311 1100 1410 1135 unde

123 1158 161 1189 et
181 1155 366 1201 operatio,
385 1153 432 1190 ad
453 1165 569 1200 quam
588 1155 826 1201 applicamus
851 1165 932 1190 rem
954 1155 1137 1200 aliquam,
1163 1153 1303 1189 dicitur
1321 1163 1410 1188 usus

123 1206 229 1252 ejus,
263 1206 361 1242 sicut
393 1207 566 1252 equitare
599 1211 655 1241 est
685 1217 776 1242 usus
811 1207 913 1253 equi;
941 1211 976 1242 et
1003 1211 1198 1253 percutere
1229 1209 1284 1241 est
1321 1215 1410 1240 usus

125 1258 266 1293 baculi.

172 1311 264 1346 Hinc
293 1311 466 1357 sequitur
493 1322 603 1346 usum
635 1322 715 1346 esse
744 1310 789 1346 de
822 1311 972 1356 mediis,
1003 1322 1080 1347 non
1109 1316 1237 1346 autem
1266 1310 1311 1345 de
1337 1311 1411 1346 fine

129 1368 170 1398 ut
190 1363 276 1398 finis
300 1368 369 1407 est,
392 1364 456 1409 qui
484 1363 531 1398 ad
556 1363 659 1398 aliud
678 1374 755 1399 non
774 1363 988 1408 ordinatur,
1007 1367 1049 1398 ut
1067 1363 1234 1398 diximus
1256 1362 1301 1397 de
1322 1362 1410 1397 elec·

131 1415 245 1451 tione.

174 1467 320 1502 Pariter
340 1478 429 1502 usus
449 1478 526 1502 non
547 1468 721 1503 convenit
741 1467 840 1514 parti
857 1468 1030 1512 animali,
1051 1467 1117 1502 sed
1136 1466 1312 1502 rationali
1334 1471 1410 1501 tan-

129 1520 353 1555 tummodo:
379 1520 570 1566 applicare
591 1520 693 1555 enim
714 1519 860 1565 aliquid
886 1519 934 1555 ad
960 1520 1139 1563 alterum,
1161 1530 1237 1554 non
1264 1523 1320 1554 est
1340 1520 1411 1554 nisi

128 1572 210 1618 ejus
229 1572 331 1618 quod
353 1571 468 1607 habet
489 1571 705 1607 dominium
726 1582 839 1619 super
853 1571 947 1607 illud
965 1571 1068 1617 quod
1087 1572 1325 1618 applicatur3
1345 1571 1411 1607 do-

128 1625 292 1659 minium
318 1629 447 1660 autem
472 1635 537 1660 seu
565 1625 767 1660 arbitrium
798 1624 1002 1668 rationem.
1026 1635 1101 1670 qua
1127 1635 1247 1659 unum
1281 1624 1411 1659 referri

128 1681 253 1722 potest
273 1676 320 1711 ad
341 1677 518 1720 alterum,
541 1677 753 1712 necessario
774 1676 968 1721 subaudit,
983 1681 1024 1711 ut
1045 1687 1089 1711 cx
1105 1677 1260 1711 notione
1274 1676 1412 1711 tradita

128 1729 236 1764 liberi
262 1729 410 1764 arbitrii
442 1729 481 1763 in
507 1728 758 1775 Psychologia
783 1733 919 1764 notum
938 1733 1006 1764 est.
1034 1749 1079 1754 —
1108 1729 1181 1765 l-Il.
1205 1729 1274 1769 Qu.
1311 1728 1410 1773 XVI3

130 1781 166 1817 S.
184 1782 342 1828 August.
361 1781 441 1816 Lib.
455 1781 627 1816 LXXXIII
649 1781 718 1827 Qq.
732 1781 801 1822 Qu.
815 1781 919 1816 XXX.

173 1833 251 1868 VII.
276 1834 433 1870 Fruitio.
460 1834 602 1868 Fruitio
623 1838 679 1869 est
700 1844 808 1869 amor
831 1844 894 1869 seu
924 1833 1120 1869 delectatzo
1146 1844 1221 1880 qua
1240 1833 1412 1869 voluntas

130 1886 286 1921 inhaeret
297 1886 421 1921 alicui
433 1886 653 1932 reipropter
665 1897 742 1922 rem
751 1886 888 1932 ipsam.
902 1901 917 1918 α
933 1886 1058 1921 Fruim
1065 1897 1110 1921 ur
1121 1886 1224 1922 enim
1236 1886 1412 1932 cognitis,

129 1939 253 1984 inquit
274 1938 309 1973 S.
327 1939 561 1985 Augustinus
578 1938 607 1973 X
627 1938 682 1974 De
707 1938 908 1983 Trinitate,
929 1939 1018 1985 Cap.
1035 1939 1077 1983 X,
1092 1950 1128 1974 n.
1152 1941 1205 1982 13,
1226 1939 1263 1973 in
1275 1939 1412 1983 quibus

128 1991 303 2026 voluntas
315 1991 411 2036 ipsis
418 1991 709 2037 proptersez'psa
721 1991 902 2028 delectata
910 1991 1143 2037 conquiescit
1154 2001 1161 2025 :
1174 1991 1319 2026 utimur
1326 2002 1412 2027 vero

130 2045 182 2078 eis
208 2053 294 2089 quae
321 2043 368 2078 ad
395 2044 498 2079 aliud
527 2043 727 2079 referimus
753 2054 828 2090 quo
855 2043 1060 2079 fruendum
1090 2047 1158 2079 est.
1194 2057 1208 2075 »
1241 2063 1284 2068 —
1321 2044 1412 2079 Ilinc

130 2095 246 2131 habes
261 2095 516 2131 differentiam
538 2097 637 2132 inter
654 2096 876 2132 fruitionem
895 2101 931 2132 et
949 2107 1075 2131 usum.

174 2148 354 2194 Appositc
380 2148 416 2183 S.
447 2149 682 2195 Augustinus
699 2149 791 2184 dicit
811 2148 914 2195 quod
932 2149 1106 2194 fruimur
1122 2149 1287 2195 cognitis
1306 2159 1315 2184 z
1347 2148 1410 2183 ubi

130 2200 232 2235 enim
253 2200 356 2235 nulla
382 2205 438 2235 est
457 2201 625 2247 cognitio
646 2201 752 2237 nulla
780 2201 980 2236 delectatio
1001 2200 1082 2236 dari
1104 2206 1228 2247 potest
1246 2213 1253 2246 3
1289 2204 1328 2236 at
1348 2201 1411 2236 ubi

130 2253 298 2299 cognitio
326 2257 393 2297 est,
428 2253 479 2287 ibi
507 2253 620 2288 datur
644 2253 789 2289 fruitio.
818 2254 912 2289 Hinc
940 2267 956 2284 c
984 2253 1058 2288 frui
1084 2252 1240 2298 quidem
1266 2253 1349 2288 cibo
1376 2258 1411 2288 et

131 2305 299 2350 qualibet
328 2305 516 2352 corporali
547 2305 756 2352 voluptate,
781 2316 858 2341 non
891 2305 1054 2341 absurde
1083 2306 1352 2341 existimantur
1376 2309 1410 2341 et

132 2358 275 2399 besum,
301 2372 315 2388 ³
340 2361 382 2394 ut
403 2357 505 2394 idem
527 2359 759 2405 Augustinus
780 2358 832 2394 ait
857 2358 895 2393 in
925 2358 1035 2393 Libro
1056 2358 1229 2394 LXXXIII
1250 2358 1318 2404 Qq.
1340 2357 1409 2399 Qu.
