1554 2569
144 110 210 145 ¹04
221 119 443 146 nmmum.
459 119 501 145 n.
517 119 583 146 mr
594 120 649 145 m.
659 120 702 144 m:
719 119 864 145 Aci-mus
875 119 963 145 uun.
977 120 1027 145 m.
1041 120 1123 145 om).
1139 121 1186 145 An
1199 120 1335 156 Eonmt,
1347 121 1426 147 mc.

142 191 282 228 dentiae
300 191 378 228 sive
398 189 663 238 providentiae.
686 190 793 226 Unde
814 190 889 227 hoc
907 190 1023 227 modo
1042 202 1082 227 se
1102 191 1218 228 hahet
1236 191 1297 228 lex
1321 192 1429 229 intel-

141 245 261 280 lectus
280 243 402 279 nostri
418 242 466 279 ad
483 242 742 290 prudentiam,
763 242 862 278 sicut
881 243 1114 290 principium
1133 243 1171 278 in
1192 243 1429 280 demonstra-

142 297 259 332 tione.
271 296 317 331 Et
333 295 510 331 similiter
517 295 634 331 etiam
649 296 687 330 in
698 295 774 330 Deo
790 295 851 330 lex
862 298 1008 331 aeterna
1016 306 1094 331 non
1105 296 1163 331 est
1172 295 1426 343 providentia,

142 348 208 385 sed
228 347 479 396 providentiae
498 348 607 394 quasi
628 347 874 395 principium.
894 346 1000 383 Unde
1014 352 1052 383 et
1070 348 1341 384 convenienter
1353 348 1429 396 legi

142 406 296 438 aeternae
316 400 542 437 attribuitur
559 404 666 436 actus
681 398 932 447 providentiae
947 411 957 445 3
973 400 1071 436 sicut
1085 404 1121 436 et
1133 401 1258 436 omnis
1273 400 1430 438 effectus

142 454 483 491 demonstrationis
502 453 712 501 principiis,
732 451 1140 489 indemonstrabilibus
1152 453 1389 489 attribuitur.
1409 468 1427 487 a

142 507 211 549 Qu.
228 506 333 553 Disp.
351 506 407 543 De
430 507 588 542 veritate
604 505 675 547 Qu.
695 504 738 549 V,
759 505 873 541 Artic.
893 505 921 540 1.
943 505 992 541 ad
1009 507 1043 541 6.

187 560 230 596 V.
251 560 357 596 NOTA
377 559 424 595 11.
438 559 633 595 Thomasil
652 558 848 594 calumnia
862 558 1179 596 inscholasticos.
1189 559 1430 596 Christianus

140 612 381 657 Thomasius,
399 611 598 648 catholicae
617 610 793 647 Ecclesiae
813 621 857 646 ac
875 611 1045 647 maxime
1070 611 1293 648 doctoribus
1314 612 1429 648 Scho-

139 665 282 702 lasticis
299 664 590 708 infensissimus,
607 664 646 699 in
667 664 745 699 suis
759 662 929 699 Institut.
946 663 1273 710 Jurisprudentioe
1287 665 1431 701 divinoe

141 718 222 753 Lib.
243 717 272 753 1.
293 717 384 764 Cap.
406 717 434 761 1,
455 718 486 761 §.
505 718 563 761 31,
586 720 821 764 protestatur
831 726 870 752 se
889 715 1046 762 quidem
1057 727 1136 752 non
1157 718 1340 762 respicere
1352 728 1430 753 rem

142 770 211 806 hoc
228 769 387 805 termino
402 769 498 816 legis
515 773 665 804 oeternoe
680 767 909 812 denotatam,
925 767 991 804 sed
1012 767 1257 804 Scholasticis
1276 779 1429 806 succen-

142 826 199 858 set
222 821 326 868 quod
353 821 447 867 leyis
471 825 620 857 oeternoe
638 820 824 856 vocabulo
851 820 910 856 usi
933 820 1087 865 suerint,
1108 821 1200 867 quia
1218 822 1428 857 maximam

141 871 408 923 ἂκῧρολογίαμ,
431 873 503 910 hoc
528 878 585 910 est
613 873 867 921 impropriam
892 873 1127 909 locutionem
1153 874 1193 909 in
1217 884 1309 910 voce
1336 874 1429 921 teqis

142 938 221 963 esse
231 925 392 973 judicat.
411 947 456 952 —
469 926 583 972 Atqui
594 926 625 961 si
638 925 868 962 Thomasius
885 936 974 962 cum
989 925 1234 962 Scholasticis
1250 927 1429 962 convenit

142 980 181 1015 in
200 990 240 1015 re
259 979 342 1025 ipsa
359 978 575 1026 significata
594 988 661 1025 per
673 977 901 1014 vocabulum
919 977 1013 1024 leyis
1026 982 1188 1023 oeternoe,
1201 988 1279 1014 non
1298 982 1355 1014 est
1374 989 1430 1014 ra-

143 1032 195 1068 tio
212 1042 281 1067 cur
298 1031 338 1067 in
356 1030 612 1066 Scholasticos
629 1029 785 1066 invehat
798 1030 864 1076 qui
884 1029 949 1065 illo
969 1030 1154 1067 vocabulo
1173 1030 1361 1078 explicato
1381 1031 1429 1067 ab

141 1084 233 1130 ipsis
250 1087 286 1119 et
297 1083 344 1119 ab
363 1083 470 1118 omni
490 1082 791 1129 aequivocatione
805 1082 982 1127 liberato,
997 1083 1055 1117 usi
1073 1082 1216 1118 fuerint
1237 1093 1244 1118 :
1267 1087 1310 1118 ut
1327 1084 1427 1118 enim

141 1136 284 1172 Tullius
300 1134 583 1180 animadvertit,
606 1139 717 1182 turpe
737 1138 793 1170 est
813 1133 1009 1181 disputare
1032 1134 1078 1170 de
1100 1135 1257 1171 nomine
1274 1135 1429 1182 quando

141 1189 320 1225 convenit
340 1188 386 1224 de
407 1199 460 1223 re.
481 1187 596 1234 Atqui
628 1197 701 1223 vox
723 1187 807 1234 ipsa
835 1197 958 1233 neque
983 1187 1197 1234 impropria
1215 1192 1285 1232 est,
1303 1198 1427 1234 neque

140 1242 338 1278 inventum
360 1240 685 1276 Scholasticorum
706 1250 715 1274 :
735 1249 826 1275 nam
843 1243 880 1274 et
899 1239 1046 1274 Tullius
1064 1239 1146 1275 Lib.
1166 1239 1198 1276 11
1214 1240 1270 1276 De
1286 1239 1429 1287 leqibus

140 1295 229 1341 Cap.
254 1293 314 1338 IV,
340 1293 467 1339 inquit
488 1303 496 1327 :
519 1306 535 1324 ‹
558 1292 662 1327 Hanc
684 1290 794 1327 video
815 1291 1189 1338 sapientissimorum
1210 1292 1325 1328 fuisse
1346 1304 1428 1328 sen·

141 1347 314 1391 tentiam,
341 1345 466 1393 legem
493 1355 617 1391 neque
643 1344 848 1380 hominum
873 1344 1037 1392 ingeniis
1057 1346 1329 1392 excogitatam,
1361 1357 1430 1382 nec

140 1400 279 1435 scitum
299 1397 457 1444 aliquod
477 1397 818 1444 essej'populorum,
832 1396 897 1433 sed
912 1401 1092 1433 aeternum
1111 1396 1310 1443 quiddam,
1326 1398 1431 1445 quod

140 1453 361 1488 universum
387 1450 578 1486 mundum
605 1453 765 1497 regeret,
790 1448 1007 1496 imperandi
1034 1449 1341 1497 prohibendique
1371 1461 1430 1487 sa·

139 1504 356 1551 pientia.....
379 1503 444 1538 Est
457 1503 559 1539 enim
580 1502 678 1538 ratio
697 1512 883 1548 mensque
902 1502 1086 1549 sapientis
1103 1502 1150 1538 ad
1163 1502 1379 1550 jubendum
1393 1508 1431 1540 et

138 1556 186 1592 ad
207 1555 478 1592 deterrendum
506 1554 689 1590 idonea...
711 1554 801 1589 Erat
823 1554 927 1589 enim
947 1554 1046 1590 ratio
1071 1554 1241 1602 prosecta
1260 1565 1283 1591 a
1302 1566 1429 1591 rerum

138 1612 277 1644 natura
292 1611 330 1643 et
346 1606 395 1643 ad
414 1610 516 1642 recte
536 1605 754 1642 faciendum
774 1605 975 1652 impellens
995 1609 1032 1642 et
1052 1616 1074 1642 a
1088 1605 1227 1642 delicto
1243 1617 1427 1647 avocans:

138 1670 226 1707 quae
245 1670 322 1696 non
343 1664 426 1695 tum
447 1658 610 1705 denique
630 1658 766 1705 incipit
782 1658 843 1693 lex
863 1668 957 1703 esse,
980 1668 1101 1704 quum
1115 1659 1259 1706 scripta
1275 1663 1345 1704 est,
1364 1659 1428 1695 sed

139 1719 236 1758 tum,
262 1722 383 1759 quum
412 1715 498 1748 orta
526 1715 596 1747 est.
621 1710 713 1746 Orta
732 1715 790 1746 est
817 1715 947 1746 autem
972 1711 1088 1746 simul
1110 1721 1198 1747 cum
1222 1716 1351 1748 mente
1374 1712 1430 1747 di-

139 1767 238 1801 vina.
262 1779 279 1797 »
307 1764 353 1800 Et
381 1764 419 1800 S.
446 1764 684 1811 Augustinus
714 1764 795 1799 Lib.
827 1763 923 1799 XXII
952 1763 1095 1800 Contra
1118 1764 1314 1810 Faustum,
1337 1764 1428 1812 Cap.

138 1817 263 1854 XXVII
278 1817 377 1854 :Lex
394 1827 481 1853 vero
493 1821 648 1859 aeterna,
662 1816 800 1862 inquit,
815 1820 880 1859 est,
903 1815 1007 1851 ratio
1021 1816 1171 1861 divina,
1186 1816 1243 1852 vel
1255 1817 1429 1853 voluntas

137 1872 211 1908 Dei
218 1870 390 1906 ordinem
397 1868 613 1905 naturalem
622 1869 844 1905 conservari
848 1867 1002 1914 jubens,
1007 1868 1236 1915 perturbari
1241 1874 1430 1906 vetum.—

136 1925 195 1968 At,
216 1922 342 1969 inquit
361 1921 603 1966 Thomasius,
628 1931 696 1968 per
717 1920 842 1968 legem
869 1924 1054 1957 aeternam
1076 1921 1300 1958 Scholastici
1320 1922 1430 1958 intel-

137 1977 261 2023 ligunt
278 1979 397 2011 totum
412 1978 564 2010 naturoe
573 1973 743 2009 ordinem
759 1973 896 2009 divina
911 1973 1101 2009 voluntate
1114 1978 1148 2010 et
1159 1974 1303 2010 decreto
1318 1975 1430 2010 insti-

137 2032 268 2063 tutum.
293 2026 366 2062 Sed
390 2036 514 2073 neque
538 2024 611 2062 hoc
634 2036 766 2061 verum
792 2029 877 2070 est3
908 2024 1110 2061 confundit
1137 2027 1240 2061 enirn
1267 2026 1430 2063 Thoma-

136 2080 215 2115 sius
231 2079 401 2125 effectum
432 2078 527 2126 legis
556 2088 644 2115 cum
678 2078 755 2125 leye
782 2078 866 2126 ipsa
891 2089 899 2113 :
928 2088 1015 2124 quae
1041 2079 1173 2114 omnia
1205 2078 1429 2115 Scholastici

136 2131 409 2167 distinxerunt.
443 2130 519 2177 Ipsi
545 2131 649 2166 enim
682 2141 760 2166 non
787 2130 959 2166 ordinem
992 2140 1121 2166 rerum
1148 2130 1214 2166 sed
1242 2131 1430 2167 rationem

135 2183 310 2220 divinam
323 2182 566 2218 ordinantem
582 2182 764 2218 dixerunt
777 2193 865 2219 cum
880 2182 1017 2227 Tullio,
1041 2182 1079 2218 S.
1096 2183 1310 2230 Augustino
1328 2184 1427 2219 aliis·

136 2247 210 2282 que
230 2235 529 2281 sapientioribus
548 2235 672 2282 legem
690 2239 888 2271 aeternam.
904 2234 1014 2270 Nullo
1030 2245 1120 2282 ergo
1136 2235 1253 2272 modo
1265 2246 1338 2272 vox
1355 2237 1429 2272 ista

136 2287 245 2325 habet
253 2287 407 2334 aliquid
414 2287 620 2334 analogum
628 2298 713 2324 cum
726 2287 904 2324 doctrina
909 2287 1016 2334 qenti
1019 2287 1111 2323 lium
1122 2287 1167 2324 de
1177 2289 1340 2325 materia
1348 2289 1427 2325 Deo

134 2344 333 2386 cooeterna,
351 2344 420 2377 aut
435 2340 480 2376 de
496 2340 595 2386 sato,
614 2345 657 2376 ut
677 2339 905 2378 Thomasius
927 2340 1108 2378 affirmat.
