1584 2569
200 99 266 134 282
291 108 350 134 ms
374 109 536 134 numus.
564 109 633 134 un.
661 109 687 134 1.
715 109 793 134 cn.
821 108 874 133 iv.
895 108 939 133 1>ss
964 108 1040 133 orr.
1068 108 1155 134 flou.
1183 109 1276 134 ERGA
1303 109 1406 134 Auos

200 180 343 215 tuantis
370 179 664 216 determinanda
690 179 970 226 relinquantur.
997 179 1142 221 Quibus
1169 181 1348 216 omnibus
1371 181 1490 228 expli·

201 234 310 277 catis,
334 233 382 268 sit
403 232 520 268 thesis
541 244 548 268 :

245 286 305 323 IX.
325 286 508 321 illicitum
523 289 582 321 est
599 287 774 331 accipere
790 285 959 330 pretium
975 295 1044 331 pro
1060 287 1224 331 pecunia
1244 288 1434 331 mutuata,
1451 287 1492 322 vi

197 340 334 374 mutui.
362 339 485 380 Quare
515 338 708 374 addantur
740 338 855 374 verba
885 338 926 374 vi
954 338 1079 374 mutui
1104 338 1338 386 explicatum
1370 343 1427 374 est
1453 340 1491 374 in

199 391 560 439 proenotaminibus.
589 391 780 427 Probatur
805 395 936 427 autem
963 392 1177 439 propositio
1201 391 1349 427 ratione
1375 402 1491 438 quam

198 445 314 481 habet
340 445 375 480 S.
405 444 571 480 Thomas
598 445 697 488 II-II‚
726 444 796 486 Qu.
821 444 1009 489 LXXVIII,
1030 445 1146 480 Artic.
1175 444 1203 480 1.
1229 444 1410 481 Illicitum
1436 448 1493 480 est

198 497 360 534 vendere
377 497 554 533 eamdem
569 508 650 532 rem
665 497 736 542 bis,
752 497 812 533 vel
824 496 988 534 vendere
1002 497 1041 533 id
1056 497 1159 544 quod
1174 508 1252 534 non
1270 501 1340 543 est,
1358 501 1492 544 utpote

196 551 434 586 contrarium
462 551 638 597 justitiae.
668 550 781 597 Atqui
809 554 979 598 repetere
1007 551 1044 586 vi
1070 551 1195 586 mutui
1226 551 1392 598 pretium
1423 561 1492 597 pro

197 605 359 651 pecunia
388 608 578 647 mutuata,
609 608 666 639 est
698 602 862 639 vendere
895 603 1072 639 eamdem
1104 614 1186 640 rem
1214 604 1292 649 bis,
1325 603 1490 640 vendere

196 657 233 692 id
252 656 355 703 quod
371 667 448 692 non
463 661 534 692 est.
550 657 648 703 Ergo
668 660 838 703 repetere
859 657 1027 704 pretium
1046 667 1115 704 pro
1136 657 1298 704 pecunia
1315 660 1494 692 mutuata

195 711 232 745 vi
250 710 376 745 mutui
396 714 453 745 est
473 709 663 745 illicitum.
682 729 726 734 —-
747 708 879 756 Major
899 713 1003 745 certa
1022 713 1092 754 est,
1109 714 1145 745 et
1163 720 1185 745 a
1201 709 1355 745 nemine
1376 719 1492 756 nega-

197 767 284 806 tur3
307 762 494 809 probatur
513 763 652 798 minor.

246 815 356 860 Sunt,
386 820 428 850 ut
454 814 637 860 diximus,
666 815 846 863 quaedam
874 826 932 852 res
963 815 1022 861 (de
1052 816 1192 862 quibus
1219 816 1407 852 exclusive
1436 819 1492 852 est

196 870 379 913 mutuum)
403 879 569 915 quarum
590 879 682 905 usus
699 873 756 905 est
770 869 942 916 ipsarum
961 879 1091 904 rerum
1108 869 1376 916 consumpti03
1396 869 1493 904 sicut

195 923 329 957 vinum
350 922 615 957 consumimus
636 933 680 958 eo
701 922 844 958 utendo
866 921 914 958 ad
935 926 1086 969 potum,
1105 926 1141 957 et
1163 922 1334 957 triticum
1359 931 1493 957 consu-

197 976 340 1010 mimus
361 986 405 1011 eo
424 975 568 1011 utendo
589 975 637 1011 ad
661 975 803 1011 cibum.
825 975 927 1011 Licet
953 985 1043 1022 ergo
1066 975 1103 1010 in
1129 974 1352 1021 hujusmodi
1379 974 1493 1010 rebus

198 1027 326 1074 quoad
354 1038 435 1064 esse
461 1032 610 1064 naturae
641 1027 902 1076 distinguatur
926 1039 1016 1063 usus
1043 1039 1176 1063 earum
1197 1028 1242 1063 ab
1267 1027 1376 1074 ipsis,
1403 1027 1494 1073 quia

195 1080 301 1117 aliud
317 1085 376 1116 est
392 1081 536 1126 vinum,
555 1080 659 1116 aliud
679 1092 770 1117 usus
790 1081 880 1126 vini,
902 1086 1032 1117 tamen
1061 1081 1100 1116 in
1119 1081 1268 1116 ratione
1289 1080 1494 1116 concessio-

195 1134 256 1169 nis
278 1145 348 1181 pro
372 1133 509 1169 eodem
530 1137 779 1181 computatur
791 1145 849 1170 res
867 1138 903 1170 ct
920 1144 1012 1170 usus
1030 1134 1113 1181 ejus
1132 1144 1140 1169 ε
1163 1138 1219 1169 est
1236 1134 1339 1169 enim
1356 1132 1493 1169 ridicu·

196 1187 276 1223 lum
298 1190 335 1222 et
356 1186 568 1222 absurdum
592 1187 696 1233 quod
717 1187 856 1233 aliquis
875 1186 1016 1222 vendat
1036 1196 1068 1223 e.
1093 1197 1128 1234 g.
1151 1186 1265 1222 alicui
1287 1186 1434 1231 vinum,
1457 1190 1495 1222 et

197 1249 372 1274 seorsum
391 1249 502 1275 usum
518 1239 611 1275 vini.
631 1238 729 1286 Ergo
751 1239 789 1275 in
807 1239 948 1275 talibus
969 1239 1082 1275 rebus
1103 1249 1180 1274 non
1205 1238 1318 1274 debet
1337 1249 1493 1286 compu-

197 1292 269 1327 tari
297 1302 471 1330 seorsum
498 1303 588 1327 usus
615 1292 668 1327 rei
691 1303 712 1327 a
735 1303 774 1328 re
800 1293 896 1339 ipsa,
924 1291 989 1328 sed
1016 1293 1246 1338 cuicumque
1272 1291 1495 1328 conceditur

196 1356 299 1389 usus,
322 1345 358 1380 vi
386 1344 559 1391 ejusdem
584 1345 839 1382 concessionis
862 1345 1087 1381 conceditur
1112 1355 1184 1381 res.
1210 1345 1495 1391 consequenter

202 1408 268 1444 per
288 1397 387 1433 hanc
407 1398 460 1433 rei
479 1398 754 1434 concessionem
771 1399 873 1444 (quae
890 1398 929 1434 in
949 1408 1040 1434 casu
1061 1401 1194 1434 nostro
1212 1401 1269 1432 est
1285 1398 1493 1442 mutuatio)

204 1454 403 1486 mutuator
438 1450 617 1486 transfert
651 1451 711 1486 rei
743 1449 960 1486 dominium
999 1451 1038 1487 in
1070 1450 1352 1486 mutuatarium
1371 1462 1381 1496 ;
1417 1461 1494 1486 non

202 1514 305 1539 enim
330 1502 547 1538 dominium
568 1508 625 1538 est
644 1503 749 1538 aliud
770 1513 887 1550 quam
907 1503 1069 1540 facultas
1089 1503 1221 1540 utendi
1242 1508 1279 1539 et
1302 1503 1496 1539 alienandi

202 1566 283 1591 rem
300 1556 340 1591 in
358 1566 475 1602 quam
503 1555 720 1592 dominium
747 1555 924 1592 habetur.
948 1556 986 1592 Si
1007 1556 1092 1603 quis
1115 1567 1206 1604 ergo
1227 1566 1401 1592 seorsum
1421 1557 1495 1592 vel-

204 1608 254 1643 let
278 1607 442 1643 vendere
471 1608 616 1653 vinum,
648 1612 686 1643 et
714 1618 888 1644 seorsum
920 1608 998 1644 vini
1027 1618 1154 1653 usum,
1188 1608 1253 1655 qui
1286 1618 1374 1644 cum
1406 1609 1493 1644 vino

204 1659 305 1696 idem
332 1665 400 1705 est,
425 1660 607 1696 venderet
630 1660 806 1697 eamdem
830 1672 911 1697 rem
939 1661 1010 1706 bis,
1035 1661 1095 1698 vel
1119 1661 1299 1698 venderet
1325 1660 1364 1697 id
1391 1661 1494 1708 quod

203 1725 280 1749 non
295 1718 372 1749 est:
390 1713 491 1749 unde
509 1713 710 1750 manifeste
728 1725 796 1761 per
812 1714 1042 1761 injustitiam
1058 1718 1244 1762 peccaret.
1260 1713 1305 1750 Et
1319 1714 1495 1750 similiter

204 1766 433 1814 injustitiam
458 1767 668 1802 committit
693 1767 759 1813 qui
783 1768 950 1814 pretium
977 1767 1116 1814 repetit
1139 1778 1185 1802 ex
1208 1771 1344 1804 mutuo
1367 1778 1375 1802 :
1405 1778 1494 1804 narn

202 1830 248 1855 ex
271 1830 348 1855 una
370 1824 478 1867 parte
498 1819 637 1867 repetit
656 1820 863 1866 pecuniam
884 1820 944 1856 vel
966 1831 1042 1856 rem
1062 1824 1295 1866 mutuatam3
1313 1831 1359 1856 ex
1376 1820 1497 1856 altera

203 1876 310 1919 parte
339 1873 479 1919 repetit
507 1873 675 1920 pretium
704 1883 794 1909 usus
824 1873 996 1920 pecuniae
1026 1873 1085 1909 vel
1113 1873 1167 1909 rei
1197 1877 1399 1918 mutuatae,
1430 1874 1496 1920 qui

203 1935 294 1960 usus
316 1935 404 1961 cum
425 1925 473 1961 sit
497 1925 599 1961 idem
620 1936 707 1961 cum
728 1937 767 1962 re
787 1925 846 1962 vel
865 1926 1040 1974 pecunia,
1063 1930 1105 1961 ut
1129 1925 1274 1962 dictum
1299 1930 1368 1971 est,
1390 1936 1496 1974 repe-

202 1978 249 2014 tit
267 1977 324 2014 bis
342 1989 451 2014 suam
475 1989 571 2023 rem,
593 1983 659 2014 aut
679 1979 818 2026 repetit
840 1980 1008 2027 pretium
1029 1979 1111 2026 ejus
1132 1978 1236 2026 quod
1256 1990 1331 2016 non
1353 1979 1495 2024 existit,

202 2031 347 2067 scilicet
369 2032 537 2079 pretium
557 2042 649 2067 usus
671 2031 842 2068 distincti
863 2042 885 2068 a
904 2043 957 2068 re.

248 2084 292 2119 X.
313 2083 431 2119 No'rA.
452 2084 666 2120 Solvuntur
686 2084 951 2121 difficultates.
975 2083 1145 2132 objectio
1159 2084 1306 2131 prima.
1324 2085 1495 2120 Pretium

203 2137 374 2184 accipere
394 2147 463 2184 pro
485 2147 528 2173 eo
553 2136 657 2184 quod
686 2138 772 2184 quis
802 2137 925 2174 facere
946 2148 1023 2174 non
1055 2141 1218 2181 tenetur,
1243 2148 1321 2174 non
1347 2136 1495 2174 videtur

204 2200 283 2226 esse
310 2188 521 2225 secundum
543 2200 580 2226 se
602 2194 815 2237 peccatum.
836 2190 951 2238 Atqui
973 2201 1049 2226 non
1070 2190 1109 2226 in
1130 2189 1304 2237 quolibet
1324 2200 1413 2227 casu
1439 2194 1495 2226 te-

204 2246 318 2278 netur
333 2242 536 2289 pecuniam
555 2242 700 2279 habens
720 2254 806 2279 eam
827 2244 1004 2291 proximo
1027 2246 1218 2280 mutuare.
1239 2243 1338 2292 Ergo
1356 2243 1445 2280 licet
1461 2243 1496 2280 ei

206 2295 413 2342 aliquando
434 2306 584 2331 sumere
603 2295 769 2343 pretium
788 2307 857 2343 pro
878 2301 1028 2333 mutuo.

250 2349 359 2396 Hesp.
372 2348 572 2396 Distinguo
585 2349 768 2396 majorem
782 2360 789 2385 :
805 2349 974 2386 Pretium
987 2350 1157 2397 accipere
1167 2351 1370 2387 secundum
1375 2349 1495 2398 justi-
