<?xml version="1.0" encoding="UTF-8"?>
<!DOCTYPE html PUBLIC "-//W3C//DTD XHTML 1.0 Transitional//EN"
    "http://www.w3.org/TR/xhtml1/DTD/xhtml1-transitional.dtd">
<html xmlns="http://www.w3.org/1999/xhtml" xml:lang="en" lang="en">
 <head>
  <title>
</title>
<meta http-equiv="Content-Type" content="text/html;charset=utf-8" />
  <meta name='ocr-system' content='tesseract 3.04.00' />
  <meta name='ocr-capabilities' content='ocr_page ocr_carea ocr_par ocr_line ocrx_word'/>
</head>
<body>
  <div class='ocr_page' id='page_1' title='image "./summaphilosophic03zigluoft_0252.png"; bbox 0 0 1584 2569; ppageno 0'>
   <div class='ocr_carea' id='block_1_1' title="bbox 179 143 1471 178">
    <p class='ocr_par' dir='ltr' id='par_1_1' title="bbox 179 143 1471 178">
     <span class='ocr_line' id='line_1_1' title="bbox 179 143 1471 178; baseline -0.002 -1"><span class='ocrx_word' id='word_1_1' title='bbox 179 143 247 177; x_wconf 72' lang='lat'><strong>242</strong></span> <span class='ocrx_word' id='word_1_2' title='bbox 271 151 329 178; x_wconf 71' lang='lat' dir='ltr'><strong>sus</strong></span> <span class='ocrx_word' id='word_1_3' title='bbox 344 150 506 177; x_wconf 69' lang='lat' dir='ltr'><strong>NATURAE.</strong></span> <span class='ocrx_word' id='word_1_4' title='bbox 532 149 604 176; x_wconf 76' lang='lat' dir='ltr'><strong>mn.</strong></span> <span class='ocrx_word' id='word_1_5' title='bbox 626 149 662 176; x_wconf 87' lang='lat' dir='ltr'><strong>n.</strong></span> <span class='ocrx_word' id='word_1_6' title='bbox 675 149 753 175; x_wconf 56' lang='lat' dir='ltr'><strong>cnr.</strong></span> <span class='ocrx_word' id='word_1_7' title='bbox 768 149 808 174; x_wconf 88' lang='lat'><strong>11.</strong></span> <span class='ocrx_word' id='word_1_8' title='bbox 829 148 874 174; x_wconf 71' lang='lat' dir='ltr'><strong>mx</strong></span> <span class='ocrx_word' id='word_1_9' title='bbox 892 148 1081 175; x_wconf 70' lang='lat' dir='ltr'><strong>eccisi-m:</strong></span> <span class='ocrx_word' id='word_1_10' title='bbox 1094 148 1167 174; x_wconf 83' lang='lat' dir='ltr'><strong>civ.</strong></span> <span class='ocrx_word' id='word_1_11' title='bbox 1180 148 1217 174; x_wconf 77' lang='lat' dir='ltr'><strong>m</strong></span> <span class='ocrx_word' id='word_1_12' title='bbox 1238 148 1276 174; x_wconf 72' lang='lat' dir='ltr'><strong>sn</strong></span> <span class='ocrx_word' id='word_1_13' title='bbox 1298 148 1471 174; x_wconf 70' lang='lat' dir='ltr'>SPECTATA</span> 
     </span>
    </p>
   </div>
   <div class='ocr_carea' id='block_1_2' title="bbox 177 220 1484 2218">
    <p class='ocr_par' dir='ltr' id='par_1_2' title="bbox 177 220 1484 2218">
     <span class='ocr_line' id='line_1_2' title="bbox 180 220 1473 271; baseline -0.002 -12"><span class='ocrx_word' id='word_1_14' title='bbox 180 223 306 259; x_wconf 88' lang='lat' dir='ltr'><strong>officia</strong></span> <span class='ocrx_word' id='word_1_15' title='bbox 324 222 543 271; x_wconf 86' lang='lat' dir='ltr'><strong>peragenda</strong></span> <span class='ocrx_word' id='word_1_16' title='bbox 573 222 774 269; x_wconf 72' lang='lat' dir='ltr'><strong>aequaliter</strong></span> <span class='ocrx_word' id='word_1_17' title='bbox 793 231 863 268; x_wconf 88' lang='lat' dir='ltr'><strong>per</strong></span> <span class='ocrx_word' id='word_1_18' title='bbox 890 224 1014 257; x_wconf 90' lang='lat' dir='ltr'><strong>totam</strong></span> <span class='ocrx_word' id='word_1_19' title='bbox 1039 221 1160 257; x_wconf 87' lang='lat' dir='ltr'><strong>vitam</strong></span> <span class='ocrx_word' id='word_1_20' title='bbox 1189 220 1331 257; x_wconf 89' lang='lat' dir='ltr'><strong>idonei.</strong></span> <span class='ocrx_word' id='word_1_21' title='bbox 1351 220 1473 257; x_wconf 78' lang='lat' dir='ltr'><em>Aliud</em></span> 
     </span>
     <span class='ocr_line' id='line_1_3' title="bbox 180 272 1474 323; baseline -0.003 -11"><span class='ocrx_word' id='word_1_22' title='bbox 180 279 309 313; x_wconf 82' lang='lat' dir='ltr'><strong>autem</strong></span> <span class='ocrx_word' id='word_1_23' title='bbox 335 275 658 323; x_wconf 87' lang='lat' dir='ltr'><strong>impedimentum</strong></span> <span class='ocrx_word' id='word_1_24' title='bbox 679 274 770 310; x_wconf 91' lang='lat' dir='ltr'><strong>boni</strong></span> <span class='ocrx_word' id='word_1_25' title='bbox 790 272 936 321; x_wconf 85' lang='lat' dir='ltr'><strong>publici</strong></span> <span class='ocrx_word' id='word_1_26' title='bbox 954 272 1207 310; x_wconf 85' lang='lat' dir='ltr'><strong>conservandi</strong></span> <span class='ocrx_word' id='word_1_27' title='bbox 1223 272 1272 310; x_wconf 84' lang='lat' dir='ltr'><strong>ab</strong></span> <span class='ocrx_word' id='word_1_28' title='bbox 1293 273 1474 310; x_wconf 81' lang='lat' dir='ltr'><strong>interiori</strong></span> 
     </span>
     <span class='ocr_line' id='line_1_4' title="bbox 179 325 1473 376; baseline -0.002 -12"><span class='ocrx_word' id='word_1_29' title='bbox 179 328 420 376; x_wconf 83' lang='lat' dir='ltr'><strong>proveniens,</strong></span> <span class='ocrx_word' id='word_1_30' title='bbox 437 328 476 364; x_wconf 88' lang='lat' dir='ltr'><strong>in</strong></span> <span class='ocrx_word' id='word_1_31' title='bbox 493 327 740 375; x_wconf 86' lang='lat' dir='ltr'><strong>perversitate</strong></span> <span class='ocrx_word' id='word_1_32' title='bbox 760 325 1005 363; x_wconf 78' lang='lat' dir='ltr'><strong>voluntatum</strong></span> <span class='ocrx_word' id='word_1_33' title='bbox 1021 326 1210 372; x_wconf 85' lang='lat' dir='ltr'><strong>consistit,</strong></span> <span class='ocrx_word' id='word_1_34' title='bbox 1232 325 1326 362; x_wconf 91' lang='lat' dir='ltr'><strong>dum</strong></span> <span class='ocrx_word' id='word_1_35' title='bbox 1345 325 1473 372; x_wconf 80' lang='lat' dir='ltr'><strong>(cives)</strong></span> 
     </span>
     <span class='ocr_line' id='line_1_5' title="bbox 179 378 1475 427; baseline -0.002 -10"><span class='ocrx_word' id='word_1_36' title='bbox 179 381 237 417; x_wconf 90' lang='lat' dir='ltr'><strong>vel</strong></span> <span class='ocrx_word' id='word_1_37' title='bbox 256 385 346 417; x_wconf 91' lang='lat' dir='ltr'><strong>sunt</strong></span> <span class='ocrx_word' id='word_1_38' title='bbox 356 381 503 417; x_wconf 82' lang='lat' dir='ltr'><strong>desides</strong></span> <span class='ocrx_word' id='word_1_39' title='bbox 519 379 568 417; x_wconf 92' lang='lat' dir='ltr'><strong>ad</strong></span> <span class='ocrx_word' id='word_1_40' title='bbox 584 390 630 417; x_wconf 88' lang='lat' dir='ltr'><strong>ea</strong></span> <span class='ocrx_word' id='word_1_41' title='bbox 644 378 862 427; x_wconf 83' lang='lat' dir='ltr'><strong>peragenda</strong></span> <span class='ocrx_word' id='word_1_42' title='bbox 881 388 968 426; x_wconf 85' lang='lat' dir='ltr'><strong>quae</strong></span> <span class='ocrx_word' id='word_1_43' title='bbox 987 380 1150 426; x_wconf 83' lang='lat' dir='ltr'><strong>requirit</strong></span> <span class='ocrx_word' id='word_1_44' title='bbox 1168 379 1397 427; x_wconf 81' lang='lat' dir='ltr'><strong>respublica,</strong></span> <span class='ocrx_word' id='word_1_45' title='bbox 1414 378 1475 415; x_wconf 78' lang='lat' dir='ltr'><strong>vel</strong></span> 
     </span>
     <span class='ocr_line' id='line_1_6' title="bbox 179 430 1473 481; baseline -0.002 -11"><span class='ocrx_word' id='word_1_46' title='bbox 179 436 338 481; x_wconf 89' lang='lat' dir='ltr'><strong>insuper</strong></span> <span class='ocrx_word' id='word_1_47' title='bbox 363 437 453 469; x_wconf 92' lang='lat' dir='ltr'><strong>sunt</strong></span> <span class='ocrx_word' id='word_1_48' title='bbox 486 433 571 481; x_wconf 90' lang='lat' dir='ltr'><strong>paci</strong></span> <span class='ocrx_word' id='word_1_49' title='bbox 602 431 865 468; x_wconf 91' lang='lat' dir='ltr'><strong>multitudinis</strong></span> <span class='ocrx_word' id='word_1_50' title='bbox 883 431 1009 476; x_wconf 77' lang='lat' dir='ltr'><strong>noxii,</strong></span> <span class='ocrx_word' id='word_1_51' title='bbox 1042 431 1135 468; x_wconf 92' lang='lat' dir='ltr'><strong>dum</strong></span> <span class='ocrx_word' id='word_1_52' title='bbox 1156 430 1473 480; x_wconf 85' lang='lat' dir='ltr'><strong>transgrediendo</strong></span> 
     </span>
     <span class='ocr_line' id='line_1_7' title="bbox 177 483 1474 533; baseline -0.002 -11"><span class='ocrx_word' id='word_1_53' title='bbox 177 487 370 533; x_wconf 77' lang='lat' dir='ltr'><strong>justitiam</strong></span> <span class='ocrx_word' id='word_1_54' title='bbox 390 486 555 522; x_wconf 91' lang='lat' dir='ltr'><strong>aliorum</strong></span> <span class='ocrx_word' id='word_1_55' title='bbox 572 484 957 533; x_wconf 88' lang='lat' dir='ltr'><strong>pacem&#39;perturbant.</strong></span> <span class='ocrx_word' id='word_1_56' title='bbox 973 483 1140 521; x_wconf 82' lang='lat' dir='ltr'><strong>Tertium</strong></span> <span class='ocrx_word' id='word_1_57' title='bbox 1165 489 1294 521; x_wconf 91' lang='lat' dir='ltr'><strong>autem</strong></span> <span class='ocrx_word' id='word_1_58' title='bbox 1312 483 1474 532; x_wconf 89' lang='lat' dir='ltr'><strong>impedi-</strong></span> 
     </span>
     <span class='ocr_line' id='line_1_8' title="bbox 180 536 1473 586; baseline -0.002 -11"><span class='ocrx_word' id='word_1_59' title='bbox 180 543 356 575; x_wconf 82' lang='lat' dir='ltr'><strong>mentum</strong></span> <span class='ocrx_word' id='word_1_60' title='bbox 372 538 593 586; x_wconf 83' lang='lat' dir='ltr'><strong>reipublicae</strong></span> <span class='ocrx_word' id='word_1_61' title='bbox 609 537 881 574; x_wconf 68' lang='lat' dir='ltr'><strong>conservandas</strong></span> <span class='ocrx_word' id='word_1_62' title='bbox 901 537 949 573; x_wconf 92' lang='lat' dir='ltr'><strong>ab</strong></span> <span class='ocrx_word' id='word_1_63' title='bbox 965 537 1149 574; x_wconf 73' lang='lat' dir='ltr'><strong>exteriori</strong></span> <span class='ocrx_word' id='word_1_64' title='bbox 1169 542 1362 583; x_wconf 83' lang='lat' dir='ltr'><strong>causatur,</strong></span> <span class='ocrx_word' id='word_1_65' title='bbox 1381 536 1473 573; x_wconf 90' lang='lat' dir='ltr'><strong>dum</strong></span> 
     </span>
     <span class='ocr_line' id='line_1_9' title="bbox 181 589 1471 639; baseline 0 -12"><span class='ocrx_word' id='word_1_66' title='bbox 181 603 249 639; x_wconf 88' lang='lat' dir='ltr'><strong>per</strong></span> <span class='ocrx_word' id='word_1_67' title='bbox 267 592 464 628; x_wconf 88' lang='lat' dir='ltr'><strong>incursum</strong></span> <span class='ocrx_word' id='word_1_68' title='bbox 485 591 657 628; x_wconf 91' lang='lat' dir='ltr'><strong>hostium</strong></span> <span class='ocrx_word' id='word_1_69' title='bbox 675 601 750 638; x_wconf 86' lang='lat' dir='ltr'><strong>pax</strong></span> <span class='ocrx_word' id='word_1_70' title='bbox 770 589 1003 636; x_wconf 75' lang='lat' dir='ltr'><strong>dissolvitur,</strong></span> <span class='ocrx_word' id='word_1_71' title='bbox 1024 594 1062 627; x_wconf 89' lang='lat' dir='ltr'><strong>et</strong></span> <span class='ocrx_word' id='word_1_72' title='bbox 1076 590 1270 627; x_wconf 89' lang='lat' dir='ltr'><strong>interdum</strong></span> <span class='ocrx_word' id='word_1_73' title='bbox 1294 601 1471 639; x_wconf 83' lang='lat' dir='ltr'><strong>regnum,</strong></span> 
     </span>
     <span class='ocr_line' id='line_1_10' title="bbox 181 642 1475 691; baseline 0.002 -11"><span class='ocrx_word' id='word_1_74' title='bbox 181 648 249 681; x_wconf 88' lang='lat' dir='ltr'><strong>aut</strong></span> <span class='ocrx_word' id='word_1_75' title='bbox 271 645 405 680; x_wconf 87' lang='lat' dir='ltr'><strong>civitas</strong></span> <span class='ocrx_word' id='word_1_76' title='bbox 424 643 647 691; x_wconf 86' lang='lat' dir='ltr'><strong>dissipatur.</strong></span> <span class='ocrx_word' id='word_1_77' title='bbox 675 642 799 691; x_wconf 81' lang='lat' dir='ltr'><strong>Igitur</strong></span> <span class='ocrx_word' id='word_1_78' title='bbox 816 643 918 681; x_wconf 87' lang='lat' dir='ltr'><strong>circa</strong></span> <span class='ocrx_word' id='word_1_79' title='bbox 933 643 1008 679; x_wconf 92' lang='lat' dir='ltr'><strong>tria</strong></span> <span class='ocrx_word' id='word_1_80' title='bbox 1023 642 1207 690; x_wconf 83' lang='lat' dir='ltr'><strong>praedicta</strong></span> <span class='ocrx_word' id='word_1_81' title='bbox 1226 643 1364 691; x_wconf 89' lang='lat' dir='ltr'><strong>triplex</strong></span> <span class='ocrx_word' id='word_1_82' title='bbox 1383 655 1475 682; x_wconf 88' lang='lat' dir='ltr'><strong>cura</strong></span> 
     </span>
     <span class='ocr_line' id='line_1_11' title="bbox 182 694 1476 745; baseline 0.001 -12"><span class='ocrx_word' id='word_1_83' title='bbox 182 698 360 734; x_wconf 87' lang='lat' dir='ltr'><strong>imminet</strong></span> <span class='ocrx_word' id='word_1_84' title='bbox 387 697 481 745; x_wconf 85' lang='lat' dir='ltr'><strong>regi.</strong></span> <span class='ocrx_word' id='word_1_85' title='bbox 507 697 640 733; x_wconf 83' lang='lat' dir='ltr'><strong>Primo</strong></span> <span class='ocrx_word' id='word_1_86' title='bbox 672 695 844 744; x_wconf 90' lang='lat' dir='ltr'><strong>quidem,</strong></span> <span class='ocrx_word' id='word_1_87' title='bbox 871 694 918 732; x_wconf 89' lang='lat' dir='ltr'><strong>de</strong></span> <span class='ocrx_word' id='word_1_88' title='bbox 937 696 1176 732; x_wconf 78' lang='lat' dir='ltr'><strong>successione</strong></span> <span class='ocrx_word' id='word_1_89' title='bbox 1196 695 1415 743; x_wconf 88' lang='lat' dir='ltr'><strong>hominum,</strong></span> <span class='ocrx_word' id='word_1_90' title='bbox 1439 703 1476 734; x_wconf 88' lang='lat' dir='ltr'><strong>et</strong></span> 
     </span>
     <span class='ocr_line' id='line_1_12' title="bbox 182 748 1476 796; baseline 0.001 -10"><span class='ocrx_word' id='word_1_91' title='bbox 182 750 457 786; x_wconf 86' lang='lat' dir='ltr'><strong>substitutione</strong></span> <span class='ocrx_word' id='word_1_92' title='bbox 477 749 647 795; x_wconf 90' lang='lat' dir='ltr'><strong>illorum,</strong></span> <span class='ocrx_word' id='word_1_93' title='bbox 672 749 739 796; x_wconf 86' lang='lat' dir='ltr'><strong>qui</strong></span> <span class='ocrx_word' id='word_1_94' title='bbox 760 748 919 785; x_wconf 86' lang='lat' dir='ltr'><strong>diversis</strong></span> <span class='ocrx_word' id='word_1_95' title='bbox 939 748 1077 784; x_wconf 77' lang='lat' dir='ltr'><strong>officiis</strong></span> <span class='ocrx_word' id='word_1_96' title='bbox 1096 752 1286 796; x_wconf 79' lang='lat' dir='ltr'><strong>praesunt3</strong></span> <span class='ocrx_word' id='word_1_97' title='bbox 1316 753 1359 785; x_wconf 92' lang='lat' dir='ltr'><strong>ut</strong></span> <span class='ocrx_word' id='word_1_98' title='bbox 1377 750 1476 787; x_wconf 89' lang='lat' dir='ltr'><strong>sicut</strong></span> 
     </span>
     <span class='ocr_line' id='line_1_13' title="bbox 182 800 1477 851; baseline 0.002 -13"><span class='ocrx_word' id='word_1_99' title='bbox 182 813 250 849; x_wconf 88' lang='lat' dir='ltr'><strong>per</strong></span> <span class='ocrx_word' id='word_1_100' title='bbox 275 801 450 838; x_wconf 84' lang='lat' dir='ltr'><strong>divinum</strong></span> <span class='ocrx_word' id='word_1_101' title='bbox 470 803 642 850; x_wconf 86' lang='lat' dir='ltr'><strong>regimen</strong></span> <span class='ocrx_word' id='word_1_102' title='bbox 667 801 706 838; x_wconf 90' lang='lat' dir='ltr'><strong>in</strong></span> <span class='ocrx_word' id='word_1_103' title='bbox 733 800 846 838; x_wconf 86' lang='lat' dir='ltr'><strong>rebus</strong></span> <span class='ocrx_word' id='word_1_104' title='bbox 871 800 1201 848; x_wconf 83' lang='lat' dir='ltr'><strong>corruptibilibus,</strong></span> <span class='ocrx_word' id='word_1_105' title='bbox 1230 801 1297 848; x_wconf 88' lang='lat' dir='ltr'><strong>qui</strong></span> <span class='ocrx_word' id='word_1_106' title='bbox 1325 812 1477 851; x_wconf 85' lang='lat' dir='ltr'><strong>semper</strong></span> 
     </span>
     <span class='ocr_line' id='line_1_14' title="bbox 182 853 1476 902; baseline 0 -11"><span class='ocrx_word' id='word_1_107' title='bbox 182 853 318 891; x_wconf 87' lang='lat' dir='ltr'><strong>eadem</strong></span> <span class='ocrx_word' id='word_1_108' title='bbox 347 853 487 891; x_wconf 87' lang='lat' dir='ltr'><strong>durare</strong></span> <span class='ocrx_word' id='word_1_109' title='bbox 512 864 589 890; x_wconf 93' lang='lat' dir='ltr'><strong>non</strong></span> <span class='ocrx_word' id='word_1_110' title='bbox 613 858 789 901; x_wconf 88' lang='lat' dir='ltr'><strong>possunt,</strong></span> <span class='ocrx_word' id='word_1_111' title='bbox 822 854 1018 901; x_wconf 89' lang='lat' dir='ltr'><strong>provisum</strong></span> <span class='ocrx_word' id='word_1_112' title='bbox 1038 857 1095 890; x_wconf 91' lang='lat' dir='ltr'><strong>est</strong></span> <span class='ocrx_word' id='word_1_113' title='bbox 1114 857 1157 889; x_wconf 95' lang='lat' dir='ltr'><strong>ut</strong></span> <span class='ocrx_word' id='word_1_114' title='bbox 1175 864 1244 901; x_wconf 90' lang='lat' dir='ltr'><strong>per</strong></span> <span class='ocrx_word' id='word_1_115' title='bbox 1264 856 1476 902; x_wconf 86' lang='lat' dir='ltr'><strong>generatio—</strong></span> 
     </span>
     <span class='ocr_line' id='line_1_15' title="bbox 181 905 1477 951; baseline 0.001 -8"><span class='ocrx_word' id='word_1_116' title='bbox 181 917 271 943; x_wconf 85' lang='lat' dir='ltr'><strong>nem</strong></span> <span class='ocrx_word' id='word_1_117' title='bbox 292 906 368 943; x_wconf 90' lang='lat' dir='ltr'><strong>alia</strong></span> <span class='ocrx_word' id='word_1_118' title='bbox 384 907 423 943; x_wconf 92' lang='lat' dir='ltr'><strong>in</strong></span> <span class='ocrx_word' id='word_1_119' title='bbox 443 907 572 943; x_wconf 88' lang='lat' dir='ltr'><strong>locum</strong></span> <span class='ocrx_word' id='word_1_120' title='bbox 592 906 758 943; x_wconf 90' lang='lat' dir='ltr'><strong>aliorum</strong></span> <span class='ocrx_word' id='word_1_121' title='bbox 785 905 1005 951; x_wconf 87' lang='lat' dir='ltr'><strong>succedant,</strong></span> <span class='ocrx_word' id='word_1_122' title='bbox 1026 910 1069 941; x_wconf 92' lang='lat' dir='ltr'><strong>ut</strong></span> <span class='ocrx_word' id='word_1_123' title='bbox 1084 906 1142 942; x_wconf 84' lang='lat' dir='ltr'><strong>vel</strong></span> <span class='ocrx_word' id='word_1_124' title='bbox 1161 906 1215 941; x_wconf 88' lang='lat' dir='ltr'><strong>sic</strong></span> <span class='ocrx_word' id='word_1_125' title='bbox 1234 911 1477 945; x_wconf 84' lang='lat' dir='ltr'><strong>conservetur</strong></span> 
     </span>
     <span class='ocr_line' id='line_1_16' title="bbox 182 957 1475 1007; baseline 0.002 -12"><span class='ocrx_word' id='word_1_126' title='bbox 182 960 385 1007; x_wconf 87' lang='lat' dir='ltr'><strong>integritas</strong></span> <span class='ocrx_word' id='word_1_127' title='bbox 405 960 588 1005; x_wconf 85' lang='lat' dir='ltr'><strong>universi,</strong></span> <span class='ocrx_word' id='word_1_128' title='bbox 610 960 664 995; x_wconf 89' lang='lat' dir='ltr'><strong>ita</strong></span> <span class='ocrx_word' id='word_1_129' title='bbox 689 969 757 1006; x_wconf 90' lang='lat' dir='ltr'><strong>per</strong></span> <span class='ocrx_word' id='word_1_130' title='bbox 775 959 878 1005; x_wconf 86' lang='lat' dir='ltr'><strong>regis</strong></span> <span class='ocrx_word' id='word_1_131' title='bbox 909 957 1082 994; x_wconf 90' lang='lat' dir='ltr'><strong>studium</strong></span> <span class='ocrx_word' id='word_1_132' title='bbox 1115 963 1362 996; x_wconf 88' lang='lat' dir='ltr'><strong>conservetur</strong></span> <span class='ocrx_word' id='word_1_133' title='bbox 1387 961 1475 997; x_wconf 91' lang='lat' dir='ltr'><strong>sub-</strong></span> 
     </span>
     <span class='ocr_line' id='line_1_17' title="bbox 178 1010 1475 1059; baseline 0 -10"><span class='ocrx_word' id='word_1_134' title='bbox 178 1014 293 1059; x_wconf 72' lang='lat' dir='ltr'><strong>jectae</strong></span> <span class='ocrx_word' id='word_1_135' title='bbox 312 1011 575 1048; x_wconf 89' lang='lat' dir='ltr'><strong>multitudinis</strong></span> <span class='ocrx_word' id='word_1_136' title='bbox 595 1011 755 1056; x_wconf 90' lang='lat' dir='ltr'><strong>bonum,</strong></span> <span class='ocrx_word' id='word_1_137' title='bbox 778 1010 871 1047; x_wconf 86' lang='lat' dir='ltr'><strong>dum</strong></span> <span class='ocrx_word' id='word_1_138' title='bbox 891 1010 1053 1046; x_wconf 88' lang='lat' dir='ltr'><strong>sollicite</strong></span> <span class='ocrx_word' id='word_1_139' title='bbox 1084 1015 1193 1047; x_wconf 90' lang='lat' dir='ltr'><strong>curat</strong></span> <span class='ocrx_word' id='word_1_140' title='bbox 1221 1011 1387 1058; x_wconf 83' lang='lat' dir='ltr'><strong>qualiter</strong></span> <span class='ocrx_word' id='word_1_141' title='bbox 1411 1013 1475 1050; x_wconf 84' lang='lat' dir='ltr'><strong>alii</strong></span> 
     </span>
     <span class='ocr_line' id='line_1_18' title="bbox 182 1062 1476 1109; baseline 0.001 -8"><span class='ocrx_word' id='word_1_142' title='bbox 182 1066 223 1101; x_wconf 87' lang='lat' dir='ltr'><strong>in</strong></span> <span class='ocrx_word' id='word_1_143' title='bbox 244 1064 506 1101; x_wconf 84' lang='lat' dir='ltr'><strong>deficientium</strong></span> <span class='ocrx_word' id='word_1_144' title='bbox 526 1064 654 1101; x_wconf 92' lang='lat' dir='ltr'><strong>locum</strong></span> <span class='ocrx_word' id='word_1_145' title='bbox 674 1062 892 1100; x_wconf 87' lang='lat' dir='ltr'><strong>succedant.</strong></span> <span class='ocrx_word' id='word_1_146' title='bbox 911 1062 1085 1100; x_wconf 83' lang='lat' dir='ltr'><strong>Secundo</strong></span> <span class='ocrx_word' id='word_1_147' title='bbox 1104 1068 1248 1109; x_wconf 89' lang='lat' dir='ltr'><strong>autem,</strong></span> <span class='ocrx_word' id='word_1_148' title='bbox 1267 1069 1310 1100; x_wconf 90' lang='lat' dir='ltr'><strong>ut</strong></span> <span class='ocrx_word' id='word_1_149' title='bbox 1331 1065 1409 1102; x_wconf 89' lang='lat' dir='ltr'><strong>suis</strong></span> <span class='ocrx_word' id='word_1_150' title='bbox 1425 1066 1476 1102; x_wconf 88' lang='lat' dir='ltr'><strong>le-</strong></span> 
     </span>
     <span class='ocr_line' id='line_1_19' title="bbox 184 1115 1477 1165; baseline 0.001 -12"><span class='ocrx_word' id='word_1_151' title='bbox 184 1118 296 1165; x_wconf 86' lang='lat' dir='ltr'><strong>gibus</strong></span> <span class='ocrx_word' id='word_1_152' title='bbox 310 1121 348 1153; x_wconf 90' lang='lat' dir='ltr'><strong>et</strong></span> <span class='ocrx_word' id='word_1_153' title='bbox 368 1117 584 1164; x_wconf 64' lang='lat' dir='ltr'><strong>praeceptis,</strong></span> <span class='ocrx_word' id='word_1_154' title='bbox 605 1117 731 1165; x_wconf 86' lang='lat' dir='ltr'><strong>poenis</strong></span> <span class='ocrx_word' id='word_1_155' title='bbox 741 1120 780 1152; x_wconf 88' lang='lat' dir='ltr'><strong>et</strong></span> <span class='ocrx_word' id='word_1_156' title='bbox 795 1116 980 1164; x_wconf 84' lang='lat' dir='ltr'><strong>praemiis,</strong></span> <span class='ocrx_word' id='word_1_157' title='bbox 998 1115 1177 1152; x_wconf 89' lang='lat' dir='ltr'><strong>homines</strong></span> <span class='ocrx_word' id='word_1_158' title='bbox 1194 1116 1267 1152; x_wconf 91' lang='lat' dir='ltr'><strong>sibi</strong></span> <span class='ocrx_word' id='word_1_159' title='bbox 1284 1117 1477 1165; x_wconf 85' lang='lat' dir='ltr'><strong>subjectos</strong></span> 
     </span>
     <span class='ocr_line' id='line_1_20' title="bbox 184 1168 1476 1216; baseline 0.001 -10"><span class='ocrx_word' id='word_1_160' title='bbox 184 1171 231 1206; x_wconf 84' lang='lat' dir='ltr'><strong>ab</strong></span> <span class='ocrx_word' id='word_1_161' title='bbox 253 1170 456 1216; x_wconf 87' lang='lat' dir='ltr'><strong>iniquitate</strong></span> <span class='ocrx_word' id='word_1_162' title='bbox 475 1173 661 1215; x_wconf 88' lang='lat' dir='ltr'><strong>coerceat,</strong></span> <span class='ocrx_word' id='word_1_163' title='bbox 687 1173 725 1205; x_wconf 87' lang='lat' dir='ltr'><strong>et</strong></span> <span class='ocrx_word' id='word_1_164' title='bbox 746 1168 795 1204; x_wconf 93' lang='lat' dir='ltr'><strong>ad</strong></span> <span class='ocrx_word' id='word_1_165' title='bbox 821 1179 938 1216; x_wconf 90' lang='lat' dir='ltr'><strong>opera</strong></span> <span class='ocrx_word' id='word_1_166' title='bbox 954 1168 1125 1204; x_wconf 83' lang='lat' dir='ltr'><strong>virtuosa</strong></span> <span class='ocrx_word' id='word_1_167' title='bbox 1143 1168 1301 1205; x_wconf 91' lang='lat' dir='ltr'><strong>inducat</strong></span> <span class='ocrx_word' id='word_1_168' title='bbox 1321 1180 1330 1205; x_wconf 91' lang='lat'>:</span> <span class='ocrx_word' id='word_1_169' title='bbox 1353 1181 1476 1208; x_wconf 88' lang='lat' dir='ltr'><strong>exem-</strong></span> 
     </span>
     <span class='ocr_line' id='line_1_21' title="bbox 183 1220 1476 1270; baseline 0.002 -12"><span class='ocrx_word' id='word_1_170' title='bbox 183 1224 292 1270; x_wconf 91' lang='lat' dir='ltr'><strong>plum</strong></span> <span class='ocrx_word' id='word_1_171' title='bbox 318 1233 341 1259; x_wconf 93' lang='lat' dir='ltr'><strong>a</strong></span> <span class='ocrx_word' id='word_1_172' title='bbox 368 1222 445 1258; x_wconf 90' lang='lat' dir='ltr'><strong>Deo</strong></span> <span class='ocrx_word' id='word_1_173' title='bbox 472 1222 676 1269; x_wconf 88' lang='lat' dir='ltr'><strong>accipiens,</strong></span> <span class='ocrx_word' id='word_1_174' title='bbox 704 1221 771 1269; x_wconf 92' lang='lat' dir='ltr'><strong>qui</strong></span> <span class='ocrx_word' id='word_1_175' title='bbox 797 1220 1021 1257; x_wconf 89' lang='lat' dir='ltr'><strong>hominibus</strong></span> <span class='ocrx_word' id='word_1_176' title='bbox 1047 1221 1172 1268; x_wconf 85' lang='lat' dir='ltr'><strong>legem</strong></span> <span class='ocrx_word' id='word_1_177' title='bbox 1203 1221 1322 1268; x_wconf 89' lang='lat' dir='ltr'><strong>dedit,</strong></span> <span class='ocrx_word' id='word_1_178' title='bbox 1350 1223 1476 1260; x_wconf 91' lang='lat' dir='ltr'><strong>obser-</strong></span> 
     </span>
     <span class='ocr_line' id='line_1_22' title="bbox 183 1272 1478 1322; baseline 0.001 -11"><span class='ocrx_word' id='word_1_179' title='bbox 183 1275 364 1311; x_wconf 78' lang='lat' dir='ltr'><strong>vantibus</strong></span> <span class='ocrx_word' id='word_1_180' title='bbox 381 1274 539 1322; x_wconf 89' lang='lat' dir='ltr'><strong>quidem</strong></span> <span class='ocrx_word' id='word_1_181' title='bbox 558 1272 790 1319; x_wconf 86' lang='lat' dir='ltr'><strong>mercedem,</strong></span> <span class='ocrx_word' id='word_1_182' title='bbox 816 1272 1188 1321; x_wconf 84' lang='lat' dir='ltr'><strong>transgredientibus</strong></span> <span class='ocrx_word' id='word_1_183' title='bbox 1208 1285 1342 1322; x_wconf 85' lang='lat' dir='ltr'><strong>poenas</strong></span> <span class='ocrx_word' id='word_1_184' title='bbox 1368 1277 1478 1312; x_wconf 88' lang='lat' dir='ltr'><strong>retri-</strong></span> 
     </span>
     <span class='ocr_line' id='line_1_23' title="bbox 183 1326 1477 1376; baseline 0 -12"><span class='ocrx_word' id='word_1_185' title='bbox 183 1328 319 1364; x_wconf 76' lang='lat' dir='ltr'><strong>buenS.</strong></span> <span class='ocrx_word' id='word_1_186' title='bbox 346 1327 485 1373; x_wconf 85' lang='lat' dir='ltr'><strong>Tertio,</strong></span> <span class='ocrx_word' id='word_1_187' title='bbox 507 1327 686 1363; x_wconf 90' lang='lat' dir='ltr'><strong>imminet</strong></span> <span class='ocrx_word' id='word_1_188' title='bbox 702 1327 783 1374; x_wconf 88' lang='lat' dir='ltr'><strong>regi</strong></span> <span class='ocrx_word' id='word_1_189' title='bbox 800 1337 905 1371; x_wconf 85' lang='lat' dir='ltr'><strong>cura,</strong></span> <span class='ocrx_word' id='word_1_190' title='bbox 923 1330 967 1362; x_wconf 88' lang='lat' dir='ltr'><strong>ut</strong></span> <span class='ocrx_word' id='word_1_191' title='bbox 980 1326 1190 1362; x_wconf 89' lang='lat' dir='ltr'><strong>multitudo</strong></span> <span class='ocrx_word' id='word_1_192' title='bbox 1211 1327 1284 1363; x_wconf 92' lang='lat' dir='ltr'><strong>sibi</strong></span> <span class='ocrx_word' id='word_1_193' title='bbox 1304 1328 1477 1376; x_wconf 89' lang='lat' dir='ltr'><strong>subjecta</strong></span> 
     </span>
     <span class='ocr_line' id='line_1_24' title="bbox 185 1379 1476 1426; baseline 0 -10"><span class='ocrx_word' id='word_1_194' title='bbox 185 1384 320 1417; x_wconf 89' lang='lat' dir='ltr'><strong>contra</strong></span> <span class='ocrx_word' id='word_1_195' title='bbox 338 1379 469 1417; x_wconf 87' lang='lat' dir='ltr'><strong>hostes</strong></span> <span class='ocrx_word' id='word_1_196' title='bbox 489 1384 573 1416; x_wconf 92' lang='lat' dir='ltr'><strong>tuta</strong></span> <span class='ocrx_word' id='word_1_197' title='bbox 592 1379 789 1417; x_wconf 84' lang='lat' dir='ltr'><strong>reddatur.</strong></span> <span class='ocrx_word' id='word_1_198' title='bbox 809 1379 912 1416; x_wconf 87' lang='lat' dir='ltr'><strong>Nihil</strong></span> <span class='ocrx_word' id='word_1_199' title='bbox 940 1380 1045 1416; x_wconf 89' lang='lat' dir='ltr'><strong>enim</strong></span> <span class='ocrx_word' id='word_1_200' title='bbox 1068 1379 1267 1426; x_wconf 85' lang='lat' dir='ltr'><strong>prodesset</strong></span> <span class='ocrx_word' id='word_1_201' title='bbox 1293 1381 1476 1418; x_wconf 80' lang='lat' dir='ltr'><strong>interiora</strong></span> 
     </span>
     <span class='ocr_line' id='line_1_25' title="bbox 185 1431 1368 1481; baseline -0.003 -11"><span class='ocrx_word' id='word_1_202' title='bbox 185 1435 303 1470; x_wconf 86' lang='lat' dir='ltr'><strong>vitare</strong></span> <span class='ocrx_word' id='word_1_203' title='bbox 328 1433 509 1481; x_wconf 88' lang='lat' dir='ltr'><strong>pericula,</strong></span> <span class='ocrx_word' id='word_1_204' title='bbox 531 1433 563 1468; x_wconf 92' lang='lat' dir='ltr'><strong>si</strong></span> <span class='ocrx_word' id='word_1_205' title='bbox 583 1432 631 1469; x_wconf 91' lang='lat' dir='ltr'><strong>ab</strong></span> <span class='ocrx_word' id='word_1_206' title='bbox 646 1432 901 1469; x_wconf 84' lang='lat' dir='ltr'><strong>exterioribus</strong></span> <span class='ocrx_word' id='word_1_207' title='bbox 919 1431 1072 1467; x_wconf 84' lang='lat' dir='ltr'><strong>defendi</strong></span> <span class='ocrx_word' id='word_1_208' title='bbox 1093 1442 1170 1468; x_wconf 90' lang='lat' dir='ltr'><strong>non</strong></span> <span class='ocrx_word' id='word_1_209' title='bbox 1187 1437 1328 1479; x_wconf 90' lang='lat' dir='ltr'><strong>posset.</strong></span> <span class='ocrx_word' id='word_1_210' title='bbox 1352 1447 1368 1467; x_wconf 73' lang='grc' dir='ltr'>ι</span> 
     </span>
     <span class='ocr_line' id='line_1_26' title="bbox 240 1484 1478 1531; baseline -0.001 -9"><span class='ocrx_word' id='word_1_211' title='bbox 240 1486 364 1522; x_wconf 83' lang='lat' dir='ltr'><strong>Vitam</strong></span> <span class='ocrx_word' id='word_1_212' title='bbox 383 1489 642 1522; x_wconf 77' lang='lat' dir='ltr'><strong>conservatam</strong></span> <span class='ocrx_word' id='word_1_213' title='bbox 651 1485 844 1521; x_wconf 85' lang='lat' dir='ltr'><strong>sociorum</strong></span> <span class='ocrx_word' id='word_1_214' title='bbox 859 1484 912 1520; x_wconf 86' lang='lat' dir='ltr'><strong>ad</strong></span> <span class='ocrx_word' id='word_1_215' title='bbox 921 1484 1082 1520; x_wconf 81' lang='lat' dir='ltr'><strong>meliora</strong></span> <span class='ocrx_word' id='word_1_216' title='bbox 1099 1489 1329 1531; x_wconf 83' lang='lat' dir='ltr'><strong>promoveat.</strong></span> <span class='ocrx_word' id='word_1_217' title='bbox 1348 1485 1478 1523; x_wconf 84' lang='lat' dir='ltr'><strong>Restat</strong></span> 
     </span>
     <span class='ocr_line' id='line_1_27' title="bbox 185 1536 1480 1586; baseline -0.001 -11"><span class='ocrx_word' id='word_1_218' title='bbox 185 1538 410 1586; x_wconf 88' lang='lat' dir='ltr'><strong>Legislatori</strong></span> <span class='ocrx_word' id='word_1_219' title='bbox 436 1537 593 1574; x_wconf 88' lang='lat' dir='ltr'><strong>tertium</strong></span> <span class='ocrx_word' id='word_1_220' title='bbox 623 1537 809 1581; x_wconf 86' lang='lat' dir='ltr'><strong>officium,</strong></span> <span class='ocrx_word' id='word_1_221' title='bbox 837 1537 1084 1585; x_wconf 86' lang='lat' dir='ltr'><strong>prosequitur</strong></span> <span class='ocrx_word' id='word_1_222' title='bbox 1113 1536 1164 1576; x_wconf 82' lang='lat' dir='ltr'><strong>ib.</strong></span> <span class='ocrx_word' id='word_1_223' title='bbox 1187 1538 1404 1585; x_wconf 86' lang='lat' dir='ltr'><strong>Angelicus,</strong></span> <span class='ocrx_word' id='word_1_224' title='bbox 1438 1545 1480 1574; x_wconf 92' lang='lat' dir='ltr'><strong>ut</strong></span> 
     </span>
     <span class='ocr_line' id='line_1_28' title="bbox 186 1589 1479 1638; baseline 0 -10"><span class='ocrx_word' id='word_1_225' title='bbox 186 1592 329 1628; x_wconf 88' lang='lat' dir='ltr'><strong>scilicet</strong></span> <span class='ocrx_word' id='word_1_226' title='bbox 344 1591 394 1627; x_wconf 92' lang='lat' dir='ltr'><strong>sit</strong></span> <span class='ocrx_word' id='word_1_227' title='bbox 413 1590 460 1627; x_wconf 88' lang='lat' dir='ltr'><strong>de</strong></span> <span class='ocrx_word' id='word_1_228' title='bbox 480 1590 724 1638; x_wconf 89' lang='lat' dir='ltr'><strong>promotione</strong></span> <span class='ocrx_word' id='word_1_229' title='bbox 749 1590 841 1626; x_wconf 89' lang='lat' dir='ltr'><strong>boni</strong></span> <span class='ocrx_word' id='word_1_230' title='bbox 861 1589 1049 1626; x_wconf 89' lang='lat' dir='ltr'><strong>sollicitus</strong></span> <span class='ocrx_word' id='word_1_231' title='bbox 1071 1600 1079 1625; x_wconf 92' lang='lat'><strong>:</strong></span> <span class='ocrx_word' id='word_1_232' title='bbox 1105 1603 1121 1623; x_wconf 90' lang='lat'><strong>‹</strong></span> <span class='ocrx_word' id='word_1_233' title='bbox 1143 1590 1246 1637; x_wconf 92' lang='lat' dir='ltr'><strong>quod</strong></span> <span class='ocrx_word' id='word_1_234' title='bbox 1266 1591 1311 1626; x_wconf 85' lang='lat' dir='ltr'><strong>fit</strong></span> <span class='ocrx_word' id='word_1_235' title='bbox 1327 1590 1420 1628; x_wconf 91' lang='lat' dir='ltr'><strong>dum</strong></span> <span class='ocrx_word' id='word_1_236' title='bbox 1441 1593 1479 1628; x_wconf 86' lang='lat' dir='ltr'><strong>in</strong></span> 
     </span>
     <span class='ocr_line' id='line_1_29' title="bbox 187 1641 1481 1692; baseline 0 -12"><span class='ocrx_word' id='word_1_237' title='bbox 187 1644 348 1692; x_wconf 87' lang='lat' dir='ltr'><strong>singulis</strong></span> <span class='ocrx_word' id='word_1_238' title='bbox 373 1653 461 1691; x_wconf 81' lang='lat' dir='ltr'><strong>quae</strong></span> <span class='ocrx_word' id='word_1_239' title='bbox 477 1643 678 1691; x_wconf 78' lang='lat' dir='ltr'><strong>praemissa</strong></span> <span class='ocrx_word' id='word_1_240' title='bbox 693 1647 796 1688; x_wconf 91' lang='lat' dir='ltr'><strong>sunt,</strong></span> <span class='ocrx_word' id='word_1_241' title='bbox 815 1643 847 1679; x_wconf 92' lang='lat' dir='ltr'><strong>si</strong></span> <span class='ocrx_word' id='word_1_242' title='bbox 868 1641 960 1689; x_wconf 92' lang='lat' dir='ltr'><strong>quid</strong></span> <span class='ocrx_word' id='word_1_243' title='bbox 986 1642 1250 1679; x_wconf 90' lang='lat' dir='ltr'><strong>inordinatum</strong></span> <span class='ocrx_word' id='word_1_244' title='bbox 1271 1648 1340 1689; x_wconf 91' lang='lat' dir='ltr'><strong>est,</strong></span> <span class='ocrx_word' id='word_1_245' title='bbox 1359 1646 1481 1681; x_wconf 84' lang='lat' dir='ltr'><strong>corri-</strong></span> 
     </span>
     <span class='ocr_line' id='line_1_30' title="bbox 186 1695 1480 1744; baseline -0.001 -11"><span class='ocrx_word' id='word_1_246' title='bbox 186 1708 283 1744; x_wconf 76' lang='lat' dir='ltr'><strong>=qere,</strong></span> <span class='ocrx_word' id='word_1_247' title='bbox 305 1697 337 1732; x_wconf 91' lang='lat' dir='ltr'><strong>si</strong></span> <span class='ocrx_word' id='word_1_248' title='bbox 354 1695 447 1743; x_wconf 91' lang='lat' dir='ltr'><strong>quid</strong></span> <span class='ocrx_word' id='word_1_249' title='bbox 474 1695 594 1741; x_wconf 87' lang='lat' dir='ltr'><strong>deest,</strong></span> <span class='ocrx_word' id='word_1_250' title='bbox 614 1695 802 1743; x_wconf 82' lang='lat' dir='ltr'><strong>supplere,</strong></span> <span class='ocrx_word' id='word_1_251' title='bbox 823 1695 855 1731; x_wconf 87' lang='lat' dir='ltr'><strong>si</strong></span> <span class='ocrx_word' id='word_1_252' title='bbox 875 1695 970 1742; x_wconf 92' lang='lat' dir='ltr'><strong>quid</strong></span> <span class='ocrx_word' id='word_1_253' title='bbox 987 1695 1126 1731; x_wconf 92' lang='lat' dir='ltr'><strong>melius</strong></span> <span class='ocrx_word' id='word_1_254' title='bbox 1142 1696 1225 1732; x_wconf 87' lang='lat' dir='ltr'><strong>fieri</strong></span> <span class='ocrx_word' id='word_1_255' title='bbox 1245 1701 1386 1744; x_wconf 91' lang='lat' dir='ltr'><strong>potest,</strong></span> <span class='ocrx_word' id='word_1_256' title='bbox 1401 1702 1480 1733; x_wconf 90' lang='lat' dir='ltr'><strong>stu-</strong></span> 
     </span>
     <span class='ocr_line' id='line_1_31' title="bbox 187 1747 1479 1797; baseline -0.001 -11"><span class='ocrx_word' id='word_1_257' title='bbox 187 1749 253 1786; x_wconf 89' lang='lat' dir='ltr'><strong>det</strong></span> <span class='ocrx_word' id='word_1_258' title='bbox 262 1749 457 1797; x_wconf 77' lang='lat' dir='ltr'><strong>perficere.</strong></span> <span class='ocrx_word' id='word_1_259' title='bbox 474 1747 582 1785; x_wconf 87' lang='lat' dir='ltr'><strong>Unde</strong></span> <span class='ocrx_word' id='word_1_260' title='bbox 598 1752 636 1785; x_wconf 90' lang='lat' dir='ltr'><strong>et</strong></span> <span class='ocrx_word' id='word_1_261' title='bbox 654 1748 881 1796; x_wconf 85' lang='lat' dir='ltr'><strong>Apostolusl</strong></span> <span class='ocrx_word' id='word_1_262' title='bbox 902 1747 1076 1785; x_wconf 76' lang='lat' dir='ltr'><strong>Corinth.</strong></span> <span class='ocrx_word' id='word_1_263' title='bbox 1089 1748 1168 1794; x_wconf 83' lang='grc' dir='ltr'><strong>ΧΠ,</strong></span> <span class='ocrx_word' id='word_1_264' title='bbox 1187 1748 1318 1785; x_wconf 85' lang='lat' dir='ltr'><strong>fideles</strong></span> <span class='ocrx_word' id='word_1_265' title='bbox 1334 1755 1479 1795; x_wconf 89' lang='lat' dir='ltr'><strong>monet,</strong></span> 
     </span>
     <span class='ocr_line' id='line_1_32' title="bbox 188 1800 1484 1850; baseline 0.001 -12"><span class='ocrx_word' id='word_1_266' title='bbox 188 1806 232 1838; x_wconf 88' lang='lat' dir='ltr'><strong>ut</strong></span> <span class='ocrx_word' id='word_1_267' title='bbox 250 1812 402 1848; x_wconf 90' lang='lat' dir='ltr'><strong>semper</strong></span> <span class='ocrx_word' id='word_1_268' title='bbox 429 1801 663 1837; x_wconf 88' lang='lat' dir='ltr'><strong>aemulentur</strong></span> <span class='ocrx_word' id='word_1_269' title='bbox 682 1800 918 1837; x_wconf 88' lang='lat' dir='ltr'><strong>charismata</strong></span> <span class='ocrx_word' id='word_1_270' title='bbox 945 1801 1119 1837; x_wconf 87' lang='lat' dir='ltr'><strong>meliora.</strong></span> <span class='ocrx_word' id='word_1_271' title='bbox 1151 1814 1168 1834; x_wconf 71' lang='grc' dir='ltr'><strong>ι</strong></span> <span class='ocrx_word' id='word_1_272' title='bbox 1190 1801 1369 1839; x_wconf 82' lang='lat' dir='ltr'><strong>Attamen</strong></span> <span class='ocrx_word' id='word_1_273' title='bbox 1393 1803 1484 1850; x_wconf 91' lang='lat' dir='ltr'><strong>quia</strong></span> 
     </span>
     <span class='ocr_line' id='line_1_33' title="bbox 189 1853 1481 1903; baseline 0.001 -12"><span class='ocrx_word' id='word_1_274' title='bbox 189 1856 271 1892; x_wconf 85' lang='lat' dir='ltr'><strong>haec</strong></span> <span class='ocrx_word' id='word_1_275' title='bbox 288 1854 420 1890; x_wconf 84' lang='lat' dir='ltr'><strong>omnia</strong></span> <span class='ocrx_word' id='word_1_276' title='bbox 435 1854 648 1902; x_wconf 86' lang='lat' dir='ltr'><strong>Legislator</strong></span> <span class='ocrx_word' id='word_1_277' title='bbox 666 1865 736 1902; x_wconf 90' lang='lat' dir='ltr'><strong>per</strong></span> <span class='ocrx_word' id='word_1_278' title='bbox 750 1854 1003 1901; x_wconf 89' lang='lat' dir='ltr'><strong>semetipsum</strong></span> <span class='ocrx_word' id='word_1_279' title='bbox 1023 1853 1146 1891; x_wconf 83' lang='lat' dir='ltr'><strong>facere</strong></span> <span class='ocrx_word' id='word_1_280' title='bbox 1164 1853 1392 1892; x_wconf 86' lang='lat' dir='ltr'><strong>difficillime</strong></span> <span class='ocrx_word' id='word_1_281' title='bbox 1416 1866 1481 1903; x_wconf 90' lang='lat' dir='ltr'><strong>po-</strong></span> 
     </span>
     <span class='ocr_line' id='line_1_34' title="bbox 188 1905 1484 1954; baseline 0.002 -12"><span class='ocrx_word' id='word_1_282' title='bbox 188 1912 276 1953; x_wconf 86' lang='lat' dir='ltr'><strong>test,</strong></span> <span class='ocrx_word' id='word_1_283' title='bbox 305 1908 337 1943; x_wconf 89' lang='lat' dir='ltr'><strong>si</strong></span> <span class='ocrx_word' id='word_1_284' title='bbox 363 1907 480 1943; x_wconf 89' lang='lat' dir='ltr'><strong>etiam</strong></span> <span class='ocrx_word' id='word_1_285' title='bbox 501 1907 637 1954; x_wconf 90' lang='lat' dir='ltr'><strong>possit,</strong></span> <span class='ocrx_word' id='word_1_286' title='bbox 665 1905 780 1943; x_wconf 90' lang='lat' dir='ltr'><strong>debet</strong></span> <span class='ocrx_word' id='word_1_287' title='bbox 805 1906 1015 1943; x_wconf 88' lang='lat' dir='ltr'><strong>adsciscere</strong></span> <span class='ocrx_word' id='word_1_288' title='bbox 1043 1907 1145 1943; x_wconf 84' lang='lat' dir='ltr'><strong>viros</strong></span> <span class='ocrx_word' id='word_1_289' title='bbox 1174 1906 1394 1954; x_wconf 88' lang='lat' dir='ltr'><strong>prudentes,</strong></span> <span class='ocrx_word' id='word_1_290' title='bbox 1426 1918 1484 1945; x_wconf 84' lang='lat' dir='ltr'><strong>sa-</strong></span> 
     </span>
     <span class='ocr_line' id='line_1_35' title="bbox 188 1959 1480 2007; baseline 0 -11"><span class='ocrx_word' id='word_1_291' title='bbox 188 1961 351 2007; x_wconf 86' lang='lat' dir='ltr'><strong>pientes,</strong></span> <span class='ocrx_word' id='word_1_292' title='bbox 370 1960 535 2007; x_wconf 65' lang='lat' dir='ltr'><strong>,Jprobos‚</strong></span> <span class='ocrx_word' id='word_1_293' title='bbox 562 1963 600 1996; x_wconf 88' lang='lat' dir='ltr'><strong>et</strong></span> <span class='ocrx_word' id='word_1_294' title='bbox 616 1969 751 1996; x_wconf 91' lang='lat' dir='ltr'><strong>eorum</strong></span> <span class='ocrx_word' id='word_1_295' title='bbox 774 1959 934 1996; x_wconf 89' lang='lat' dir='ltr'><strong>consilio</strong></span> <span class='ocrx_word' id='word_1_296' title='bbox 963 1959 1131 2007; x_wconf 90' lang='lat' dir='ltr'><strong>aptiores</strong></span> <span class='ocrx_word' id='word_1_297' title='bbox 1155 1959 1258 2007; x_wconf 87' lang='lat' dir='ltr'><strong>leges</strong></span> <span class='ocrx_word' id='word_1_298' title='bbox 1287 1959 1450 1996; x_wconf 90' lang='lat' dir='ltr'><strong>condere</strong></span> <span class='ocrx_word' id='word_1_299' title='bbox 1472 1971 1480 1996; x_wconf 88' lang='lat'><strong>:</strong></span> 
     </span>
     <span class='ocr_line' id='line_1_36' title="bbox 189 2011 1482 2060; baseline 0.001 -12"><span class='ocrx_word' id='word_1_300' title='bbox 189 2013 381 2060; x_wconf 84' lang='lat' dir='ltr'><strong>praecipue</strong></span> <span class='ocrx_word' id='word_1_301' title='bbox 406 2023 495 2049; x_wconf 89' lang='lat' dir='ltr'><strong>vero</strong></span> <span class='ocrx_word' id='word_1_302' title='bbox 523 2011 702 2048; x_wconf 87' lang='lat' dir='ltr'><strong>Rectores</strong></span> <span class='ocrx_word' id='word_1_303' title='bbox 725 2012 924 2048; x_wconf 85' lang='lat' dir='ltr'><strong>civitatum</strong></span> <span class='ocrx_word' id='word_1_304' title='bbox 943 2011 1001 2049; x_wconf 89' lang='lat' dir='ltr'><strong>vel</strong></span> <span class='ocrx_word' id='word_1_305' title='bbox 1026 2012 1328 2059; x_wconf 85' lang='lat' dir='ltr'><strong>municipiorum</strong></span> <span class='ocrx_word' id='word_1_306' title='bbox 1349 2023 1482 2049; x_wconf 90' lang='lat' dir='ltr'><strong>consu-</strong></span> 
     </span>
     <span class='ocr_line' id='line_1_37' title="bbox 189 2064 1482 2112; baseline 0.001 -12"><span class='ocrx_word' id='word_1_307' title='bbox 189 2065 279 2109; x_wconf 85' lang='lat' dir='ltr'><strong>lere,</strong></span> <span class='ocrx_word' id='word_1_308' title='bbox 301 2069 344 2100; x_wconf 92' lang='lat' dir='ltr'><strong>ut</strong></span> <span class='ocrx_word' id='word_1_309' title='bbox 364 2064 436 2111; x_wconf 91' lang='lat' dir='ltr'><strong>ipsi</strong></span> <span class='ocrx_word' id='word_1_310' title='bbox 463 2064 631 2101; x_wconf 83' lang='lat' dir='ltr'><strong>referant</strong></span> <span class='ocrx_word' id='word_1_311' title='bbox 648 2065 788 2112; x_wconf 90' lang='lat' dir='ltr'><strong>quibus</strong></span> <span class='ocrx_word' id='word_1_312' title='bbox 811 2065 944 2112; x_wconf 90' lang='lat' dir='ltr'><strong>populi</strong></span> <span class='ocrx_word' id='word_1_313' title='bbox 970 2064 1042 2100; x_wconf 92' lang='lat' dir='ltr'><strong>sibi</strong></span> <span class='ocrx_word' id='word_1_314' title='bbox 1068 2064 1292 2101; x_wconf 87' lang='lat' dir='ltr'><strong>immediate</strong></span> <span class='ocrx_word' id='word_1_315' title='bbox 1322 2065 1482 2111; x_wconf 79' lang='lat' dir='ltr'><strong>subjecti</strong></span> 
     </span>
     <span class='ocr_line' id='line_1_38' title="bbox 189 2116 1482 2165; baseline 0.002 -13"><span class='ocrx_word' id='word_1_316' title='bbox 189 2116 377 2165; x_wconf 85' lang='lat' dir='ltr'><strong>indigent,</strong></span> <span class='ocrx_word' id='word_1_317' title='bbox 402 2121 440 2153; x_wconf 90' lang='lat' dir='ltr'><strong>et</strong></span> <span class='ocrx_word' id='word_1_318' title='bbox 455 2116 558 2164; x_wconf 87' lang='lat' dir='ltr'><strong>leges</strong></span> <span class='ocrx_word' id='word_1_319' title='bbox 576 2117 750 2154; x_wconf 85' lang='lat' dir='ltr'><strong>ferantur</strong></span> <span class='ocrx_word' id='word_1_320' title='bbox 772 2117 904 2165; x_wconf 92' lang='lat' dir='ltr'><strong>quales</strong></span> <span class='ocrx_word' id='word_1_321' title='bbox 921 2117 1156 2154; x_wconf 87' lang='lat' dir='ltr'><strong>conveniunt</strong></span> <span class='ocrx_word' id='word_1_322' title='bbox 1176 2117 1248 2153; x_wconf 90' lang='lat' dir='ltr'><strong>toti</strong></span> <span class='ocrx_word' id='word_1_323' title='bbox 1270 2119 1482 2154; x_wconf 91' lang='lat' dir='ltr'><strong>communi-</strong></span> 
     </span>
     <span class='ocr_line' id='line_1_39' title="bbox 190 2169 1483 2218; baseline 0.002 -14"><span class='ocrx_word' id='word_1_324' title='bbox 190 2170 273 2206; x_wconf 84' lang='lat' dir='ltr'><strong>tati.</strong></span> <span class='ocrx_word' id='word_1_325' title='bbox 295 2189 339 2196; x_wconf 90' lang='lat'>—</span> <span class='ocrx_word' id='word_1_326' title='bbox 357 2169 405 2205; x_wconf 94' lang='lat' dir='ltr'><strong>Ut</strong></span> <span class='ocrx_word' id='word_1_327' title='bbox 421 2174 550 2205; x_wconf 89' lang='lat' dir='ltr'><strong>autem</strong></span> <span class='ocrx_word' id='word_1_328' title='bbox 564 2169 667 2218; x_wconf 83' lang='lat' dir='ltr'><strong>leges</strong></span> <span class='ocrx_word' id='word_1_329' title='bbox 687 2181 801 2206; x_wconf 93' lang='lat' dir='ltr'><strong>suum</strong></span> <span class='ocrx_word' id='word_1_330' title='bbox 815 2175 1100 2218; x_wconf 89' lang='lat' dir='ltr'><strong>consequantur</strong></span> <span class='ocrx_word' id='word_1_331' title='bbox 1115 2169 1309 2215; x_wconf 83' lang='lat' dir='ltr'><strong>effectum,</strong></span> <span class='ocrx_word' id='word_1_332' title='bbox 1330 2176 1483 2207; x_wconf 86' lang='lat' dir='ltr'><strong>careant</strong></span> 
     </span>
    </p>
   </div>
   <div class='ocr_carea' id='block_1_3' title="bbox 191 2222 1481 2312">
    <p class='ocr_par' dir='ltr' id='par_1_3' title="bbox 191 2222 1481 2312">
     <span class='ocr_line' id='line_1_40' title="bbox 191 2222 1481 2271; baseline 0.002 -13"><span class='ocrx_word' id='word_1_333' title='bbox 191 2223 424 2259; x_wconf 84' lang='lat' dir='ltr'><strong>obscuritate</strong></span> <span class='ocrx_word' id='word_1_334' title='bbox 443 2227 481 2258; x_wconf 89' lang='lat' dir='ltr'><strong>et</strong></span> <span class='ocrx_word' id='word_1_335' title='bbox 499 2223 814 2270; x_wconf 72' lang='lat' dir='ltr'><strong>aequivocatione,</strong></span> <span class='ocrx_word' id='word_1_336' title='bbox 833 2234 910 2260; x_wconf 90' lang='lat' dir='ltr'><strong>non</strong></span> <span class='ocrx_word' id='word_1_337' title='bbox 934 2227 1134 2260; x_wconf 84' lang='lat' dir='ltr'><strong>mutentur</strong></span> <span class='ocrx_word' id='word_1_338' title='bbox 1152 2232 1276 2269; x_wconf 89' lang='lat' dir='ltr'><strong>neque</strong></span> <span class='ocrx_word' id='word_1_339' title='bbox 1297 2222 1481 2271; x_wconf 84' lang='lat' dir='ltr'><strong>multipli-</strong></span> 
     </span>
     <span class='ocr_line' id='line_1_41' title="bbox 191 2275 679 2312; baseline -0.002 0"><span class='ocrx_word' id='word_1_340' title='bbox 191 2279 327 2312; x_wconf 84' lang='lat' dir='ltr'><strong>centur</strong></span> <span class='ocrx_word' id='word_1_341' title='bbox 341 2275 422 2312; x_wconf 85' lang='lat' dir='ltr'><strong>sine</strong></span> <span class='ocrx_word' id='word_1_342' title='bbox 441 2275 679 2312; x_wconf 88' lang='lat' dir='ltr'><strong>necessitate.</strong></span> 
     </span>
    </p>
   </div>
  </div>
 </body>
</html>
