1554 2569
1091 85 1165 92 κ

161 108 207 141 20
257 117 383 142 ETHICA
391 117 461 142 LIB.
473 118 497 142 1.
512 118 588 143 CAP.
600 118 641 143 11.
657 117 700 143 DE
714 118 856 143 NATURA
865 118 985 143 ULTnn
1000 118 1093 143 1⁷1le
1102 117 1258 143 HUMANAE
1266 117 1358 143 '411‘AE

161 187 364 234 (Domine),
378 188 429 224 ad
445 193 477 224 te
492 200 507 233 ;
524 193 557 225 et
566 189 774 236 inquietum
794 194 846 226 est
862 194 1103 226 cor-nostrum
1121 189 1452 226 donecraouiescat

163 241 205 276 in
225 245 270 277 te.

210 295 295 330 Haec
318 293 492 331 doctrina
519 295 572 330 ita
592 300 648 331 est
670 299 810 331 ranem
832 299 1041 331 conformis
1064 299 1101 331 et
1122 299 1268 342 aperta,
1293 300 1335 330 ut
1355 305 1451 342 prae-

160 346 386 382 clarioribus
407 348 523 383 etlam
539 347 777 394 philosophis
795 347 956 383 ethnicis
974 348 1086 384 suerit
1104 348 1280 395 probata.
1302 347 1452 383 Etenim

159 398 268 434 Plato
290 399 420 434 docuit
436 410 514 435 non
537 410 619 436 esse
640 400 839 436 hominem
860 400 1019 436 beatum
1042 415 1058 433 «z
1079 400 1269 436 fruentem
1292 410 1452 447 corpore

161 450 217 486 vel
236 450 427 487 fruentem
448 453 593 497 animo,
624 452 690 488 sed
717 452 907 488 fruentem
928 453 1005 489 Deo
1034 464 1042 489 :
1065 464 1142 488 non
1169 453 1267 488 sicut
1291 462 1452 499 corpore

159 503 216 538 vel
243 513 282 539 se
303 504 387 549 ipso
414 505 580 550 animus,
607 509 674 540 aut
694 506 790 540 sicut
817 506 942 541 amico
966 506 1124 547 amicus,
1155 505 1221 541 sed
1249 505 1345 541 sicut
1369 504 1452 539 luce

161 556 293 592 oculus
316 571 349 600 ι,
369 561 411 592 ut
426 558 460 593 S.
480 559 718 604 Augustinus
732 558 785 593 ait
801 559 878 594 VIII
893 558 948 594 De
960 558 1122 595 Ciuitate
1141 558 1226 601 Dez',
1248 558 1338 603 Cap.
1358 558 1450 593 VIII.

160 610 242 651 Qua
261 610 299 645 in
317 610 507 646 sententia
531 611 681 646 Platoni
697 610 780 657 jam
804 611 1006 658 praeiverat
1033 611 1171 647 Schola
1192 610 1333 653 italica,
1357 609 1452 646 duce

160 661 390 709 Pythagora,
410 663 586 699 utvidere
602 668 658 699 est
668 664 770 710 apud
785 663 1018 700 Clementem
1033 663 1339 700 Alexandrinum
1353 663 1452 699 Stro-

160 719 299 750 matum
314 715 392 751 Lib.
409 716 454 760 11,
469 715 750 752 Theodoretum
768 716 823 752 De
842 726 936 753 eura
952 716 1171 754 Groecamm
1186 717 1310 762 affect.
1330 716 1449 751 Serm.

160 768 214 811 XI,
246 772 282 803 et
305 767 408 814 apud
428 770 589 816 August.
620 770 688 816 Op.
720 773 758 805 et
775 769 843 805 lib.
872 770 937 806 cit.
965 769 1145 805 Similiter
1164 771 1201 805 et
1231 767 1453 805 Aristoteles

161 821 198 855 in
221 821 247 856 X
266 821 494 857 Etltz'corum
520 822 610 868 Cap.
632 823 677 857 VI
698 826 734 858 et
760 833 867 870 seqq.
888 826 992 858 totus
1010 826 1066 858 est
1086 822 1125 858 in
1149 821 1451 858 demonstrando

164 873 379 909 humanam
406 874 626 910 felicitatem
653 885 736 911 esse
764 875 803 910 in
830 876 970 911 mentis
996 875 1223 922 operatione
1245 885 1323 921 qua
1353 875 1452 909 Deus

158 926 413 972 cognoscitur.

204 979 269 1015 111.
288 979 339 1015 De
361 980 506 1025 dupiici
524 980 768 1017 beatitudine
788 981 961 1017 naturali
977 983 1017 1017 et
1035 980 1336 1026 supernaturali.
1357 979 1453 1021 Quia

159 1031 359 1067 beatitudo
391 1032 600 1079 subjectiva
626 1043 693 1068 seu
719 1033 891 1069 formalis
921 1036 979 1068 est
1012 1032 1167 1080 adeptio
1203 1031 1451 1069 beatitudinis

161 1083 369 1131 objectivae‚
406 1085 581 1132 sequitur
611 1085 893 1121 beatitudinem
932 1086 1101 1121 hominis
1130 1085 1333 1121 formalem
1368 1094 1451 1119 esse

159 1138 198 1172 in
220 1136 424 1183 adeptione
445 1142 482 1173 et
502 1139 741 1185 possessione
763 1139 842 1174 Dei.
857 1138 929 1175 Sed
949 1137 1331 1174 animadvertendum
1347 1136 1450 1184 quod

159 1199 247 1225 cum
268 1189 351 1226 haec
372 1190 525 1237 adeptio
548 1201 615 1237 per
641 1195 749 1227 actus
775 1191 990 1227 intellectus
1017 1194 1052 1227 et
1078 1190 1284 1226 voluntatis
1308 1190 1453 1226 habea-

159 1246 234 1285 tur,
262 1242 471 1278 secundum
506 1243 674 1279 diversos
706 1244 843 1279 modos
875 1243 1131 1291 cognoscendi
1157 1244 1276 1279 Deum
1304 1242 1452 1278 diversa

161 1294 412 1341 distinguitur
432 1296 645 1332 beatitudo.
675 1297 805 1332 Potest
825 1297 929 1332 enim
958 1297 1058 1333 Deus
1085 1307 1107 1332 a
1135 1296 1246 1332 nobiS
1271 1296 1450 1343 cognosci

158 1347 288 1394 prouti
312 1348 351 1383 in
374 1358 414 1383 se
436 1352 506 1393 est,
531 1359 599 1395 per
623 1349 809 1385 visionem
829 1360 967 1395 nempe
989 1349 1207 1385 intuitiVam
1229 1359 1306 1394 qua
1327 1358 1453 1384 essen·

161 1401 216 1436 tia
238 1400 365 1436 dlvina
385 1401 610 1437 immediate
630 1406 672 1437 ut
690 1406 746 1438 est
771 1403 808 1437 in
827 1413 865 1438 se
886 1403 1049 1447 videtur,
1071 1406 1108 1438 et
1128 1405 1253 1449 potest
1272 1401 1452 1448 cognosci

161 1453 218 1489 vel
236 1453 456 1500 cognitione
478 1455 688 1490 scientifica
708 1466 775 1491 seu
795 1456 1028 1491 abstractiva
1045 1455 1098 1501 (L.
1122 1457 1155 1498 9,
1178 1456 1224 1500 Il)
1247 1466 1293 1491 ex
1307 1457 1453 1490 creatu-

162 1507 228 1551 ris,
249 1507 304 1542 vel
326 1507 545 1554 cognitione
562 1507 696 1544 habita
714 1519 783 1556 per
805 1509 923 1544 fidem
941 1510 997 1554 (O.
1021 1511 1079 1553 32,
1098 1509 1188 1554 VII).
1211 1509 1366 1545 Seclusa
1383 1508 1452 1544 hac

161 1559 379 1605 cognitione
406 1570 473 1605 per
502 1559 632 1605 fidem,
663 1560 708 1596 de
735 1571 812 1608 qua
838 1561 933 1596 nihil
967 1561 1007 1596 in
1035 1561 1217 1608 praesenti
1248 1560 1450 1596 dicendum

163 1612 338 1655 occurrit,
366 1617 540 1649 remanet
565 1614 732 1660 cognitio
762 1614 990 1650 abstractiva
1011 1618 1047 1649 et
1067 1614 1235 1661 cognitio
1259 1613 1450 1658 intuitiva‚

162 1674 241 1707 seu,
265 1667 306 1699 ut
327 1664 497 1712 theologi
521 1666 745 1713 loquuntur,
770 1666 937 1714 cognitio
959 1666 1135 1712 facialis.
1162 1667 1291 1702 PrIma
1314 1666 1452 1702 dicitur

163 1717 350 1753 naturalis
371 1719 462 1765 quia
480 1719 723 1755 connaturali
741 1720 857 1756 modo
874 1720 1129 1766 cognoscendi
1152 1720 1289 1756 animm
1310 1722 1452 1756 nostrae

163 1771 381 1818 respondet,
405 1775 442 1806 et
465 1773 562 1808 Deus
594 1773 770 1820 cognitus
791 1772 1007 1819 perfectiori
1038 1773 1155 1809 modo
1189 1783 1266 1821 quo
1288 1783 1310 1808 a
1342 1772 1452 1808 nobis

162 1823 298 1870 attingi
315 1828 439 1869 potest
456 1825 676 1872 cognitione
696 1825 770 1862 ista
787 1826 1031 1870 abstractiva,
1052 1830 1108 1862 est
1129 1825 1321 1872 objectum
1337 1825 1453 1861 beati·

164 1875 304 1912 tudinis
324 1876 523 1920 naturalis,
550 1877 623 1914 hoc
640 1882 697 1914 est
721 1878 960 1926 respondens
980 1878 1147 1915 naturali
1167 1879 1366 1926 exigentiae
1383 1888 1451 1914 na-

163 1932 257 1963 turae
275 1933 430 1971 nostrae‚
449 1939 536 1976 quae
554 1941 621 1977 per
638 1930 877 1967 intellectum
895 1931 1091 1978 cognoscit
1110 1931 1309 1967 Infinitum
1329 1933 1365 1966 et
1386 1941 1453 1976 per

160 1979 399 2017 voluntatem
418 1982 564 2029 appetit
584 1983 692 2028 illud,
715 1988 757 2019 ut
777 1994 938 2020 numero
959 1983 1191 2031 praecedenti
1214 1983 1359 2020 dictum
1381 1986 1451 2019 est.

159 2033 208 2068 At
228 2032 423 2069 beatitudo
446 2035 608 2080 facialis
637 2040 694 2071 est
713 2037 1031 2084 supernaturalis,
1059 2036 1132 2073 hoc
1154 2041 1211 2074 est
1234 2047 1351 2084 supra
1377 2037 1452 2072 exi-

163 2084 330 2131 gentiam
348 2087 563 2123 naturalem
580 2088 732 2132 animae,
749 2089 804 2125 ita
823 2094 866 2125 ut
879 2090 954 2126 ista
964 2090 1128 2138 propriis
1143 2090 1286 2126 viribus
1304 2089 1451 2132 relicta,

162 2147 206 2173 ac
232 2138 397 2185 propriis
417 2139 555 2176 mediis
582 2141 821 2178 naturalibus
841 2142 1099 2190 cognoscendi
1118 2146 1243 2188 utens,
1269 2142 1375 2179 illam
1397 2142 1451 2177 vi-

162 2189 309 2225 sionem
328 2190 432 2226 nullo
453 2194 564 2238 pacto
591 2194 812 2241 contingere
834 2196 969 2241 possit.
996 2195 1255 2232 Nihilominus
1279 2195 1453 2232 doctrina

162 2241 368 2280 Catholicae
387 2244 562 2280 Ecclesiae
577 2254 756 2293 expressa
776 2246 813 2282 in
836 2248 950 2284 Sacra
971 2249 1167 2297 Scriptura
1185 2253 1223 2285 et
1240 2247 1399 2285 definita
1412 2248 1452 2284 ir.

163 2295 354 2341 Conciliis,
375 2299 478 2333 tenet
500 2296 777 2335 beatitudinem
799 2303 969 2337 nostram
991 2301 1199 2338 consistere
1220 2312 1298 2338 non
1321 2302 1360 2338 in
1384 2299 1451 2337 Dei

163 2347 435 2397 qualicumque
455 2351 688 2398 cognitione,
704 2351 772 2388 sed
793 2352 832 2389 in
847 2354 1065 2400 cognitione
1077 2354 1234 2401 faciali,
1254 2365 1321 2392 seu
1342 2354 1380 2391 in
1400 2354 1452 2390 vi-
