1554 2569
247 117 328 142 Aur.
357 116 421 141 vu.
449 114 493 140 nr.
517 112 792 142 INDIFFERENTIA
819 113 955 139 seruum
982 111 1202 138 numnonum
1320 101 1363 135 69

82 190 199 223 estut
220 187 428 222 voluntatis
448 191 554 222 actus
574 187 624 222 sit
649 185 847 223 ordinatus
872 185 920 221 ad
941 183 1085 230 aliquid
1113 182 1216 229 quod
1242 186 1298 217 est
1323 182 1366 216 fi-

84 240 156 275 nis.
195 239 269 274 Aut
305 239 424 287 igitur
451 238 675 285 hujusmodi
703 239 791 274 finis
817 241 874 273 est
904 237 1102 273 moraliter
1135 235 1270 278 bonus,
1300 244 1366 269 seu

80 292 260 328 convenit
279 302 366 328 cum
392 291 526 327 ordine
550 296 662 327 rectae
688 291 859 335 rationis,
887 295 924 326 et
946 294 1052 325 actus
1077 289 1149 324 erit
1171 287 1367 323 moraliter

84 345 222 389 bonus,
242 348 310 380 aut
328 348 434 380 actus
458 355 535 379 non
556 349 612 379 est
628 344 675 379 ad
694 344 866 379 debitum
886 344 1002 378 finem
1024 341 1236 384 ordinatus,
1260 343 1297 375 et
1322 336 1379 374 ex'

84 397 159 433 -hoo
178 396 262 444 ipso
283 401 472 443 repugnat
500 397 653 440 rationi,
676 401 713 432 et
741 396 856 432 habet
877 395 1064 431 rationem
1087 393 1179 429 mali
1196 391 1367 428 moralis.

84 450 194 494 Nam,
216 453 259 484 ut
283 449 486 495 Cajetanus
507 448 599 484 dicit
622 449 660 484 in
688 449 757 490 Qu.
786 449 849 484 eit.
875 448 976 483 Artio
1008 447 1068 483 lx.
1097 448 1128 491 ἓ.
1149 446 1336 481 Praeterea
1357 455 1369 478 .·

85 516 105 534 ι
123 502 233 538 Ratio
271 501 519 538 deliberativa
535 501 688 547 quando
710 502 801 548 agit,
821 500 933 537 debet
961 509 1072 547 agere
1090 502 1247 546 propter
1268 497 1369 532 debi-

84 559 170 590 tum
196 556 312 590 finem
336 565 344 589 :
378 554 469 600 quia
501 553 612 589 debet
644 564 755 601 agere
781 565 827 589 ex
856 553 1004 589 ratione
1029 556 1144 588 recta.
1171 551 1286 586 Recta
1307 560 1370 584 au·

84 612 165 643 tem
191 607 289 642 ratio
311 606 442 651 dictat,
461 606 565 653 quod
586 607 791 653 unicuique
817 606 929 641 detur
957 604 1060 651 quod
1088 604 1161 639 sibi
1182 602 1343 638 debetur
1361 612 1368 636 :

82 670 130 696 ac
147 670 216 706 per
230 659 304 695 hoc
326 659 430 706 quod
453 659 552 695 actio
577 658 776 695 ordinetur
801 659 839 694 in
862 659 978 694 finem
1005 657 1191 692 debitum.
1218 655 1256 690 Si
1281 664 1370 701 erge

84 713 181 759 agit,
203 715 240 748 et
265 722 342 747 non
370 716 527 758 propter
552 711 724 746 debitum
748 712 890 756 finem3
919 721 1009 757 ergo
1035 710 1159 756 privat
1183 708 1373 743 actionem

86 766 163 800 fine
178 763 321 809 debito,
337 763 490 809 quando
512 767 676 810 oportet.
693 764 770 799 Hoc
783 767 912 799 autem
930 767 986 798 est
1006 761 1207 797 manifeste
1227 759 1373 795 malum

84 815 291 860 contrarie,
315 815 412 851 sicut
451 816 600 862 privare
626 815 824 851 hominem
860 816 960 850 bono
999 814 1070 850 sibi
1100 813 1243 848 debito.
1276 826 1293 843 »
1330 831 1374 836 —

89 867 206 903 Multa
222 867 298 903 alia
316 867 431 903 habet
449 868 652 914 Cajetanus
668 868 740 904 loc.
761 869 824 904 cit.
844 868 891 903 ad
911 866 1217 903 confirmandam
1235 864 1374 900 thesim

87 920 128 956 S.
149 920 307 956 Thomae
323 930 484 966 eamque
502 920 781 956 defendendam
799 921 845 956 ab
867 918 1226 967 impugnationibus
1244 917 1345 952 Scoti
1364 927 1372 959 ς

87 983 177 1020 quae
207 977 336 1008 tamen
371 973 433 1009 hic
462 973 601 1009 referre
639 973 754 1008 nimis
794 978 891 1009 esset
931 973 1139 1019 prolixum.
1177 969 1373 1006 Adducam

89 1025 362 1061 tantummodo
386 1025 632 1061 difficultates
658 1036 753 1072 quas
775 1025 848 1061 sibi
871 1025 1034 1072 opponit
1060 1028 1097 1060 et
1122 1023 1234 1059 solvit
1257 1022 1375 1068 Ange-

89 1079 185 1114 {icus
204 1077 355 1114 ibidem.

136 1131 197 1166 VI.
212 1130 327 1166 Non.
345 1131 557 1167 Solvuntur
571 1131 836 1168 difficultates.
856 1151 901 1157 -
918 1129 1088 1177 Objectio
1105 1129 1246 1174 prima.
1268 1126 1378 1162 Nulla

90 1183 236 1228 species
261 1186 318 1218 est
343 1193 429 1229 quae
450 1184 520 1218 sub
543 1194 582 1219 se
605 1194 682 1220 non
712 1184 920 1228 contineat,
945 1183 1006 1219 vel
1033 1182 1229 1218 continere
1256 1179 1377 1226 possit

90 1234 249 1280 aliquod
270 1234 525 1270 individuum.
541 1236 655 1282 Atqui
675 1236 813 1283 aliquis
828 1240 935 1271 aetus
952 1235 1145 1270 humanus
1163 1237 1219 1269 est
1234 1230 1379 1267 indiffe-

92 1298 180 1322 rens
200 1287 410 1323 secundum
431 1298 541 1323 suam
560 1289 739 1335 speciem,
761 1292 803 1323 ut
818 1288 964 1324 dictum
984 1291 1041 1323 est
1058 1298 1094 1322 n.
1115 1286 1179 1321 ΙΙΙ.
1199 1285 1297 1331 Ergo
1312 1283 1378 1318 ali-

90 1340 179 1385 quis
196 1344 303 1376 actus
321 1339 514 1376 humanus
531 1340 776 1376 individualis
796 1344 922 1387 potest
939 1350 1019 1376 esse
1040 1338 1273 1374 indifferens.

140 1393 248 1438 Resp.
275 1392 476 1440 Distinguo
502 1393 711 1440 majorem:
740 1393 845 1428 nulla
867 1393 1010 1440 species
1036 1396 1105 1435 est,
1128 1400 1213 1437 quae
1239 1389 1308 1424 sub
1336 1399 1375 1423 se

93 1454 173 1480 non
193 1444 389 1480 contineat
406 1445 465 1481 vel
481 1446 677 1481 continere
697 1446 816 1492 possit
845 1444 1001 1491 aliquod
1038 1442 1281 1479 individuum
1310 1440 1376 1476 sed

94 1501 225 1533 tamen
241 1497 322 1533 sine
338 1498 592 1534 abstractione
602 1508 719 1544 quam
740 1498 855 1534 habet
871 1498 1027 1545 species,
1043 1496 1202 1533 concedo
1219 1499 1276 1540 3et
1289 1503 1378 1529 cum

91 1548 229 1586 eadem
251 1548 506 1586 abstractione
527 1561 644 1597 quam
663 1550 780 1587 habet
801 1551 957 1597 speeies,
978 1560 1083 1595 neyo.
1101 1548 1302 1594 Distinguo
1323 1546 1378 1580 in-

96 1612 212 1648 super
232 1601 439 1638 minorem:
465 1602 611 1649 Aliquis
636 1607 744 1639 actus
769 1602 963 1639 humanus
995 1605 1050 1637 est
1080 1599 1301 1636 indifferens
1324 1608 1380 1633 se·

93 1653 266 1690 cundum
285 1665 395 1690 suam
412 1655 591 1702 speciem,
613 1655 687 1692 hoo
711 1666 824 1691 sensu
850 1654 953 1702 quod
973 1665 1050 1690 non
1076 1653 1215 1688 habeat
1241 1661 1286 1686 ex
1312 1660 1382 1686 sua

96 1707 223 1753 specie
251 1706 354 1754 quod
379 1707 428 1742 sit
454 1707 578 1743 bonus
603 1707 662 1744 vel
689 1708 815 1744 malus
843 1707 1053 1751 moraliter,
1086 1704 1246 1742 concedo
1268 1715 1277 1748 3
1308 1703 1382 1738 hoc

96 1769 212 1795 sensu
229 1758 333 1805 quod
355 1769 402 1795 ex
421 1770 492 1795 sua
510 1760 634 1806 speeie
654 1760 709 1796 ita
727 1761 800 1807 ipsi
827 1760 1012 1796 debeatur
1037 1757 1140 1805 quod
1163 1757 1212 1793 sit
1235 1755 1381 1791 indiffe-

98 1821 199 1856 rens,
225 1814 268 1845 ut
294 1821 371 1846 non
393 1812 513 1858 possit
536 1812 705 1848 ordinari
728 1812 775 1848 ad
802 1813 946 1848 bonum
969 1811 1027 1847 vel
1053 1810 1198 1846 malum
1222 1807 1380 1851 morale,

98 1873 206 1910 ncqo.
223 1862 269 1898 Et
285 1873 383 1911 nego
409 1873 554 1910 conseq.
576 1885 621 1889 —
642 1865 817 1910 Aliquem
837 1869 965 1900 aetum
992 1873 1072 1898 esse
1100 1860 1382 1897 indifferentem

99 1914 310 1951 secundum
325 1926 436 1951 suam
449 1917 614 1963 speciem
634 1921 758 1964 potest
775 1925 855 1952 esse
872 1915 1148 1962 multipliciter.
1168 1914 1249 1949 Uno
1267 1911 1382 1948 modo

99 1968 168 2013 sie,
183 1967 287 2014 quod
303 1978 350 2004 ex
365 1979 435 2004 sua
456 1970 579 2016 specie
603 1969 787 2005 debeatur
805 1969 853 2013 ei,
878 1967 981 2014 quod
1004 1968 1053 2002 sit
1076 1965 1297 2001 indifferens
1317 1975 1324 1999 :
1347 1969 1383 2014 et
1427 1988 1429 1991 .

101 2021 155 2058 sic
174 2021 346 2069 procedit
373 2022 470 2059 ratio
492 2022 700 2059 adversarii
720 2022 759 2058 in
779 2021 936 2058 minori.
959 2019 1031 2056 Sed
1055 2024 1183 2055 tamen
1206 2028 1283 2053 non
1310 2017 1383 2052 isto
1426 2018 1428 2041 3

101 2074 218 2110 modo
244 2075 492 2121 probavimus
508 2086 625 2123 supra
643 2076 860 2123 specificam
886 2072 1185 2109 indifferentiam
1209 2070 1383 2113 aetionis,
1426 2117 1429 2119 Ι

101 2127 194 2173 quia
220 2127 348 2163 nullus
371 2132 478 2164 actus
499 2128 572 2164 hoc
597 2139 710 2164 sensu
737 2131 793 2163 est
821 2138 867 2163 ex
890 2136 959 2162 sua
981 2125 1105 2172 specie
1132 2123 1352 2159 indifferens
1375 2133 1382 2157 :
1426 2127 1430 2152 ἴ

103 2190 181 2215 non
201 2180 304 2216 enim
324 2184 381 2216 est
400 2180 557 2227 aliquod
584 2182 778 2228 obJectum
802 2178 917 2225 (unde
944 2179 1088 2226 petitur
1113 2175 1384 2218 indifferentia)

104 2232 265 2268 humani
287 2237 408 2278 actus,
432 2233 537 2280 quod
557 2245 634 2270 non
655 2233 776 2281 possit
803 2232 973 2268 ordinari
993 2230 1051 2266 vel
1072 2229 1119 2265 ad
1140 2229 1301 2272 malum,
1328 2227 1387 2262 vel

104 2284 153 2321 ad
178 2285 325 2322 bonum
351 2297 419 2334 per
442 2287 559 2323 finem
585 2287 644 2323 vel
663 2284 1006 2323 circumstantiam.
1031 2283 1112 2318 Alio
1139 2280 1255 2317 modo
1280 2284 1387 2316 actus

107 2341 230 2385 potest
246 2338 323 2376 dici
349 2339 571 2378 indifferens
592 2350 638 2376 ex
657 2350 727 2376 sua
748 2339 884 2389 specie,
913 2337 1003 2385 quia
1020 2346 1096 2371 non
1114 2334 1231 2371 habet
1254 2344 1301 2370 ex
1318 2343 1388 2369 sua
