1554 2569
208 323 843 408 PHILOSOPHIAE
920 322 1306 402 MORALIS

521 475 688 520 PARS
729 474 986 520 ALTERA

714 606 793 635 SEU

332 727 562 813 JUS
637 726 1186 810 NATURAE

625 902 883 910 ————-

164 1246 359 1293 Prologus.
372 1247 586 1285 StatuImus
602 1248 640 1284 in
649 1247 789 1285 Ethica
797 1248 988 1295 principia
999 1251 1191 1295 generalia
1206 1256 1290 1293 quae
1300 1251 1407 1282 aetus

115 1298 306 1336 humanos
322 1302 534 1348 rescipiunt
559 1305 642 1337 tum
657 1302 696 1336 in
720 1301 867 1348 seipsis,
890 1304 973 1335 tum
995 1301 1033 1335 in
1052 1299 1185 1335 ordine
1207 1298 1255 1334 ad
1274 1299 1405 1341 finem,

116 1356 200 1388 tum
220 1352 347 1399 quoad
366 1364 501 1390 eorum
522 1354 712 1402 principia
737 1354 957 1397 intrinseca,
981 1357 1064 1387 tum
1085 1351 1250 1398 denique
1279 1350 1407 1398 quoad

115 1415 250 1440 eorum
271 1405 460 1454 principia
478 1407 703 1451 extrinseca,
726 1410 762 1442 et
779 1405 818 1443 in
839 1405 1019 1441 omnibus
1039 1404 1253 1451 reperimus
1276 1403 1315 1439 in
1340 1402 1408 1439 ho-

115 1457 220 1493 mine
235 1459 423 1495 moralem
440 1459 731 1507 obligationem,
758 1469 825 1495 seu
844 1455 1208 1505 officiumtendendi
1226 1456 1265 1491 in
1291 1457 1408 1491 finem

116 1519 196 1546 suae
211 1514 361 1548 naturae
381 1517 696 1557 consentaneum,
709 1515 746 1547 et
760 1510 976 1547 abstinendi
991 1509 1037 1545 ab
1054 1509 1233 1545 omnibus
1247 1508 1407 1552 actibus,

117 1562 184 1609 qui
204 1573 226 1599 a
239 1563 316 1600 fine
334 1564 418 1612 ipso
433 1564 632 1602 hominem
649 1563 866 1600 retrahunt.
891 1563 945 1598 Ex
966 1562 1038 1598 hac
1064 1561 1296 1609 primigenia
1316 1561 1409 1596 obli-

118 1615 285 1662 gatione,
298 1626 344 1653 ex
359 1616 444 1662 hoc,
463 1621 506 1653 ut
525 1617 580 1654 ita
600 1616 740 1662 dicam,
763 1617 895 1652 innato
917 1614 1059 1659 officio,
1086 1617 1298 1650 nascuntur
1311 1613 1411 1660 Jura

117 1668 310 1705 naturalia
324 1669 362 1705 in
380 1669 551 1715 homine,
568 1670 622 1706 ita
638 1680 777 1717 nempe
797 1673 840 1704 ut
855 1669 946 1715 jura
957 1666 1150 1704 naturalia
1175 1666 1304 1702 metiri
1324 1676 1409 1712 pos-

118 1721 240 1757 simus
254 1732 301 1758 ex
317 1722 466 1759 officiis.
498 1723 591 1759 Jura
607 1727 737 1758 autem
756 1726 794 1758 et
833 1721 960 1757 officia
986 1719 1211 1757 correlative.
1242 1723 1344 1761 sunt,
1367 1728 1410 1753 ac

119 1773 356 1810 subaudiunt
367 1785 550 1821 personas
567 1775 733 1811 morales
745 1773 912 1810 diversas
929 1783 1038 1820 :quoe
1053 1781 1228 1819 personoe
1245 1770 1411 1806 morales

119 1829 210 1861 sunt
228 1825 342 1869 Deus,
365 1827 445 1874 ipse
465 1827 588 1870 homo,
610 1826 674 1863 alii
694 1825 876 1862 homines.
897 1825 996 1872 Ergo
1017 1825 1056 1860 in
1085 1828 1325 1860 antecessum
1355 1822 1410 1858 di-

119 1877 286 1914 cendum
305 1883 362 1915 est
388 1878 435 1915 de
455 1878 592 1915 officiis
611 1878 794 1923 hominis,
816 1881 858 1914 ut
878 1877 1084 1924 singularis
1102 1886 1266 1922 persona
1286 1879 1355 1920 est,
1371 1875 1409 1910 in

121 1928 255 1967 ordine
271 1929 320 1967 ad
348 1930 435 1967 illos
454 1931 654 1975 terminos,
681 1934 719 1966 et
746 1928 970 1977 hujusmodi
994 1932 1179 1964 tractatus
1209 1927 1410 1964 constituit

116 1981 186 2028 Jus
198 1987 350 2020 naturoe
364 1983 618 2020 individuale.
633 1981 705 2019 Sed
726 1982 844 2019 homo
862 1986 919 2018 est
938 1981 1096 2029 insuper
1112 1990 1201 2027 pars
1216 1980 1413 2016 societatis

121 2045 208 2082 quoe
229 2040 287 2072 est
305 2036 484 2083 quaed-am
497 2047 660 2084 persona
673 2035 831 2072 moralis
847 2045 856 2080 3
878 2045 968 2082 ergo
986 2038 1023 2070 et
1044 2032 1090 2069 de
1106 2033 1260 2080 juribus
1279 2037 1316 2068 et
1330 2032 1411 2068 offi-

122 2088 191 2124 ciis
202 2087 386 2135 hominis,
408 2094 452 2126 ut
463 2090 558 2126 vivit
577 2089 617 2125 in
637 2089 832 2133 societate,
854 2091 910 2124 est
929 2085 1096 2123 secundo
1114 2086 1198 2122 loeo
1226 2084 1413 2121 disseren-

123 2140 217 2176 dum
239 2151 247 2176 :
269 2145 308 2178 et
334 2140 559 2188 hujusmodi
586 2145 771 2177 tractatus
801 2138 1002 2176 constituit
1027 2137 1096 2185 jus
1125 2136 1280 2174 sociale.
1316 2136 1410 2172 Hine

123 2192 291 2230 secunda
309 2204 398 2242 pars
425 2193 682 2242 philosophiae
702 2191 859 2229 moralis
878 2190 1061 2227 dividitur
1081 2190 1120 2226 in
1141 2189 1238 2226 duos
1258 2189 1377 2225 libros
1397 2199 1407 2224 ε

124 2254 290 2291 quorum
309 2247 458 2294 primus
486 2250 543 2283 est
561 2247 605 2282 de
616 2246 709 2294 jure
733 2243 973 2282 individuali
994 2255 1004 2290 ;
1025 2243 1121 2280 alter
1147 2252 1234 2278 vero
1255 2241 1299 2277 de
1319 2240 1411 2289 J'ure

122 2297 275 2336 nociati.
