1584 2569
205 138 270 173 158
307 146 367 171 ms
385 145 548 171 NATURAE.
560 144 632 170 mn.
656 143 681 168 1.
698 143 780 168 cn.
804 144 858 168 111.
876 143 921 168 DE
938 141 1012 167 OFF.
1033 140 1076 166 ET
1094 141 1170 166 JUR.
1192 140 1278 165 ΗΘΜ.
1298 139 1392 165 ERGA
1402 140 1487 166 amr.

204 224 246 256 ut
271 218 409 256 accidit
435 218 474 253 in
504 227 570 253 reo
591 217 725 252 invaso
747 225 769 250 a
799 213 955 261 publica
972 213 1225 258 auctoritate3
1243 212 1490 249 manifestum

204 276 260 309 est
275 270 379 319 quod
391 271 545 307 invasus
563 273 707 305 tenetur
724 266 982 303 resistentiam
995 265 1184 313 injustam
1196 275 1273 301 non
1285 275 1491 313 apponere.

203 346 249 352 —-
270 325 309 361 4⁰
327 324 498 370 Denique
521 322 683 370 quaestio
705 324 761 356 est
781 319 969 356 exclusive
981 318 1027 355 de
1043 319 1131 366 jure
1151 329 1232 355 sese
1250 317 1492 364 defendendi,
1528 351 1531 356 ,

205 389 283 415 non
308 381 438 414 autem
470 375 517 412 de
550 375 676 411 officio
710 371 878 410 naturali
910 382 919 408 ε
954 371 1097 420 quippe
1131 371 1234 419 quod
1263 371 1493 408 concedatur

140 445 145 477 ς
205 430 476 475 communiter,
498 429 537 465 in
558 426 790 476 quibusdam
823 425 989 470 casibus,
1010 425 1151 472 injuste
1178 425 1351 461 invasum
1384 435 1495 472 posse

206 485 286 521 sine
306 484 463 519 laesione
483 481 614 526 officii,
634 481 712 517 imo
736 489 825 516 cum
846 477 960 514 laude
983 478 1204 514 renuntiare
1226 478 1305 524 juri
1329 488 1409 513 sese
1432 477 1495 513 de-

206 535 385 574 fendendi
406 535 453 571 ab
480 535 624 581 injusta
643 532 901 580 aggressione.
926 551 972 558 —
997 529 1061 566 His
1090 531 1315 577 praenotatis
1338 530 1386 565 sit
1409 540 1494 566 con-

207 590 351 626 clusio:

252 642 331 678 VII.
343 642 509 677 Licitum
526 643 587 677 eet
601 638 807 676 defendere
817 638 1012 684 propriam
1026 638 1150 674 vitam
1166 639 1285 674 etiam
1299 647 1385 675 cum
1397 639 1496 675 occi-

207 697 314 731 sione
323 694 462 740 injusti
474 693 678 736 invasoris,
695 693 851 727 servato
864 694 997 727 tamen
1010 691 1270 726 moderamine
1285 691 1498 736 inculpata*

207 748 358 784 tutelae.
375 746 451 782 Cur
467 745 550 782 haec
567 744 771 789 restrictio,
788 743 834 779 de
851 742 1116 779 moderamine
1134 742 1338 790 inculpatae
1351 743 1493 788 tutelae,

209 803 439 848 apponatur,
457 797 691 846 explicatum
709 796 818 833 estin
836 796 1129 843 praenotamine.
1146 795 1346 832 Conclusio
1368 800 1494 832 autem

209 852 426 889 communis
446 855 502 887 est
522 854 606 887 tum
637 848 879 897 philosophis
905 852 988 884 tum
1024 848 1229 895 theologis,
1256 852 1390 885 contra
1410 848 1497 884 Ger-

210 917 278 942 son
298 905 469 952 aliosque
490 914 659 951 paucos;
688 907 725 938 et
751 902 938 949 probatur
964 901 1125 937 ratione.
1150 901 1186 937 S.
1212 900 1370 937 Thomae
1402 912 1412 937 2
1435 901 1498 937 Se·

211 957 379 995 cundum
393 958 483 1004 Jura
505 956 553 993 ab
581 955 761 992 omnihus
782 954 964 998 admissa,
997 958 1034 989 et
1055 954 1195 989 rationi
1216 954 1384 989 maxime
1409 965 1498 990 con-

212 1021 320 1056 sona,
342 1009 430 1045 licet
455 1009 532 1045 vim
554 1008 590 1044 vi
610 1007 793 1055 repellere
813 1016 901 1043 cum
922 1005 1188 1043 moderamine
1215 1006 1419 1054 inculpatae
1442 1011 1500 1042 tu-

213 1063 311 1100 telae.
335 1062 449 1108 Atqui
473 1059 676 1097 defendere
702 1060 901 1108 propriam
930 1060 1050 1095 vitam
1084 1060 1258 1104 (servatis
1290 1059 1498 1105 servandis,

212 1120 255 1151 ut
273 1114 442 1151 diximus
458 1123 620 1150 numero
642 1112 888 1160 praecedenti)
910 1112 1028 1148 etiam
1043 1122 1131 1147 cum
1153 1112 1342 1148 occisione
1364 1113 1500 1160 injusti

212 1168 397 1204 invasoris
423 1170 479 1203 est
504 1167 581 1202 vim
605 1166 640 1202 vi
667 1165 850 1213 repellere
880 1175 967 1201 cum
998 1164 1262 1201 moderamine
1294 1164 1501 1212 inculpatae

212 1220 357 1256 tutelae.
387 1219 485 1266 Ergo
509 1219 659 1254 licitum
685 1222 743 1254 est
771 1217 973 1253 defendere
1008 1218 1207 1264 propriam
1238 1218 1356 1253 vitam
1383 1218 1501 1254 etiam

213 1283 300 1309 cum
321 1272 510 1308 occisione
536 1271 671 1317 injusti
692 1270 893 1314 invasoriS‚
922 1274 1071 1306 servato
1099 1269 1362 1306 moderamine
1382 1271 1494 1307 incul-

216 1330 314 1373 patae
334 1324 477 1361 tutelae.
496 1323 682 1370 ——Neque
703 1322 806 1359 dicas
826 1322 888 1359 hic
908 1323 970 1370 agi
991 1322 1037 1358 de
1055 1322 1267 1358 homicidio
1287 1333 1295 1357 ε
1322 1333 1413 1359 nam
1434 1323 1500 1360 ho-

216 1377 414 1415 micidium
432 1378 470 1413 in
493 1377 635 1423 injuste
655 1377 788 1412 invaso
813 1379 870 1411 est
896 1380 1037 1422 praeter
1060 1376 1329 1420 intentionem,
1349 1377 1440 1423 quia
1464 1377 1500 1412 id

216 1429 318 1477 quod
339 1428 553 1466 intenditur
572 1433 628 1465 est
651 1429 755 1475 juste
775 1429 853 1464 vim
877 1429 914 1462 vi
938 1428 1163 1475 propulsare
1185 1432 1227 1463 ut
1247 1429 1326 1464 vita
1348 1430 1503 1477 propria

217 1487 472 1526 conservetur,
490 1486 548 1518 est
564 1482 744 1517 reluctari
769 1480 977 1517 obstaculo.
1004 1481 1075 1516 Per
1101 1480 1275 1517 accidens
1296 1486 1425 1518 autem
1449 1487 1504 1518 est

217 1540 253 1572 et
279 1539 420 1582 praeter
442 1535 713 1578 intentionem,
746 1533 850 1580 quod
878 1533 925 1569 ad
954 1533 1195 1569 obstaculum
1230 1534 1505 1570 removendum

217 1588 358 1634 injuste
378 1587 548 1634 positum
575 1590 758 1633 sequatur
782 1585 940 1622 alterius
966 1595 1083 1621 mors.
1112 1599 1128 1617 ‹
1156 1585 1230 1621 Nec
1256 1590 1313 1621 est
1339 1597 1506 1623 necessa—

217 1642 317 1677 rium
349 1640 397 1675 ad
426 1639 604 1683 salutem,
636 1638 831 1674 concludit
865 1638 902 1674 S.
938 1637 1117 1683 Thomas,
1149 1642 1192 1674 ut
1227 1638 1344 1674 homo
1377 1644 1506 1676 actum

218 1692 429 1730 moderatae
441 1692 571 1728 tutelae
586 1691 860 1738 praetermittat
875 1691 923 1727 ad
939 1691 1156 1727 evitandam
1169 1691 1399 1727 occisionem
1418 1692 1508 1728 alte-

219 1747 298 1782 rius
316 1756 324 1781 :
341 1745 436 1793 quia
448 1745 541 1791 plus
561 1749 704 1781 tenetur
719 1744 828 1781 homo
845 1744 934 1780 vitoe
957 1754 1035 1780 suoe
1050 1744 1267 1790 providere,
1289 1754 1403 1791 quam
1421 1746 1507 1781 vitoe

219 1799 368 1835 alienoe.
398 1812 414 1830 ›
439 1818 484 1823 —-
511 1797 604 1842 11-11,
633 1797 702 1839 Qu.
731 1796 852 1842 LXIV,
881 1797 995 1832 Artic.
1023 1796 1101 1831 VII.
1126 1816 1171 1823 —
1198 1797 1279 1838 Qua
1305 1796 1351 1832 de
1381 1808 1508 1843 causa,
1550 1811 1563 1830 .-

220 1852 460 1887 nihilcontra
476 1861 603 1886 mores
620 1851 700 1898 agit
714 1850 844 1897 justus
859 1849 1036 1886 defensor
1054 1851 1222 1897 propriae
1243 1851 1344 1895 vitae,
1364 1854 1407 1886 ut
1426 1861 1509 1898 per·
1551 1892 1555 1897 ,

221 1914 352 1951 peram
375 1902 574 1940 contendit
593 1902 739 1939 Ahrens
768 1914 776 1938 :
807 1903 898 1950 quia
921 1902 1060 1938 occisio
1089 1903 1221 1949 inJ'usti
1246 1903 1444 1949 invasoris,
1473 1904 1511 1939 in
1555 1898 1557 1902 ’

221 1967 323 2001 casu,
339 1966 417 1992 non
437 1960 494 1992 est
512 1965 599 1992 vere
620 1954 877 1992 homicidium
894 1955 1053 1999 morale,
1073 1955 1138 1991 sed
1159 1954 1402 1991 solummodo
1419 1956 1512 2003 phy·
1554 1990 1557 1997 ἱ

222 2010 355 2046 sicum.
379 2009 480 2045 Alias
509 2008 757 2045 difficultates
785 2019 863 2044 non
893 2007 1056 2053 adduco,
1091 2009 1182 2054 quia
1206 2008 1343 2045 veritas
1370 2013 1512 2045 nostrae
1554 2004 1558 2008 ’

223 2062 496 2109 propositionis
532 2065 611 2097 tam
655 2066 788 2109 aperta
833 2065 901 2106 est,
948 2065 1029 2096 tam
1065 2071 1234 2096 consona
1271 2061 1513 2097 inclinationi

225 2118 364 2150 nostrae
379 2118 528 2150 naturae
546 2114 760 2159 rationalis,
780 2118 816 2150 et
835 2113 920 2150 ideo
937 2118 1017 2150 tam
1035 2115 1254 2150 communis
1276 2114 1513 2161 sapientibus

224 2171 260 2203 et
284 2177 362 2202 non
378 2167 630 2213 sapientibus,
647 2172 690 2203 ut
710 2178 819 2204 veras
834 2166 1080 2203 difficultates
1098 2177 1175 2203 non
1187 2167 1370 2214 patiatur.
1386 2166 1513 2203 Videri

225 2223 386 2266 possunt
404 2218 506 2266 apud
526 2219 699 2264 Billuart‚
723 2219 864 2256 Cursus
891 2218 1105 2265 Theoloqioe
1123 2219 1162 2256 in
1178 2219 1263 2256 11-11
1281 2219 1317 2256 S.
1340 2219 1512 2266 Thomae,

227 2273 280 2307 De
305 2272 391 2319 jure
408 2271 625 2320 etjzostitia,
646 2272 807 2309 Dissert.
827 2272 870 2319 X,
889 2272 1004 2309 Artic.
1024 2271 1067 2308 V.
