1554 2569
166 118 249 142 ὲΒΤ.
265 117 316 142 VI.
337 118 380 143 DE
390 118 435 143 ns
446 117 527 147 QUAE
542 118 578 143 ΙΝ
592 117 850 143 VOLUNTAmtm
862 116 1039 141 INFLUUNT
1050 115 1095 141 Ex
1108 114 1223 140 PARTE
1239 114 1336 139 PASS.
1387 103 1431 137 97

143 188 295 224 minuat
312 188 573 225 voluntarium
594 189 759 225 liberum
783 199 791 223 :
814 188 989 235 quinimo
1010 187 1133 234 magis
1157 186 1283 233 ipsum
1304 189 1430 231 auget,

143 240 200 277 vel
216 240 345 288 potius
366 245 424 277 est
442 241 597 288 siynum
616 240 898 288 maynitudinis
920 241 1016 287 ejus,
1037 240 1268 286 inquantum
1291 237 1434 273 scillcet

142 292 383 329 demonstrat
406 293 662 329 intentionem
681 292 891 329 voluntatis
915 291 963 328 ad
988 295 1131 328 actum.
1158 291 1204 326 Et
1222 289 1296 326 hoc
1321 299 1433 325 sensu

143 356 274 381 verum
300 350 358 382 est
387 345 505 394 quod,
533 350 676 393 quanto
701 345 838 392 aliquis
864 345 1003 392 majori
1033 343 1192 380 libidine
1216 342 1274 379 vel
1298 352 1433 378 concu-

143 398 328 445 piscentia
345 402 488 446 peccat,
511 402 618 435 tanto
636 399 760 446 magis
780 402 911 446 peccat
925 408 935 443 ς
951 397 1060 445 cujus
1085 396 1322 433 contrarium
1340 395 1433 430 acci-

142 451 232 487 dere
250 450 421 487 diximus
441 450 569 499 quoad
592 451 944 498 concupiscentiam
968 449 1269 486 antecedentem.
1290 447 1431 489 -1-11.

143 504 213 545 Qu.
234 504 404 549 LXXVII,
421 504 537 540 Artic.
556 504 617 540 VI.

190 557 269 591 VII.
292 557 421 593 Metus
438 557 561 593 notio.
589 557 710 593 Metus
730 557 804 601 (Ps.
837 557 896 601 44,
922 556 983 601 VI,
1005 559 1042 592 et
1072 556 1132 601 46,
1159 555 1223 599 ΙΙΙ)
1254 553 1436 590 definitur

144 608 271 644 animi
280 608 440 656 dejectio
453 619 500 645 ex
512 608 613 645 malo
627 608 862 655 apprehenso
875 613 917 645 ut
934 607 1106 644 terribili
1117 612 1149 643 et
1162 607 1389 648 imminente,
1401 608 1435 640 et

143 671 219 696 non
237 660 407 706 vitabili,
423 672 490 697 seu
510 661 662 698 brevius
681 672 689 696 :
709 661 892 697 instantis
901 660 1074 707 periculi
1086 670 1204 696 causa
1215 659 1350 695 mentis
1367 662 1435 693 tre-

143 713 309 759 pidatio.
330 713 395 749 Est
417 717 547 749 autem
572 713 709 760 gravis,
732 713 763 748 si
783 713 929 749 malum
951 712 1158 749 imminens
1179 722 1290 759 grave
1307 711 1369 754 sit,
1392 714 1437 745 ut

143 770 234 801 sunt
251 776 366 811 mors,
388 765 548 812 publica
570 766 739 812 infamia
759 770 796 801 et
821 766 896 801 alia
915 765 1082 810 similia3
1102 769 1140 801 et
1160 764 1300 800 dicitur
1318 763 1435 798 etiam

143 818 281 854 cadens
292 818 335 854 in
351 823 582 855 constantem
597 818 735 863 virum,
756 819 846 865 quia
860 819 976 854 etiam
991 822 1211 854 constantes
1226 817 1295 853 viri
1312 815 1437 852 solent

145 870 367 917 huJusmodi
389 871 502 907 malis
528 872 775 907 commoveri.
797 871 842 907 Et
868 876 926 907 est
951 875 1078 907 metus
1102 870 1207 916 levis,
1228 870 1260 906 si
1285 869 1364 905 leve
1386 868 1436 904 sit

145 923 291 958 malum
316 923 538 959 imminens.
567 921 728 959 Adverte
758 927 888 959 tamen
915 922 1019 970 quod
1046 922 1193 959 malum
1220 922 1302 958 leve
1322 920 1361 956 in
1381 930 1434 963 se,

145 979 271 1022 potest
295 986 376 1012 esse
401 975 556 1012 relative
581 985 708 1022 grave,
734 980 908 1022 respectu
938 986 1076 1022 nempe
1103 974 1211 1022 pueri
1241 973 1299 1010 vel
1332 972 1437 1021 puel—

145 1028 206 1073 lae,
232 1031 272 1065 et
296 1031 576 1074 consequenter
599 1032 726 1064 metus
753 1027 843 1063 levis
866 1032 993 1075 potest
1015 1038 1096 1063 esse
1118 1026 1273 1063 relative
1298 1026 1434 1073 gravis.

145 1101 189 1107 —
206 1079 427 1117 Notandum
444 1080 602 1128 insuper
620 1079 724 1127 quod
745 1080 815 1115 sub
838 1083 945 1115 metu
965 1079 1104 1126 aliquis
1128 1082 1255 1127 potest
1278 1077 1437 1125 duplici·

145 1136 203 1169 ter
227 1143 352 1180 agere.
383 1132 466 1169 Uno
498 1132 615 1169 modo
643 1143 689 1168 ex
718 1136 839 1178 metu,
872 1132 1027 1180 quando
1057 1142 1196 1179 nempe
1224 1134 1352 1167 metus
1380 1134 1437 1166 est

145 1196 261 1222 causa
279 1185 469 1233 objectiva
489 1185 689 1222 moraliter
714 1185 898 1222 inducens
929 1185 1129 1221 hominem
1157 1184 1205 1220 ad
1228 1183 1435 1232 agendum,

147 1242 188 1273 ut
204 1248 293 1274 cum
311 1240 503 1275 mercator
521 1247 666 1273 merces
689 1238 843 1284 projicit
862 1237 902 1273 in
918 1248 1025 1273 mare
1044 1247 1090 1273 ex
1111 1240 1216 1272 metu
1240 1235 1376 1272 mortis
1397 1235 1436 1270 in

145 1290 372 1326 imminente
387 1289 614 1337 naufragio3
636 1289 712 1326 alio
739 1289 856 1325 modo
879 1300 964 1325 cum
986 1293 1106 1334 metu,
1132 1287 1287 1335 quando
1309 1291 1436 1324 metus

145 1341 429 1379 concomitatur
444 1342 637 1379 actionem
656 1341 722 1378 sed
748 1342 902 1389 proprie
923 1352 999 1377 non
1026 1346 1182 1387 causat3
1209 1344 1251 1376 ut
1271 1351 1359 1377 cum
1379 1350 1437 1376 ac·

145 1397 301 1430 eusatus
307 1393 429 1441 judici
448 1394 704 1442 interroganti
720 1395 878 1442 propria
888 1395 1052 1430 crimina
1070 1393 1225 1439 revelat,
1244 1392 1347 1429 unde
1366 1392 1438 1428 scit

147 1446 254 1493 sequi
278 1450 345 1483 aut
372 1451 553 1493 mortem,
581 1451 647 1483 aut
671 1457 876 1492 carcerem,
906 1447 964 1483 vel
985 1447 1200 1482 infamiam.
1227 1465 1272 1473 -
1294 1445 1438 1481 Notan-

147 1498 240 1534 dum
264 1499 379 1535 tertio
404 1498 510 1546 quod
534 1502 661 1535 metus
686 1503 813 1546 potest
840 1510 920 1534 esse
948 1510 1063 1535 causa
1090 1499 1220 1535 totalis
1245 1501 1366 1541 actus,
1395 1502 1438 1532 ut

145 1561 234 1587 curn
253 1551 382 1599 puella
406 1551 571 1588 honesta
595 1552 787 1588 consentit
811 1552 893 1588 viro
915 1552 1137 1588 sollicitanti
1166 1554 1203 1587 et
1223 1561 1334 1599 grave
1360 1560 1437 1585 ma·

147 1604 229 1639 lum
244 1603 465 1649 minitanti3
486 1603 544 1641 vel
562 1607 690 1652 potest
707 1614 788 1640 esse
808 1614 925 1640 causa
944 1604 1131 1652 partialis,
1152 1607 1195 1639 ut
1208 1613 1297 1640 cum
1316 1612 1437 1638 mere-

149 1656 226 1692 trix
241 1656 371 1703 turpia
389 1656 470 1705 agit
495 1667 542 1693 ex
566 1660 688 1701 metu,
715 1667 791 1704 quo
817 1657 936 1692 etiam
967 1667 1045 1693 non
1074 1656 1274 1701 existente,
1303 1654 1438 1691 eadem

149 1713 279 1745 tamen
309 1708 375 1745 illa
399 1712 650 1757 perpetraret.
678 1729 726 1736 —
757 1709 927 1750 Quaestio
958 1709 1077 1757 igitur
1107 1712 1284 1745 movetur
1306 1711 1438 1743 utrum

147 1762 247 1798 actio
267 1761 368 1798 facta
384 1771 431 1798 ex
448 1765 569 1807 metu,
590 1765 634 1798 ut
652 1772 676 1798 a
697 1773 813 1798 causa
829 1766 866 1798 et
885 1773 1001 1798 causa
1022 1762 1132 1798 totali
1153 1762 1202 1797 sit
1221 1761 1439 1797 voluntaria

147 1817 185 1848 et
201 1824 327 1850 sermo
347 1817 403 1850 est
414 1813 461 1850 de
480 1818 587 1850 metu
599 1814 704 1861 gravi
724 1815 800 1851 sive
817 1814 993 1850 absolute
1010 1815 1086 1851 sive
1103 1814 1258 1850 relative
1280 1823 1289 1848 ε
1311 1816 1438 1848 metus

148 1865 252 1901 enim
270 1865 364 1902 levis
382 1866 557 1902 animum
573 1877 652 1901 non
671 1871 901 1902 commovet.

192 1919 291 1955 vm.
311 1919 424 1956 Actio
437 1919 544 1955 facta
563 1928 610 1954 ex
628 1922 737 1955 metu
755 1922 816 1954 est
835 1919 1076 1964 simpliciter,
1098 1929 1168 1955 seu
1184 1919 1310 1963 quoad
1320 1928 1361 1954 se
1374 1928 1441 1954 vo-

148 1972 339 2016 luntaria;
360 1972 537 2017 quamvis
557 1972 768 2008 secundum
789 1972 892 2016 quid,
915 1982 984 2007 seu
997 1971 1250 2017 hypothetice
1264 1972 1317 2007 sit
1332 1972 1441 2008 invo-

147 2024 337 2068 luntaria3
352 2024 407 2060 ita
416 2034 556 2071 nempe
569 2028 612 2059 ut
623 2034 707 2070 quae
719 2034 789 2070 per
804 2028 939 2060 metum
955 2028 1138 2070 ayuntur,
1156 2024 1280 2059 mixta
1299 2023 1380 2060 sint
1395 2034 1440 2059 ex

149 2076 368 2113 voluntario
393 2081 428 2113 et
450 2076 728 2120 involuntario,
755 2080 798 2111 ut
817 2086 907 2112 cum
928 2075 964 2112 S.
992 2075 1176 2124 Gregorio
1194 2076 1364 2123 Nysseno
1384 2075 1437 2111 10·

148 2128 280 2175 quitur
297 2127 341 2165 S.
359 2127 527 2165 Thomas
544 2128 623 2174 1-11,
640 2128 710 2170 Qu.
723 2127 784 2172 VI,
801 2129 881 2163 Art.
900 2128 961 2172 VI,
978 2127 1044 2164 sed
1064 2132 1194 2164 tamen
1214 2127 1441 2175 simpliciter

148 2181 226 2216 sint
239 2179 470 2217 voluntaria.
493 2201 537 2208 -
559 2181 604 2216 Et
625 2180 824 2227 probatur.
846 2180 889 2215 In
907 2181 1013 2216 omni
1033 2184 1140 2217 metu
1161 2180 1264 2228 gravi
1287 2180 1440 2216 animus

149 2233 250 2267 inter
261 2231 337 2268 duo
351 2232 454 2269 bona
466 2233 714 2269 constituitur
729 2243 737 2268 :
754 2243 920 2279 quorum
934 2243 1056 2268 unum
1068 2236 1134 2269 aut
1148 2232 1303 2269 realiter
1313 2232 1441 2279 majus

149 2289 207 2320 est
226 2287 293 2320 aut
309 2289 351 2321 ut
372 2284 446 2320 tale
465 2285 505 2321 in
525 2285 591 2321 illo
612 2288 700 2322 actu
711 2283 909 2320 individuo
927 2284 1254 2332 apprehenditur;
1275 2284 1440 2320 alterum

152 2347 242 2373 vero
258 2341 316 2374 est
344 2337 473 2374 minus
491 2338 639 2376 honum
657 2337 716 2375 vel
744 2338 783 2374 in
803 2348 856 2384 se,
876 2337 935 2374 vel
956 2341 999 2374 ut
1018 2337 1316 2386 apprehensum.
1334 2336 1442 2389 Siout
