1584 2569
163 133 243 160 ART.
271 132 322 159 nr.
349 132 393 159 nn
418 131 616 159 Pornsnu:
641 132 876 159 LEGISLATIVA
901 132 1033 158 <uvius
1057 131 1311 160 moroan-ans
1330 123 1398 157 239

158 211 224 248 111.
247 210 395 248 Status.
424 209 529 247 Sicut
545 208 664 246 homo
681 219 728 246 ex
747 219 907 257 corpore
926 213 965 246 et
991 209 1122 246 anima
1147 208 1401 246 essentialiter

111 263 300 310 coalescit,
322 267 360 300 et
386 267 517 301 tamen
546 273 593 299 ex
622 262 753 300 anima
780 262 974 307 rationali,
1002 265 1188 310 tanquam
1217 272 1263 298 ex
1292 265 1400 308 parte

111 315 289 353 nobiliori
315 319 353 352 et
383 315 572 364 principio
602 315 871 363 specificativo,
901 315 1149 361 nominatur;
1182 315 1237 351 ita
1270 313 1400 350 Status

110 368 213 406 idem
238 369 397 405 omnino
423 372 481 406 est
508 378 553 405 ac
577 368 660 416 ipsa
689 367 870 413 Societas,
898 378 1036 416 nempe
1068 368 1328 415 compositum
1354 377 1400 403 ex

110 421 357 458 multitudine
389 425 426 458 et
457 421 700 466 auctoritate,
733 420 800 458 sed
831 420 932 458 hanc
963 425 1093 457 tamen
1122 421 1251 468 potius
1283 430 1400 466 quam

110 473 214 511 illam
240 473 430 522 designat,
458 474 549 522 quia
580 474 788 512 auctoritas
815 478 873 511 est
903 474 1136 523 principium
1166 473 1336 520 dirigens
1364 478 1401 508 et

110 526 307 565 conferens
325 527 511 564 unitatem
527 532 578 574 et,
596 532 640 564 ut
659 528 714 564 ita
729 527 870 574 dicam,
888 527 1212 576 specificationem
1230 525 1400 563 multitu-

110 579 203 616 dini.
233 578 280 616 Et
307 580 346 616 in
375 579 448 617 hoc
477 591 590 617 sensu
623 579 753 617 Status
785 591 864 616 non
892 584 950 617 est
976 590 1044 617 ens
1073 579 1247 624 rationis,
1278 589 1401 625 neque

109 631 201 680 quid
226 632 479 679 abstractum,
507 638 545 670 et
570 633 692 670 multo
725 634 854 669 minus
882 632 997 670 factio
1026 632 1220 680 quaedam,
1249 631 1315 667 sed
1345 636 1402 667 est

110 686 192 733 ipsa
206 686 384 733 potentia
404 685 565 723 socialis
583 686 746 723 existens
768 686 811 722 in
832 685 1049 723 individuis
1069 684 1334 722 determinatis
1354 684 1398 720 ad

109 738 394 786 procurandum
415 739 561 776 bonum
587 750 794 776 commune
812 740 1005 776 societatis
1025 739 1185 786 ejusque
1211 739 1399 774 unitatem

110 791 168 828 vel
195 792 363 828 maxime
391 791 693 829 conservandam
726 796 765 829 et
793 791 1087 829 defendendam.
1119 791 1242 839 Igitur
1271 790 1401 826 Status

110 847 167 880 est
186 843 354 881 Societas
373 844 487 891 (sicut
508 844 627 881 homo
653 849 710 881 est
735 845 1009 893 compositum)
1038 854 1106 892 per
1130 843 1401 880 auctoritatem

109 896 371 933 conservanda
393 901 431 933 et
452 897 724 945 gubernanda3
748 898 804 934 ita
823 901 879 943 ut,
897 897 929 934 si
949 896 1219 934 abstrahamus
1236 906 1259 932 a
1276 895 1399 940 Statu,

109 959 176 986 seu
188 948 237 985 ab
251 950 494 995 auctoritate,
512 960 652 999 corpus
670 949 810 986 sociale
824 954 881 986 est
894 949 1146 987 anarckieum
1160 953 1196 985 et
1209 949 1241 984 si
1258 948 1401 984 abstra-

109 1001 249 1039 hamus
267 1013 291 1039 a
308 1012 469 1051 corpore
493 1002 624 1040 sociali
643 1002 905 1040 conservando
926 1007 965 1039 et
985 1000 1250 1049 gubernando,
1273 1000 1401 1036 Status

109 1058 166 1092 est
188 1055 363 1103 potentia
380 1056 579 1103 tyrannica
594 1060 633 1092 et
649 1054 847 1103 despotica
876 1075 917 1083 -
938 1054 977 1091 Si
991 1054 1065 1092 hoc
1090 1065 1232 1091 nomen
1258 1063 1401 1089 novum

110 1106 243 1145 Status
267 1107 341 1145 hoc
366 1119 479 1145 sensu
507 1108 764 1157 intelligatur,
791 1119 924 1145 revera
948 1108 1141 1156 significat
1172 1105 1342 1153 aliquid3
1369 1107 1401 1142 si

110 1170 230 1206 secus,
251 1165 309 1197 est
327 1171 425 1209 pura
449 1161 656 1198 abstractio
677 1162 717 1198 in
736 1171 789 1207 se,
813 1161 980 1209 practice
1001 1171 1091 1199 vero
1114 1164 1172 1196 est
1193 1159 1399 1196 arbitrium

110 1211 337 1261 Regentium
354 1212 635 1251 multitudines.

155 1264 216 1303 lv.
235 1265 401 1310 Quaestio
416 1267 552 1312 prima.
569 1266 769 1303 Declarata
785 1270 924 1303 natura
943 1266 1090 1310 Status,
1112 1264 1242 1313 prouti
1263 1274 1401 1311 nempe

109 1322 166 1354 est
181 1319 356 1366 potentia
377 1319 528 1356 socialis
548 1319 728 1366 practica,
750 1318 824 1355 hoc
844 1323 913 1364 est,
935 1318 1102 1355 exercita
1125 1328 1148 1354 a
1167 1316 1401 1365 Regentibus

108 1369 398 1407 multitudinem
425 1375 584 1419 propter
606 1371 753 1408 bonum
779 1371 899 1419 ipsius
924 1369 1185 1407 multitudinis
1203 1381 1213 1415 ;
1230 1370 1314 1418 jam
1334 1379 1402 1416 per

108 1433 147 1459 se
167 1426 224 1459 est
239 1423 488 1460 manifestum
508 1423 558 1460 ad
575 1424 703 1472 ipsum
724 1424 914 1472 pertinere
937 1423 1040 1471 leges
1059 1422 1157 1460 ferre
1177 1433 1185 1458 :
1208 1421 1400 1469 siquidem

108 1475 262 1512 nonnisi
287 1487 356 1523 per
376 1476 478 1524 leges
505 1480 631 1525 potest
658 1475 868 1513 multitudo
899 1476 1049 1513 diversa
1076 1475 1340 1512 voluntatibus
1360 1479 1398 1509 et

107 1528 324 1566 actionibus
347 1529 549 1567 convenire
567 1530 608 1566 in
629 1531 815 1566 unitatem
830 1529 923 1566 boni
941 1529 1173 1566 communis.
1196 1527 1269 1565 Sed
1290 1538 1396 1575 quae-

109 1582 231 1619 rimus
255 1587 386 1620 utrum
412 1583 587 1631 potentia
603 1583 818 1631 legislativa
840 1581 974 1620 Status
995 1582 1138 1619 limites
1161 1581 1316 1626 habeat,
1339 1581 1400 1618 vel

109 1638 243 1672 contra
270 1635 325 1672 ita
348 1636 399 1672 sit
426 1635 688 1684 independens
716 1639 759 1673 ut
787 1646 884 1684 pene
909 1634 1193 1683 omnipotentia
1218 1634 1398 1682 gaudeat.

110 1687 198 1724 Haec
223 1692 353 1725 autem
378 1690 541 1736 quaestio
564 1689 612 1726 ab
633 1688 706 1726 hac
729 1688 805 1725 alia
831 1688 972 1736 pendet
997 1688 1211 1735 quaestione
1232 1698 1240 1723 :
1263 1687 1399 1723 Utrum

109 1750 248 1788 nempe
266 1740 498 1789 Reipublicae
521 1741 652 1779 Status
669 1742 719 1777 sit
734 1742 910 1777 omnium
927 1741 1076 1788 J'urium
1098 1740 1207 1787 origo
1225 1744 1263 1776 et
1282 1739 1368 1776 fons
1383 1741 1400 1774 ‘t

108 1792 204 1829 Nam
229 1793 262 1829 si
287 1793 374 1830 talis
400 1798 470 1839 est,
493 1794 580 1841 J‘ure
608 1793 779 1841 quodam
811 1793 930 1840 pollet
960 1792 1076 1829 nullis
1107 1792 1398 1839 circumscripto

110 1845 319 1892 limitibus;
349 1845 415 1883 sed
443 1847 546 1883 intra
579 1845 769 1894 quosdam
800 1845 944 1882 limites
975 1845 1154 1882 concludi
1186 1845 1399 1881 necessario

110 1897 236 1944 debet,
253 1899 284 1935 si
304 1899 386 1947 ipse
404 1909 483 1936 non
502 1899 552 1936 sit
571 1899 680 1946 origo
698 1903 736 1934 et
754 1898 840 1935 fons
856 1899 1032 1935 omnium
1045 1898 1208 1945 jurium.
1227 1897 1334 1934 Unde
1351 1898 1400 1934 sit

109 1950 303 1988 conclusio
323 1963 331 1988 :

156 2005 200 2040 V.
212 2005 446 2052 Reipublicae
464 2006 599 2044 Status
614 2015 691 2043 non
704 2008 765 2042 est
779 2005 949 2042 omnium
964 2005 1109 2051 jurium
1124 2004 1231 2050 origo
1247 2007 1288 2040 et
1298 2004 1397 2041 fons.

111 2055 198 2094 Haec
208 2059 421 2107 propositio
438 2062 589 2096 constat
605 2058 797 2105 imprimis
808 2068 854 2093 ex
866 2057 979 2094 dictis
995 2061 1129 2093 contra
1149 2056 1397 2099 Hobbesium,

111 2111 177 2157 qui
197 2121 243 2147 ex
261 2111 345 2159 lege
367 2111 469 2149 civili
489 2122 645 2148 omnem
669 2111 930 2147 moralitatem
957 2109 1219 2146 humanorum
1242 2113 1397 2145 actuum

111 2162 275 2201 derivari
293 2164 492 2201 contendit
513 2166 586 2210 (10,
608 2164 640 2200 ΙΙ
658 2168 697 2200 et
712 2163 770 2209 V),
792 2163 853 2200 cui
878 2167 1082 2211 propterea
1108 2162 1269 2199 debetur
1291 2162 1399 2199 theo-

112 2215 168 2252 ria
185 2217 375 2254 recentior
391 2217 438 2254 de
457 2217 740 2265 omnipotentia
759 2216 906 2254 Status.
927 2215 997 2253 1110
1018 2226 1109 2263 ergo
1130 2219 1263 2251 nostro
1287 2225 1398 2262 argu-

112 2272 243 2305 mento
262 2271 475 2318 supposito,
496 2269 601 2318 quod
618 2269 773 2317 respicit
789 2269 1039 2306 intrinsecam
1059 2269 1258 2305 actionum
1276 2278 1398 2304 mora-

113 2319 280 2368 litatem,
324 2322 398 2360 hoc
439 2323 604 2360 alterum
650 2322 830 2359 addimus
875 2320 979 2370 quod
1026 2322 1151 2369 tangit
1200 2324 1397 2357 externam

114 2373 372 2413 multitudinis
388 2377 660 2421 oeconomiam,
677 2376 778 2413 circa
795 2385 913 2424 quam
932 2375 1126 2423 praecipue
1145 2378 1399 2420 exaggeratur
