1554 2569
287 109 366 134 aar.
395 109 461 134 vu.
490 108 535 133 ns
560 107 826 133 mmrrsnsfiru
852 108 993 133 ACTUUM
1020 109 1244 135 flUMANORUM
1366 103 1409 136 67

123 184 285 227 quenter
313 190 401 215 cum
427 179 575 215 ratione
596 184 632 214 et
661 179 833 215 bonitate
853 179 996 224 divina,
1027 179 1127 216 unde
1154 181 1252 216 ratio
1274 182 1351 217 veri
1372 187 1411 217 et

123 234 213 270 boni
233 243 361 269 rerum
388 233 564 268 omnium
592 232 780 279 dependet
809 236 845 267 et
868 238 1114 269 mensuratur
1142 233 1191 280 (9,
1224 234 1282 279 V).
1311 236 1408 282 Ergo

122 285 381 322 indifferentia
407 285 578 329 moralis,
609 284 654 320 de
679 295 754 330 qua
784 295 886 320 nunc
919 285 1129 331 loquimur,
1159 290 1215 322 est
1241 289 1410 323 carentia

123 345 205 375 tum
235 337 515 374 conformitatis
544 342 625 372 tum
658 337 918 373 difformitatis
944 348 1031 374 cum
1053 344 1156 375 recta
1182 340 1344 384 ratione,
1373 345 1410 376 et

121 395 398 438 consequenter
428 391 612 426 bonitatis
644 395 681 426 et
710 389 868 426 malitia>
902 391 1060 427 moralis
1096 391 1133 427 in
1166 396 1253 427 actu
1288 392 1408 428 libero

121 444 343 481 voluntatis.

167 498 213 533 11.
241 497 407 541 Quaestio
425 496 562 541 prima.
585 496 651 532 Hic
667 501 796 532 autem
814 497 944 531 statim
962 497 1150 543 quaeritur
1167 502 1297 533 utrum
1319 498 1409 534 den—

121 554 183 585 tur
202 548 426 596 hujusmodi
443 552 549 583 actus
571 547 830 584 indifferentes
847 549 885 583 in
907 559 1043 595 genere
1061 559 1228 593 morum,
1252 550 1317 595 qui
1339 551 1409 585 sci-

119 603 207 639 licet
225 612 348 648 neque
374 601 464 637 boni
490 602 566 636 sint
592 602 802 646 moraliter,
834 612 956 648 neque
989 602 1093 637 mali.
1128 603 1219 643 Quae
1250 603 1408 648 quidem

119 654 282 701 quaestio
299 653 369 689 sub
390 653 532 700 duplici
553 653 736 700 adspectu
754 654 891 700 agitari
908 658 1053 700 potest3
1072 654 1197 700 primo
1218 655 1409 690 abstracte

94 706 285 745 ,secundo
303 710 476 743 concrete
499 717 506 740 :
538 716 627 741 nam
654 710 760 741 actus
792 706 951 741 humani
971 710 1134 753 possunt
1156 706 1407 752 considerari,

120 763 157 795 10
183 759 366 806 specifice,
395 759 469 794 hoc
494 763 550 795 est
572 769 617 794 ex
640 763 746 805 parte
775 759 928 805 obJecti‚
959 769 982 794 a
1006 769 1083 805 quo
1113 760 1278 806 speciem
1299 761 1409 796 sorti-

112 818 236 857 untur,
255 818 294 849 ut
319 812 456 848 dictum
477 819 543 858 est3
580 818 618 849 20
652 814 953 858 individualiter,
986 814 1054 850 hoc
1084 819 1137 849 est
1163 814 1283 860 prouti
1313 819 1416 850 actus

110 868 258 904 moralis
298 868 446 915 ponitur
476 870 521 904 ab
560 869 748 905 individuo
785 870 897 905 libere
924 876 1064 916 agente,
1103 876 1138 905 et
1178 875 1232 905 est
1267 871 1415 906 vestitus

111 923 281 960 omnibus
320 924 610 960 circumstantiis.
652 925 775 960 Primo
807 925 980 961 solvenda
1021 931 1075 960 est
1107 925 1260 971 quaestio
1290 925 1325 960 in
1354 925 1414 961 ab·

110 988 258 1026 stract03
281 988 316 1018 et
336 983 382 1018 sit
407 983 614 1018 conclusio:

156 1037 216 1074 111.
232 1037 367 1074 Dantur
400 1040 502 1075 aetus
534 1039 680 1075 humani
707 1040 894 1076 moraliter
930 1040 1182 1075 indifferentes
1219 1040 1413 1076 secundum

110 1093 277 1138 speciem.
299 1096 412 1129 Actus
432 1094 582 1129 humani
603 1095 637 1130 in
658 1105 695 1130 se
730 1095 877 1140 sumpti,
900 1100 939 1129 ut
965 1095 1098 1129 iterum
1135 1100 1244 1140 atque
1279 1095 1412 1130 iterum

110 1149 288 1192 dIcamus,
325 1149 483 1195 speciem
529 1151 706 1185 moralem
745 1150 941 1185 desumunt
982 1149 1025 1184 ab
1062 1150 1212 1196 objectis
1255 1156 1295 1185 ut
1329 1157 1412 1185 sunt

109 1204 309 1241 conformia
341 1205 397 1239 vel
431 1203 615 1240 difformia
653 1211 762 1241 rectae
788 1205 930 1240 rationi.
971 1206 1083 1252 Atqui
1117 1206 1249 1240 dantur
1286 1216 1410 1240 revera

109 1259 262 1305 objecta,
303 1270 384 1305 quae
427 1260 626 1296 secundum
670 1271 707 1296 se
752 1266 911 1306 spectata
951 1271 1070 1306 neque
1114 1261 1410 1296 conformitatem

116 1321 239 1357 neque
278 1309 570 1344 difformitatem
608 1310 646 1344 in
680 1319 755 1344 esse
785 1311 905 1344 moris
937 1318 1025 1344 cum
1062 1311 1209 1344 ratione
1245 1311 1403 1346 habent.

114 1363 212 1410 Ergo
234 1361 376 1398 dantur
393 1365 501 1397 actus
518 1361 679 1396 humani
696 1361 894 1396 moraliter
914 1361 1175 1396 indifferentes
1192 1362 1402 1397 secundum

114 1416 292 1462 speciem.
328 1434 374 1441 —
404 1414 535 1450 Minor
560 1414 773 1460 probatur:
806 1424 896 1449 nam
924 1414 1073 1460 objecta
1100 1414 1231 1449 dicunt
1264 1415 1301 1449 in
1329 1426 1405 1450 esse

113 1468 232 1504 moris
249 1467 424 1503 ordinem
450 1466 731 1503 conformitatis
758 1466 817 1502 vel
835 1466 1096 1502 difformitatis
1117 1477 1202 1502 cum
1227 1472 1329 1503 recta
1346 1478 1404 1502 ra·

113 1521 231 1564 tione,
254 1519 464 1556 secundum
493 1519 596 1566 quod
621 1531 689 1565 per
707 1531 744 1555 se
770 1519 968 1555 hominem
990 1520 1193 1566 perficiunt
1212 1521 1250 1555 in
1269 1520 1403 1555 ordine

112 1573 161 1609 ad
188 1573 369 1609 ultimum
394 1573 525 1616 finem,
557 1572 617 1608 vel
640 1571 837 1608 hominem
867 1573 914 1608 ab
941 1573 1078 1608 ultimo
1108 1573 1184 1608 fine
1211 1577 1403 1609 avertunt.

112 1627 230 1662 Porro
254 1636 300 1662 ex
320 1625 418 1661 facto
440 1625 522 1672 ipso
543 1629 694 1661 constat
714 1625 796 1661 dari
817 1625 979 1672 objecta,
1002 1636 1089 1672 quae
1116 1626 1154 1660 in
1175 1636 1213 1661 se
1234 1630 1404 1672 spectata

113 1683 150 1714 et
167 1677 469 1725 independenter
488 1689 510 1713 a
535 1678 832 1714 circumstantiis
861 1678 958 1713 nihil
977 1679 1179 1714 conferunt
1206 1679 1244 1713 in
1271 1678 1403 1714 ordine

113 1730 160 1767 ad
184 1731 366 1766 ultimum
392 1731 536 1766 finem:
566 1741 654 1766 nam
681 1731 818 1775 levare,
849 1742 881 1767 e.
915 1742 966 1778 g.,
1001 1731 1186 1767 festucam
1213 1730 1259 1766 de
1288 1736 1402 1776 terra,

113 1783 372 1828 deambulare,
402 1787 439 1819 et
459 1783 533 1819 alia
564 1783 801 1829 hujusmodi,
829 1794 907 1819 non
928 1794 1007 1830 prae
1037 1795 1075 1819 se
1097 1783 1223 1819 ferunt
1240 1784 1401 1830 aliquid,

113 1835 216 1882 quod
227 1846 298 1882 per
316 1846 354 1871 se
379 1835 577 1870 hominem
602 1840 825 1882 promoveat
852 1835 900 1871 ad
921 1836 1102 1871 ultimum
1126 1837 1256 1880 finem,
1278 1836 1335 1871 vel
1356 1836 1402 1871 ab

114 1888 249 1923 ultimo
286 1888 362 1923 fine
388 1892 545 1923 avertat.
572 1887 616 1922 Et
643 1888 681 1922 in
711 1888 783 1923 hoc
809 1889 1027 1923 communis
1047 1887 1252 1923 hominum
1270 1898 1403 1924 sensus

112 1940 303 1977 convenit.

160 1994 253 2029 Illuc
285 1993 453 2028 actiones
481 1993 675 2037 humanae,
698 1992 908 2028 secundum
939 1992 1103 2039 speciem
1134 1992 1401 2039 consideratae,

112 2050 212 2082 recte
227 2045 450 2081 dividuntur
473 2056 480 2080 :
510 2047 545 2080 10
559 2046 598 2080 in
608 2047 771 2082 actiones
786 2045 997 2081 secundum
1007 2056 1045 2081 se
1058 2046 1256 2081 moraliter
1271 2045 1401 2090 bonas,

112 2108 198 2144 quae
229 2098 372 2134 scilicet
400 2102 603 2134 versantur
631 2099 731 2134 circa
762 2098 912 2144 objecta
933 2098 1138 2134 secundum
1169 2109 1207 2134 se
1234 2109 1403 2134 consona

113 2155 224 2186 rectae
258 2151 423 2195 rationi3
460 2156 503 2186 ut
535 2151 655 2186 Deum
690 2151 825 2195 colere,
868 2151 1057 2186 honorare
1092 2155 1269 2197 parentes
1310 2151 1402 2187 dare

112 2203 408 2250 eleemosynam,
442 2208 480 2238 et
508 2203 667 2248 similia3
701 2205 739 2239 20
766 2203 806 2239 in
826 2203 994 2239 actiones
1017 2203 1228 2239 secundum
1258 2214 1296 2238 se
1323 2214 1403 2239 mo-

113 2255 243 2290 raliter
270 2255 406 2301 malas,
441 2266 527 2301 quae
553 2260 753 2291 versantur
775 2256 874 2292 circa
900 2256 1049 2302 obJecta
1078 2265 1123 2291 ea:
1147 2266 1183 2291 se
1209 2255 1365 2292 dissona
1381 2267 1403 2291 a

114 2311 216 2343 recta
240 2307 401 2351 ratione,
432 2313 468 2343 et
493 2318 580 2354 quae
600 2308 685 2343 ideo
716 2319 914 2354 nunquam
941 2308 1035 2344 bene
1056 2308 1138 2343 fieri
1165 2312 1339 2354 possunt,
1360 2313 1403 2344 ut

116 2359 273 2405 furtum,
301 2359 554 2407 blasphemia,
583 2360 829 2406 adulterium,
872 2366 909 2397 et
929 2361 1004 2396 alia
1027 2359 1272 2406 hnjusmodi;
1303 2362 1339 2396 30
1363 2361 1402 2397 in
