1584 2569
212 118 275 152 356
668 125 766 152 merx
796 124 1042 153 ΑιΡΗΑΒιτιαυε

251 195 302 228 13.
315 213 356 221 -
375 194 534 229 Facultas
553 195 786 238 cognoscitiva
805 195 989 228 veritatum
1003 195 1187 229 moralium
1204 203 1272 228 non
1293 198 1407 236 potest
1420 203 1496 229 esse

250 242 317 274 nisi
334 241 543 283 intellectus,
555 242 858 275 l.—Conseientia
878 242 1033 282 moralis,
1051 243 1094 275 II.
1110 259 1152 267 -
1169 242 1395 275 Conscientiae
1416 251 1497 274 mu-

251 296 345 327 nera,
357 288 418 322 111.
431 306 469 314 -
486 288 703 322 Conscientia
718 297 799 321 vera
820 294 855 322 et
868 289 954 323 falsa
967 300 977 329 ς
992 294 1085 322 recta
1106 293 1141 321 et
1160 297 1230 321 non
1250 293 1341 321 recta
1356 298 1365 329 ;
1386 289 1496 321 invin-

248 335 396 368 cibiliter
414 341 448 369 et
464 335 670 369 vincibiliter
686 343 853 376 erronea;
871 341 975 375 certa,
993 335 1182 377 probabilis
1206 339 1241 369 et
1257 335 1383 375 dubia;
1405 345 1498 369 scru-

248 381 374 423 pulosa
389 387 423 415 et
436 382 597 424 perplexa
609 392 618 422 ;
630 382 786 423 rigorose
803 387 838 415 et
856 382 1033 416 rationalis
1046 392 1055 422 ;
1068 382 1240 421 obligans,
1257 382 1442 415 consulens
1463 387 1499 415 et

248 429 467 470 permittens,
487 428 543 461 IV.
569 446 609 453 —
632 428 744 462 Homo
770 437 908 470 semper
935 437 1037 471 agere
1061 429 1164 462 debet
1185 437 1264 462 cum
1287 429 1499 462 conscientia

248 477 345 508 certa
362 475 452 508 circa
467 475 685 508 honestatem
700 474 858 513 actionis,
870 475 910 507 V.
925 492 966 499 -—
982 475 1200 508 Conscientia
1214 484 1355 508 erronea
1370 476 1500 517 obligat

249 526 284 554 et
297 530 367 554 non
383 530 522 563 semper
541 526 692 561 excusat,
707 522 752 555 M.
767 522 819 561 19,
833 522 923 561 VIII,
945 521 1000 562 IX,
1021 522 1064 556 X.
1089 539 1129 546 -
1148 522 1199 556 De
1223 522 1384 556 libertate
1400 531 1496 555 cons·

250 567 398 608 cieniioe,
417 569 464 601 M.
487 568 539 600 65.
563 568 657 609 (Vide
684 568 872 610 Libertas.)

211 626 435 662 consensus.
461 628 644 669 Repugnat
663 627 821 660 absolute
851 635 1061 661 consensum
1086 637 1148 661 seu
1172 633 1411 661 auctoritatem
1435 629 1498 662 hu-

250 674 345 706 mani
367 674 505 715 generis
529 682 605 707 esse
632 683 834 716 supremum
867 674 1045 707 criterium
1079 674 1248 715 veritatis,
1271 675 1307 707 1..
1324 676 1376 716 64,
1396 675 1436 708 V.
1458 693 1499 700 —

251 721 461 761 consensus,
481 723 579 754 actus
598 719 738 754 elicitus
758 728 779 754 a
795 721 989 761 voluntate,
1005 722 1051 754 M.
1075 721 1127 760 16,
1145 722 1191 753 V.

209 778 458 859 Cozgsefiuent.
484 779 514 813 1.
551 779 604 819 24,
627 779 658 812 1.
689 796 731 803 —
756 779 983 821 Consequens
1000 779 1108 812 relate
1126 779 1172 812 ad
1194 779 1428 820 ratiocinium,
1450 781 1491 813 1..

208 877 491 920 Consequentia.
514 880 552 913 L.
571 879 626 919 31,
644 879 686 912 11.

209 930 460 965 conservatio.
478 931 528 964 De
545 940 669 965 rerum
687 935 892 966 creatarum
907 933 1186 972 conservatione,
1196 932 1234 964 T.
1247 933 1298 965 29.
1312 951 1353 957 —
1369 933 1418 965 De
1433 933 1496 965 du-

249 978 330 1018 plici
349 978 633 1012 conservatione:
655 979 806 1020 positiva
821 987 959 1019 nempe,
979 987 1041 1011 seu
1061 978 1203 1019 directa,
1224 987 1284 1011 seu
1305 988 1367 1020 per
1385 988 1423 1012 se
1438 990 1448 1020 ς
1465 984 1498 1012 et

248 1025 426 1065 negativa,
445 1034 508 1058 seu
535 1025 716 1064 indirecta,
736 1034 797 1058 seu
821 1034 882 1066 per
911 1025 1084 1065 accidens,
1102 1025 1145 1058 11.
1173 1043 1215 1050 —
1246 1027 1419 1060 Creaturae
1454 1026 1496 1059 ad

248 1071 466 1105 existendum
505 1071 663 1114 indigent
702 1071 898 1106 necessario
933 1071 1083 1113 positiva
1126 1072 1187 1105 Dei
1224 1072 1498 1112 conservatione,

247 1118 304 1149 IV.
321 1134 363 1143 -
381 1118 602 1152 conservatio
624 1118 673 1151 ita
691 1119 762 1152 Deo
781 1117 945 1159 competit
969 1122 1007 1150 ut
1022 1122 1190 1160 repugnet
1212 1118 1315 1152 alicui
1332 1123 1499 1152 creaturae

246 1164 405 1204 potentia
422 1173 500 1199 sese
522 1165 750 1199 conservandi
770 1165 1046 1206 independenter
1060 1165 1175 1205 aneo,
1192 1165 1228 1198 V.
1242 1181 1284 1188 -
1297 1166 1372 1205 Quo
1391 1174 1496 1199 sensu

247 1212 462 1245 conservatio
479 1211 524 1245 sit
544 1212 745 1246 continuata
766 1212 908 1251 creatio,
926 1211 981 1244 iv.

206 1262 474 1298 consideratio.
494 1264 532 1296 L.
552 1265 583 1304 9,
602 1264 659 1298 IV.

206 1321 440 1356 Consuetudo
478 1323 686 1364 populorum
721 1331 792 1356 non
822 1328 876 1356 est
913 1330 1117 1364 supremum
1150 1322 1359 1356 moralitati·
1394 1324 1495 1358 crite-

247 1363 349 1402 rium,
366 1364 416 1398 M.
434 1362 486 1403 10,
507 1364 566 1398 111.

205 1413 488 1456 Contemplatio.
508 1415 545 1448 L.
561 1415 594 1454 9,
615 1415 673 1448 IV.

205 1465 443 1508 contingens.
467 1467 516 1500 De
547 1470 626 1500 ente
656 1468 852 1501 necessario
887 1470 920 1501 et
946 1468 1177 1509 σοπιίηῃεηεε,
1196 1469 1234 1501 Ο.
1263 1468 1319 1502 21.
1355 1486 1397 1493 -
1423 1469 1491 1502 Ens

244 1512 449 1554 contingens
467 1517 506 1547 ut
523 1514 661 1546 realiter
688 1514 814 1547 existat
841 1514 1037 1547 necessario
1066 1514 1218 1555 postulat
1239 1518 1277 1546 ut
1295 1515 1338 1547 ab
1358 1515 1426 1547 alio
1446 1516 1490 1547 ad

244 1559 462 1593 existentiam
481 1560 703 1601 producatur,
724 1561 754 1593 11
774 1564 809 1593 et
827 1560 891 1593 111.
911 1578 951 1585 —
970 1561 1039 1593 Ens
1059 1561 1264 1602 contingens
1288 1569 1357 1594 non
1378 1566 1492 1603 potest

244 1605 382 1639 realiter
399 1607 559 1644 existere,
582 1606 649 1639 nisi
676 1607 749 1640 sive
781 1606 982 1639 immediate
1002 1607 1076 1639 sive
1097 1607 1248 1641 mediate
1279 1608 1490 1649 producatur

246 1652 289 1685 ad
309 1653 530 1687 existentiam
547 1653 590 1687 ab
609 1657 689 1687 ente
708 1653 917 1692 necessario,
935 1653 995 1686 IV.

204 1709 438 1745 Contractus.
457 1711 509 1746 De
537 1711 791 1750 contractibus,
814 1712 861 1744 M.
886 1712 942 1744 41.
974 1729 1016 1736 —
1037 1712 1238 1746 Contractus
1267 1712 1362 1746 notio
1384 1716 1489 1755 gene·

246 1758 328 1798 rica,
348 1758 380 1791 1.
403 1776 442 1783 -
460 1760 663 1792 Contractus
682 1758 850 1792 nominati
867 1762 901 1791 et
919 1758 1140 1799 innominati,
1164 1760 1209 1791 II.
1229 1776 1270 1784 —-
1291 1759 1490 1793 Bilaterales

246 1813 309 1837 seu
339 1806 493 1846 aequales
520 1810 557 1839 et
582 1804 871 1847 synallagmatici,
891 1809 925 1838 et
944 1805 1172 1845 unilaterales,
1199 1814 1261 1838 seu
1287 1806 1491 1848 inaequales,

246 1850 306 1884 111.
330 1869 370 1875 —
393 1851 537 1885 Onerosi
556 1856 591 1886 et
607 1852 760 1894 gratuiti,
776 1851 837 1886 IV.
861 1869 900 1876 -
923 1851 1037 1885 Stricti
1053 1852 1143 1893 juria
1161 1856 1195 1885 et
1216 1853 1317 1886 bonae
1336 1853 1430 1894 fidei,
1444 1854 1488 1887 V.

247 1897 342 1937 (Vide
358 1898 551 1941 Mutuum.)

205 1949 474 2029 Cofflrzligictio.
503 1967 547 1978 -
574 1951 810 1986 indifferentia
838 1951 1123 1986 contradictionis
1148 1960 1214 1985 seu
1242 1952 1420 1994 exercitii.
1453 1953 1479 1988 P

291 2020 299 2035 ‚
340 2021 350 2029 .
371 2021 380 2029 .

207 2048 518 2085 contradictoria.
542 2052 581 2084 L.
606 2052 637 2093 8,
658 2052 750 2086 VIII.

166 2145 170 2154 Ι
206 2106 412 2141 Contraria.
431 2109 467 2141 L.
490 2110 523 2150 8,
539 2109 630 2143 v111.

206 2164 475 2247 Cosstgzriztlaff.
521 2167 756 2203 Indifferontia
800 2167 1057 2203 contrarietatie
1098 2175 1167 2203 seu.
1209 2166 1491 2209 specificationis,

161 2247 168 2258 ἶ
206 2236 416 2299 Gon-versio.
435 2237 486 2299 Dc
503 2266 728 2300 conversione
744 2267 1040 2310 propositionum,
1060 2266 1096 2300 1..
1115 2265 1169 2299 29.
1187 2283 1229 2292 -—
1249 2267 1491 2300 conversionis

249 2311 346 2345 modi
362 2321 372 2345 ε
392 2312 551 2354 simplex,
571 2321 632 2353 per
651 2313 828 2353 accidens,
845 2323 906 2355 per
926 2313 1270 2356 contrapositionem.
1295 2314 1337 2347 II.
1356 2330 1399 2356 (-
1419 2313 1491 2348 Uti·

250 2357 343 2399 litae,
361 2363 396 2392 et
413 2359 502 2393 ratio
518 2359 754 2394 conversioni·
770 2361 1062 2403 propositionum,
1083 2360 1139 2394 IV.
