1584 2569
201 135 267 170 ¹64
291 146 348 172 ms
368 145 529 170 nnuma.
552 145 621 172 Lm.
644 146 668 170 1.
689 146 766 170 eff.
786 146 840 170 111.
860 145 902 170 mr.
923 145 999 170 οη.
1020 145 1062 170 m·
1079 146 1153 171 sun.
1177 146 1264 172 nom.
1283 146 1376 171 zncA
1397 147 1486 174 sEu‘.

199 218 459 267 impossibile:
482 218 655 264 sequitur
682 217 894 253 necessario
915 217 1018 263 quod
1039 218 1101 253 ille
1128 218 1167 253 in
1200 218 1308 265 cujus
1340 228 1487 264 posses·

197 273 303 308 sione
318 275 407 307 sunt
418 270 642 317 hujusmodi
654 281 726 315 res,
742 281 874 306 verum
888 269 1026 306 habeat
1042 270 1259 306 dominium
1272 271 1310 305 in
1322 281 1398 316 eaS‚
1415 270 1489 307 hoc

197 329 267 371 est,
289 324 509 361 facultatem
527 334 591 359 seu
607 324 670 369 jus
691 322 918 370 disponendi
937 323 982 358 de
1003 323 1077 359 illis
1091 328 1128 359 et
1149 323 1375 359 excludendi
1393 323 1488 359 alios

142 380 146 400 ²
197 379 244 413 ab
271 388 403 413 earum
440 388 522 411 usu.
552 376 594 411 ln
622 387 697 422 quo
719 375 887 411 diximus
911 376 1118 412 consistere
1148 376 1212 423 jus
1242 376 1487 423 proprietatis

195 430 404 477 subjective
425 434 462 465 et
483 429 680 464 moraliter
700 433 878 475 acceptae.
900 449 944 454 —
959 429 1056 476 Ergo
1076 433 1157 464 tota
1177 429 1339 474 quaestio
1358 433 1415 464 est
1440 428 1488 465 de

198 483 433 530 proprietate
468 482 609 526 stabili,
645 486 682 517 et
718 481 763 517 de
795 481 968 517 dominio
999 493 1076 517 non
1116 482 1351 527 transitorio,
1390 482 1488 517 sicut

197 536 463 572 transitorium
493 539 549 570 est
581 534 798 570 dominium
820 534 865 569 de
885 534 998 569 rebus
1016 546 1087 570 usu
1108 534 1487 582 consumptibilibus,

196 588 300 635 quod
327 593 460 632 cessat,
489 592 659 623 cessante
680 588 860 632 termino,
889 598 954 623 seu
981 588 1073 634 ipsis
1094 587 1218 623 rebus.
1249 588 1340 622 Aliis
1363 588 1488 623 verbis

197 642 314 676 homo
338 640 452 677 habet
473 651 519 675 ne
533 641 596 686 jus
621 639 841 686 acquirendi
860 639 1129 686 etpossidendi
1144 651 1256 687 agros
1280 644 1316 675 et
1337 639 1486 682 domos,

196 695 250 729 ita
272 698 313 729 ut
334 694 453 741 possit
474 692 675 739 disponere
696 692 742 728 de
763 692 836 727 illis
857 697 894 728 et
914 691 959 727 de
976 703 1110 728 eorum
1132 693 1316 728 fructibus
1339 693 1399 728 vel
1417 703 1487 728 usu

196 757 283 782 cum
300 747 387 793 jure
408 745 633 781 excludendi
654 745 778 781 alios?
796 745 850 780 En
866 746 1028 791 quaestio
1048 756 1056 780 ε
1077 756 1163 791 quae
1181 745 1268 781 licet
1289 745 1488 792 perspicue

196 800 245 834 sit
257 799 467 846 proposita,
482 798 733 833 nihilominus
745 797 820 833 duo
835 798 1006 833 continet
1020 797 1223 841 elementa,
1239 807 1324 844 quae
1337 802 1489 844 oportet

197 852 445 899 distinguere.

241 904 320 941 VII.
341 906 609 941 Praenotamen
623 905 815 950 quintum.
838 904 879 938 ln
899 904 962 939 illa
982 914 1071 950 ergo
1085 904 1296 948 quaestione
1314 903 1484 949 primum

196 958 430 994 elementum
452 961 508 992 est
531 956 624 1003 quid
647 957 883 992 abstractum
905 960 1018 1002 atque
1040 956 1381 992 indeterminatum
1404 959 1487 990 tum

198 1022 244 1046 ex
268 1014 376 1058 parte
393 1010 585 1046 facultatis
606 1008 827 1056 possidendi
849 1020 907 1044 res
924 1009 1079 1044 stabiles
1099 1013 1179 1043 tum
1201 1019 1245 1044 ex
1263 1013 1371 1055 parte
1393 1008 1488 1054 ipsa-

199 1074 284 1098 rum
306 1073 434 1099 rerum
452 1074 460 1107 ;
480 1062 644 1098 alterum
666 1066 795 1097 autem
819 1061 1052 1097 elementum
1071 1066 1128 1096 est
1151 1061 1244 1107 quid
1265 1065 1487 1097 concretum

197 1120 235 1151 ct
262 1115 576 1159 determinatum,
600 1126 737 1161 nempe
767 1115 988 1150 exercitium
1017 1114 1118 1148 illius
1144 1113 1348 1157 facultatis,
1366 1117 1402 1148 et
1429 1113 1490 1148 de-

198 1169 405 1204 terminata
426 1179 484 1203 res
510 1167 657 1202 stabilis
677 1167 724 1202 ad
748 1177 864 1213 quam
885 1170 1128 1202 concretatur
1147 1171 1184 1201 et
1210 1166 1491 1201 determinatur

197 1221 324 1266 ipsum
341 1220 405 1266 jus
426 1219 722 1255 indeterminate
740 1223 952 1265 sumptum.
973 1219 1093 1266 Igitur
1111 1218 1331 1265 primoloco
1352 1217 1487 1253 resolvi

197 1273 310 1309 debet
331 1273 491 1319 quaestio
515 1272 560 1307 de
588 1273 794 1316 abstracto,
824 1276 953 1306 utrum
983 1271 1126 1307 scilicet
1152 1282 1196 1307 ex
1221 1272 1308 1318 jure
1338 1274 1486 1306 naturae

199 1326 315 1362 homo
346 1325 486 1361 habeat
518 1324 739 1361 facultatem
772 1324 994 1370 acquirendi
1021 1328 1057 1359 et
1085 1323 1303 1371 possidendi
1331 1323 1485 1358 stabiles

198 1379 481 1426 proprietates3
510 1376 647 1412 deinde
668 1376 874 1412 dicendum
901 1376 947 1412 de
982 1377 1194 1423 quaestione
1221 1376 1260 1410 in
1293 1379 1484 1418 concreto,

196 1430 390 1467 undenam
407 1429 551 1466 scilicet
570 1429 688 1465 homo
710 1429 848 1465 habeat
876 1429 1090 1476 legitimam
1120 1429 1395 1474 possessionem
1421 1438 1487 1463 seu

197 1483 455 1519 constituatur
474 1486 561 1518 actu
595 1483 870 1530 proprietarius
893 1482 975 1528 agri
1004 1482 1033 1515 Α
1058 1480 1303 1516 determinati
1334 1480 1394 1516 vel
1424 1480 1487 1516 do·

196 1546 282 1571 mus
303 1536 343 1571 B.
363 1555 407 1561 —
430 1535 486 1570 Sit
505 1545 596 1582 ergo
621 1535 746 1581 prima
766 1534 959 1570 conclusio
983 1545 990 1569 :

239 1588 336 1624 VIII.
362 1588 484 1624 Homo
509 1588 594 1633 iure
620 1591 771 1623 naturae
787 1590 918 1632 potest
934 1588 1140 1631 acquirere
1159 1591 1199 1624 et.
1215 1587 1411 1632 possidere
1424 1587 1483 1623 do-

193 1642 313 1678 minio
328 1641 501 1686 perfecto
514 1640 674 1676 stabiles
690 1641 962 1685 proprietates.
986 1640 1072 1675 Haec
1086 1640 1298 1686 propositio
1317 1639 1485 1675 affirma-

198 1701 258 1730 tur
275 1694 466 1741 imprimis
485 1704 508 1729 a
524 1704 635 1729 sensu
648 1698 796 1728 naturae
817 1693 1027 1736 communi,
1041 1693 1106 1738 qui
1124 1692 1275 1728 fortiter
1285 1697 1322 1728 et
1333 1693 1483 1739 insupe-

196 1746 368 1782 rabiliter
388 1745 537 1781 obstitit
557 1750 594 1781 et
611 1756 762 1792 semper
776 1745 934 1781 obsistet
949 1745 1232 1780 communismo
1249 1756 1258 1790 3
1289 1749 1327 1780 et
1353 1745 1432 1791 qui,
1454 1745 1483 1779 si

195 1799 269 1836 alia
290 1803 519 1846 argumenta
538 1798 725 1842 deessent,
744 1802 842 1834 esset
859 1798 1011 1845 signum
1029 1798 1286 1833 certissimum
1305 1797 1407 1844 quod
1421 1798 1485 1844 jus

197 1850 417 1898 possidendi
443 1851 598 1887 stabiles
619 1851 872 1898 proprietates
893 1861 915 1885 a
935 1855 1073 1886 natura
1098 1849 1321 1886 immediate
1348 1850 1481 1885 oritur.

196 1904 269 1941 Sed
288 1905 487 1940 veniamus
514 1903 562 1939 ad
582 1908 824 1951 argumenta.
844 1903 965 1938 Homo
982 1904 1069 1950 jure
1090 1908 1239 1938 naturae
1260 1903 1483 1939 immediate

195 1957 389 1993 derivante
425 1967 470 1992 ex
498 1957 576 1992 suis
611 1956 747 1992 officiis
785 1956 1024 1992 naturalibus
1060 1966 1150 2002 erga
1186 1955 1321 2000 Deum,
1358 1960 1485 2002 potest

195 2008 390 2045 attendere
408 2008 456 2044 ad
471 2009 800 2045 conservationem
821 2018 899 2043 suae
920 2008 1022 2052 vitae,
1042 2007 1088 2042 ad
1107 2008 1379 2054 perfectionem
1402 2012 1483 2043 tum

145 2088 148 2090 -
194 2063 335 2098 animae
354 2066 436 2097 tum
453 2062 638 2109 corporis,
661 2066 698 2097 et
717 2059 905 2107 quidquid
927 2065 983 2095 est
1002 2070 1082 2095 suae
1097 2060 1262 2106 propriae
1275 2061 1483 2106 personali-

146 2142 150 2150 .
195 2115 285 2150 tatis
299 2114 475 2150 retinere.
488 2114 602 2160 Atqui
614 2113 781 2160 illudjus
796 2118 943 2149 naturae
963 2113 1032 2148 sub
1047 2112 1186 2159 triplici
1208 2112 1280 2147 hoc
1300 2112 1484 2158 adspectu

148 2161 154 2197 ἒ
195 2165 480 2203 consideratum
520 2167 705 2213 importat
742 2166 806 2213 jus
844 2164 1065 2211 acquirendi
1107 2164 1279 2200 dominio
1317 2164 1482 2211 perfecto

139 2233 153 2259 ,J
195 2219 351 2255 stabiles
362 2219 626 2266 proprietates.
642 2218 739 2266 Ergo
752 2219 869 2254 homo
877 2218 963 2264 jure
982 2222 1129 2253 naturae
1145 2222 1271 2264 potest
1287 2218 1482 2264 acquirere

196 2276 233 2308 et
250 2270 444 2319 possidere
464 2270 636 2306 dominio
652 2271 818 2318 perfecto
839 2270 993 2306 stabiles
1009 2271 1274 2317 proprietates.
1289 2291 1333 2297 —
1353 2271 1486 2318 Major

197 2329 301 2360 certa
329 2329 386 2360 est
405 2335 450 2360 ex
477 2323 588 2359 dictis
608 2324 646 2358 in
667 2323 972 2371 praecedentibus
993 2323 1176 2366 articulis,
1206 2328 1243 2358 et
1263 2323 1485 2359 conceditur

198 2377 245 2413 ab
268 2377 351 2423 ipso
373 2377 672 2419 communismo,
695 2377 765 2411 nisi
787 2375 889 2422 quod
907 2377 970 2422 Jus
992 2380 1139 2411 naturae
1161 2375 1256 2411 nolit
1277 2375 1438 2411 derivari
1462 2386 1483 2411 a
