<?xml version="1.0" encoding="UTF-8"?>
<!DOCTYPE html PUBLIC "-//W3C//DTD XHTML 1.0 Transitional//EN"
    "http://www.w3.org/TR/xhtml1/DTD/xhtml1-transitional.dtd">
<html xmlns="http://www.w3.org/1999/xhtml" xml:lang="en" lang="en">
 <head>
  <title>
</title>
<meta http-equiv="Content-Type" content="text/html;charset=utf-8" />
  <meta name='ocr-system' content='tesseract 3.04.00' />
  <meta name='ocr-capabilities' content='ocr_page ocr_carea ocr_par ocr_line ocrx_word'/>
</head>
<body>
  <div class='ocr_page' id='page_1' title='image "./summaphilosophic03zigluoft_0303.png"; bbox 0 0 1584 2569; ppageno 0'>
   <div class='ocr_carea' id='block_1_1' title="bbox 388 96 1407 133">
    <p class='ocr_par' dir='ltr' id='par_1_1' title="bbox 388 96 1407 133">
     <span class='ocr_line' id='line_1_1' title="bbox 388 96 1407 133; baseline -0.003 0"><span class='ocrx_word' id='word_1_1' title='bbox 388 108 470 133; x_wconf 71' lang='lat' dir='ltr'>Aur.</span> <span class='ocrx_word' id='word_1_2' title='bbox 498 108 553 133; x_wconf 88' lang='lat'>111.</span> <span class='ocrx_word' id='word_1_3' title='bbox 581 108 624 133; x_wconf 74' lang='lat' dir='ltr'>nn</span> <span class='ocrx_word' id='word_1_4' title='bbox 648 107 847 133; x_wconf 71' lang='lat' dir='ltr'>roi-nsunt</span> <span class='ocrx_word' id='word_1_5' title='bbox 871 107 1133 132; x_wconf 74' lang='lat' dir='ltr'>ECCLESIASTIGA</span> <span class='ocrx_word' id='word_1_6' title='bbox 1342 96 1407 130; x_wconf 81' lang='lat'>293</span> 
     </span>
    </p>
   </div>
   <div class='ocr_carea' id='block_1_2' title="bbox 117 176 1417 2389">
    <p class='ocr_par' dir='ltr' id='par_1_2' title="bbox 122 176 1408 281">
     <span class='ocr_line' id='line_1_2' title="bbox 123 176 1408 226; baseline -0.004 -10"><span class='ocrx_word' id='word_1_7' title='bbox 123 180 359 224; x_wconf 85' lang='lat' dir='ltr'>eximuntur,</span> <span class='ocrx_word' id='word_1_8' title='bbox 381 189 513 215; x_wconf 85' lang='lat' dir='ltr'>verum</span> <span class='ocrx_word' id='word_1_9' title='bbox 538 179 654 215; x_wconf 88' lang='lat' dir='ltr'>etiam</span> <span class='ocrx_word' id='word_1_10' title='bbox 674 180 713 215; x_wconf 90' lang='lat' dir='ltr'>in</span> <span class='ocrx_word' id='word_1_11' title='bbox 732 178 1008 226; x_wconf 65' lang='lat' dir='ltr'>quaestionibus</span> <span class='ocrx_word' id='word_1_12' title='bbox 1026 176 1301 225; x_wconf 89' lang='lat' dir='ltr'>jurisdictionis</span> <span class='ocrx_word' id='word_1_13' title='bbox 1317 176 1408 212; x_wconf 87' lang='lat' dir='ltr'>diri-</span> 
     </span>
     <span class='ocr_line' id='line_1_3' title="bbox 122 231 971 281; baseline -0.004 -11"><span class='ocrx_word' id='word_1_14' title='bbox 122 233 275 270; x_wconf 84' lang='lat' dir='ltr'>mendis</span> <span class='ocrx_word' id='word_1_15' title='bbox 292 233 508 281; x_wconf 87' lang='lat' dir='ltr'>superiores</span> <span class='ocrx_word' id='word_1_16' title='bbox 524 236 614 268; x_wconf 89' lang='lat' dir='ltr'>sunt</span> <span class='ocrx_word' id='word_1_17' title='bbox 630 232 796 268; x_wconf 82' lang='lat' dir='ltr'>Ecclesia</span> <span class='ocrx_word' id='word_1_18' title='bbox 816 247 832 265; x_wconf 71' lang='grc' dir='ltr'><strong>ι</strong></span> <span class='ocrx_word' id='word_1_19' title='bbox 855 231 971 278; x_wconf 89' lang='lat' dir='ltr'><strong>(LIV).</strong></span> 
     </span>
    </p>

    <p class='ocr_par' dir='ltr' id='par_1_3' title="bbox 117 285 1414 1281">
     <span class='ocr_line' id='line_1_4' title="bbox 169 285 1411 332; baseline -0.003 -10"><span class='ocrx_word' id='word_1_20' title='bbox 169 286 229 324; x_wconf 83' lang='lat' dir='ltr'>IV.</span> <span class='ocrx_word' id='word_1_21' title='bbox 247 287 325 323; x_wconf 88' lang='lat' dir='ltr'>Imo</span> <span class='ocrx_word' id='word_1_22' title='bbox 344 289 518 332; x_wconf 76' lang='lat' dir='ltr'>potestas</span> <span class='ocrx_word' id='word_1_23' title='bbox 537 287 664 323; x_wconf 82' lang='lat' dir='ltr'>civilis</span> <span class='ocrx_word' id='word_1_24' title='bbox 683 286 812 331; x_wconf 87' lang='lat' dir='ltr'>aliquo</span> <span class='ocrx_word' id='word_1_25' title='bbox 830 285 940 322; x_wconf 85' lang='lat' dir='ltr'>modo</span> <span class='ocrx_word' id='word_1_26' title='bbox 954 285 1128 331; x_wconf 83' lang='lat' dir='ltr'>subiecta</span> <span class='ocrx_word' id='word_1_27' title='bbox 1142 287 1202 321; x_wconf 81' lang='lat' dir='ltr'>est</span> <span class='ocrx_word' id='word_1_28' title='bbox 1215 286 1411 330; x_wconf 81' lang='lat' dir='ltr'>potestate</span> 
     </span>
     <span class='ocr_line' id='line_1_5' title="bbox 119 337 1409 385; baseline -0.004 -10"><span class='ocrx_word' id='word_1_29' title='bbox 119 339 318 385; x_wconf 77' lang='lat' dir='ltr'>spirituali</span> <span class='ocrx_word' id='word_1_30' title='bbox 345 339 489 376; x_wconf 85' lang='lat' dir='ltr'>Summi</span> <span class='ocrx_word' id='word_1_31' title='bbox 509 339 718 376; x_wconf 90' lang='lat' dir='ltr'>Pontificis.</span> <span class='ocrx_word' id='word_1_32' title='bbox 739 340 824 375; x_wconf 87' lang='lat' dir='ltr'>Haec</span> <span class='ocrx_word' id='word_1_33' title='bbox 843 338 1054 384; x_wconf 82' lang='lat' dir='ltr'>propositio</span> <span class='ocrx_word' id='word_1_34' title='bbox 1080 341 1136 373; x_wconf 86' lang='lat' dir='ltr'>est</span> <span class='ocrx_word' id='word_1_35' title='bbox 1157 337 1409 372; x_wconf 84' lang='lat' dir='ltr'>Corollarium</span> 
     </span>
     <span class='ocr_line' id='line_1_6' title="bbox 123 389 1411 439; baseline -0.003 -12"><span class='ocrx_word' id='word_1_36' title='bbox 123 390 389 439; x_wconf 66' lang='lat' dir='ltr'>praecedentis,</span> <span class='ocrx_word' id='word_1_37' title='bbox 420 396 457 427; x_wconf 92' lang='lat' dir='ltr'>et</span> <span class='ocrx_word' id='word_1_38' title='bbox 488 390 672 427; x_wconf 88' lang='lat' dir='ltr'>fundatur</span> <span class='ocrx_word' id='word_1_39' title='bbox 704 392 742 427; x_wconf 90' lang='lat' dir='ltr'>in</span> <span class='ocrx_word' id='word_1_40' title='bbox 769 391 905 427; x_wconf 90' lang='lat' dir='ltr'>eodem</span> <span class='ocrx_word' id='word_1_41' title='bbox 934 390 1136 438; x_wconf 90' lang='lat' dir='ltr'>principio.</span> <span class='ocrx_word' id='word_1_42' title='bbox 1174 389 1277 426; x_wconf 88' lang='lat' dir='ltr'>Sicut</span> <span class='ocrx_word' id='word_1_43' title='bbox 1310 389 1411 424; x_wconf 89' lang='lat' dir='ltr'>enim</span> 
     </span>
     <span class='ocr_line' id='line_1_7' title="bbox 117 441 1412 492; baseline -0.001 -15"><span class='ocrx_word' id='word_1_44' title='bbox 117 448 263 480; x_wconf 16' lang='lat' dir='ltr'>enatura</span> <span class='ocrx_word' id='word_1_45' title='bbox 283 446 320 479; x_wconf 92' lang='lat' dir='ltr'>et</span> <span class='ocrx_word' id='word_1_46' title='bbox 340 443 506 491; x_wconf 83' lang='lat' dir='ltr'>dignitas</span> <span class='ocrx_word' id='word_1_47' title='bbox 523 444 726 492; x_wconf 87' lang='lat' dir='ltr'>potestatis</span> <span class='ocrx_word' id='word_1_48' title='bbox 746 455 792 480; x_wconf 85' lang='lat' dir='ltr'>ex</span> <span class='ocrx_word' id='word_1_49' title='bbox 812 444 886 479; x_wconf 88' lang='lat' dir='ltr'>fine</span> <span class='ocrx_word' id='word_1_50' title='bbox 908 443 956 479; x_wconf 92' lang='lat' dir='ltr'>ad</span> <span class='ocrx_word' id='word_1_51' title='bbox 976 454 1092 490; x_wconf 85' lang='lat' dir='ltr'>quem</span> <span class='ocrx_word' id='word_1_52' title='bbox 1116 442 1230 478; x_wconf 84' lang='lat' dir='ltr'>datur</span> <span class='ocrx_word' id='word_1_53' title='bbox 1249 446 1286 478; x_wconf 86' lang='lat' dir='ltr'>et</span> <span class='ocrx_word' id='word_1_54' title='bbox 1307 441 1412 477; x_wconf 88' lang='lat' dir='ltr'>ordi-</span> 
     </span>
     <span class='ocr_line' id='line_1_8' title="bbox 119 495 1411 544; baseline -0.002 -12"><span class='ocrx_word' id='word_1_55' title='bbox 119 500 239 532; x_wconf 89' lang='lat' dir='ltr'>natur</span> <span class='ocrx_word' id='word_1_56' title='bbox 259 498 316 532; x_wconf 90' lang='lat' dir='ltr'>est</span> <span class='ocrx_word' id='word_1_57' title='bbox 343 496 592 541; x_wconf 87' lang='lat' dir='ltr'>desumenda,</span> <span class='ocrx_word' id='word_1_58' title='bbox 609 497 663 533; x_wconf 90' lang='lat' dir='ltr'>ita</span> <span class='ocrx_word' id='word_1_59' title='bbox 684 508 729 532; x_wconf 88' lang='lat' dir='ltr'>ex</span> <span class='ocrx_word' id='word_1_60' title='bbox 749 498 824 532; x_wconf 87' lang='lat' dir='ltr'>fine</span> <span class='ocrx_word' id='word_1_61' title='bbox 849 495 1075 544; x_wconf 88' lang='lat' dir='ltr'>accipienda</span> <span class='ocrx_word' id='word_1_62' title='bbox 1095 500 1151 531; x_wconf 90' lang='lat' dir='ltr'>est</span> <span class='ocrx_word' id='word_1_63' title='bbox 1172 498 1411 542; x_wconf 83' lang='lat' dir='ltr'>potestatum</span> 
     </span>
     <span class='ocr_line' id='line_1_9' title="bbox 117 548 1412 590; baseline -0.002 -5"><span class='ocrx_word' id='word_1_64' title='bbox 117 548 418 585; x_wconf 86' lang='lat' dir='ltr'>coexistentium</span> <span class='ocrx_word' id='word_1_65' title='bbox 445 550 545 586; x_wconf 91' lang='lat' dir='ltr'>inter</span> <span class='ocrx_word' id='word_1_66' title='bbox 567 560 605 585; x_wconf 93' lang='lat' dir='ltr'>se</span> <span class='ocrx_word' id='word_1_67' title='bbox 633 549 898 586; x_wconf 86' lang='lat' dir='ltr'>subordinatio</span> <span class='ocrx_word' id='word_1_68' title='bbox 922 559 930 584; x_wconf 92' lang='lat'>:</span> <span class='ocrx_word' id='word_1_69' title='bbox 951 549 1006 584; x_wconf 90' lang='lat' dir='ltr'>ita</span> <span class='ocrx_word' id='word_1_70' title='bbox 1030 559 1168 590; x_wconf 84' lang='lat' dir='ltr'>nempe</span> <span class='ocrx_word' id='word_1_71' title='bbox 1194 551 1235 583; x_wconf 92' lang='lat' dir='ltr'>ut</span> <span class='ocrx_word' id='word_1_72' title='bbox 1261 548 1293 584; x_wconf 89' lang='lat' dir='ltr'>si</span> <span class='ocrx_word' id='word_1_73' title='bbox 1318 548 1412 583; x_wconf 86' lang='lat' dir='ltr'>fines</span> 
     </span>
     <span class='ocr_line' id='line_1_10' title="bbox 120 600 1411 646; baseline -0.002 -9"><span class='ocrx_word' id='word_1_74' title='bbox 120 601 271 638; x_wconf 87' lang='lat' dir='ltr'>nullam</span> <span class='ocrx_word' id='word_1_75' title='bbox 289 601 644 639; x_wconf 83' lang='lat' dir='ltr'>subordinationem</span> <span class='ocrx_word' id='word_1_76' title='bbox 655 602 822 639; x_wconf 85' lang='lat' dir='ltr'>habeant</span> <span class='ocrx_word' id='word_1_77' title='bbox 839 602 888 638; x_wconf 92' lang='lat' dir='ltr'>ad</span> <span class='ocrx_word' id='word_1_78' title='bbox 903 602 1077 646; x_wconf 90' lang='lat' dir='ltr'>invicem,</span> <span class='ocrx_word' id='word_1_79' title='bbox 1091 601 1196 637; x_wconf 88' lang='lat' dir='ltr'>nulla</span> <span class='ocrx_word' id='word_1_80' title='bbox 1216 601 1264 636; x_wconf 87' lang='lat' dir='ltr'>sit</span> <span class='ocrx_word' id='word_1_81' title='bbox 1281 600 1411 636; x_wconf 87' lang='lat' dir='ltr'>subor-</span> 
     </span>
     <span class='ocr_line' id='line_1_11' title="bbox 122 653 1411 700; baseline -0.001 -11"><span class='ocrx_word' id='word_1_82' title='bbox 122 653 271 690; x_wconf 89' lang='lat' dir='ltr'>dinatio</span> <span class='ocrx_word' id='word_1_83' title='bbox 292 658 529 700; x_wconf 84' lang='lat' dir='ltr'>potestatum</span> <span class='ocrx_word' id='word_1_84' title='bbox 553 665 560 690; x_wconf 91' lang='lat'><strong>:</strong></span> <span class='ocrx_word' id='word_1_85' title='bbox 582 655 647 691; x_wconf 77' lang='lat' dir='ltr'>sed</span> <span class='ocrx_word' id='word_1_86' title='bbox 669 656 699 690; x_wconf 91' lang='lat' dir='ltr'>si</span> <span class='ocrx_word' id='word_1_87' title='bbox 719 659 853 691; x_wconf 90' lang='lat' dir='ltr'>contra</span> <span class='ocrx_word' id='word_1_88' title='bbox 873 655 968 690; x_wconf 82' lang='lat' dir='ltr'>fines</span> <span class='ocrx_word' id='word_1_89' title='bbox 989 655 1065 690; x_wconf 91' lang='lat' dir='ltr'>sint</span> <span class='ocrx_word' id='word_1_90' title='bbox 1083 654 1337 698; x_wconf 87' lang='lat' dir='ltr'>subordinati‚</span> <span class='ocrx_word' id='word_1_91' title='bbox 1354 664 1411 688; x_wconf 91' lang='lat' dir='ltr'>su-</span> 
     </span>
     <span class='ocr_line' id='line_1_12' title="bbox 123 705 1410 754; baseline -0.001 -12"><span class='ocrx_word' id='word_1_92' title='bbox 123 705 340 742; x_wconf 83' lang='lat' dir='ltr'>bordinatae</span> <span class='ocrx_word' id='word_1_93' title='bbox 352 717 434 743; x_wconf 89' lang='lat' dir='ltr'>esse</span> <span class='ocrx_word' id='word_1_94' title='bbox 453 707 617 743; x_wconf 85' lang='lat' dir='ltr'>debeant</span> <span class='ocrx_word' id='word_1_95' title='bbox 634 710 855 753; x_wconf 84' lang='lat' dir='ltr'>potestates.</span> <span class='ocrx_word' id='word_1_96' title='bbox 878 707 1090 753; x_wconf 83' lang='lat' dir='ltr'>Atquifinis</span> <span class='ocrx_word' id='word_1_97' title='bbox 1112 706 1311 754; x_wconf 85' lang='lat' dir='ltr'>potestatis</span> <span class='ocrx_word' id='word_1_98' title='bbox 1325 706 1410 742; x_wconf 88' lang='lat' dir='ltr'>civi-</span> 
     </span>
     <span class='ocr_line' id='line_1_13' title="bbox 123 758 1411 808; baseline -0.001 -13"><span class='ocrx_word' id='word_1_99' title='bbox 123 759 170 795; x_wconf 76' lang='lat' dir='ltr'>lis</span> <span class='ocrx_word' id='word_1_100' title='bbox 190 758 381 806; x_wconf 85' lang='lat' dir='ltr'>dependet</span> <span class='ocrx_word' id='word_1_101' title='bbox 406 760 534 807; x_wconf 87' lang='lat' dir='ltr'>aliquo</span> <span class='ocrx_word' id='word_1_102' title='bbox 562 760 679 796; x_wconf 91' lang='lat' dir='ltr'>modo</span> <span class='ocrx_word' id='word_1_103' title='bbox 703 771 725 796; x_wconf 88' lang='lat' dir='ltr'>a</span> <span class='ocrx_word' id='word_1_104' title='bbox 744 760 818 796; x_wconf 86' lang='lat' dir='ltr'>fine</span> <span class='ocrx_word' id='word_1_105' title='bbox 848 761 1052 808; x_wconf 86' lang='lat' dir='ltr'>potestatis</span> <span class='ocrx_word' id='word_1_106' title='bbox 1073 759 1283 807; x_wconf 88' lang='lat' dir='ltr'>spiritualis</span> <span class='ocrx_word' id='word_1_107' title='bbox 1304 759 1411 805; x_wconf 86' lang='lat' dir='ltr'>eique</span> 
     </span>
     <span class='ocr_line' id='line_1_14' title="bbox 123 812 1412 859; baseline -0.001 -12"><span class='ocrx_word' id='word_1_108' title='bbox 123 812 427 849; x_wconf 83' lang='lat' dir='ltr'>subordinatur:</span> <span class='ocrx_word' id='word_1_109' title='bbox 459 814 548 849; x_wconf 85' lang='lat' dir='ltr'>finis</span> <span class='ocrx_word' id='word_1_110' title='bbox 579 814 682 849; x_wconf 91' lang='lat' dir='ltr'>enim</span> <span class='ocrx_word' id='word_1_111' title='bbox 712 813 962 849; x_wconf 85' lang='lat' dir='ltr'>immediatus</span> <span class='ocrx_word' id='word_1_112' title='bbox 988 813 1190 859; x_wconf 87' lang='lat' dir='ltr'>potestatis</span> <span class='ocrx_word' id='word_1_113' title='bbox 1218 812 1335 847; x_wconf 87' lang='lat' dir='ltr'>civilis</span> <span class='ocrx_word' id='word_1_114' title='bbox 1358 816 1412 847; x_wconf 77' lang='lat' dir='ltr'>est</span> 
     </span>
     <span class='ocr_line' id='line_1_15' title="bbox 124 865 1411 914; baseline 0 -14"><span class='ocrx_word' id='word_1_115' title='bbox 124 865 286 901; x_wconf 82' lang='lat' dir='ltr'>felicitas</span> <span class='ocrx_word' id='word_1_116' title='bbox 306 865 531 912; x_wconf 80' lang='lat' dir='ltr'>imperfecta</span> <span class='ocrx_word' id='word_1_117' title='bbox 550 866 664 913; x_wconf 82' lang='lat' dir='ltr'>hujus</span> <span class='ocrx_word' id='word_1_118' title='bbox 684 866 781 909; x_wconf 81' lang='lat' dir='ltr'>vitae‚</span> <span class='ocrx_word' id='word_1_119' title='bbox 804 877 891 914; x_wconf 85' lang='lat' dir='ltr'>quae</span> <span class='ocrx_word' id='word_1_120' title='bbox 911 866 1015 901; x_wconf 88' lang='lat' dir='ltr'>nulla</span> <span class='ocrx_word' id='word_1_121' title='bbox 1036 870 1168 902; x_wconf 86' lang='lat' dir='ltr'>estaut</span> <span class='ocrx_word' id='word_1_122' title='bbox 1188 869 1245 901; x_wconf 88' lang='lat' dir='ltr'>est</span> <span class='ocrx_word' id='word_1_123' title='bbox 1265 865 1411 910; x_wconf 85' lang='lat' dir='ltr'>fictitia,</span> 
     </span>
     <span class='ocr_line' id='line_1_16' title="bbox 122 918 1405 966; baseline 0 -13"><span class='ocrx_word' id='word_1_124' title='bbox 122 918 196 953; x_wconf 91' lang='lat' dir='ltr'>nisi</span> <span class='ocrx_word' id='word_1_125' title='bbox 222 918 272 954; x_wconf 89' lang='lat' dir='ltr'>sit</span> <span class='ocrx_word' id='word_1_126' title='bbox 298 918 472 954; x_wconf 89' lang='lat' dir='ltr'>medium</span> <span class='ocrx_word' id='word_1_127' title='bbox 504 919 726 955; x_wconf 89' lang='lat' dir='ltr'>ordinatum</span> <span class='ocrx_word' id='word_1_128' title='bbox 753 924 790 955; x_wconf 91' lang='lat' dir='ltr'>et</span> <span class='ocrx_word' id='word_1_129' title='bbox 812 920 1026 966; x_wconf 84' lang='lat' dir='ltr'>subjectum</span> <span class='ocrx_word' id='word_1_130' title='bbox 1054 918 1279 954; x_wconf 86' lang='lat' dir='ltr'>beatitudini</span> <span class='ocrx_word' id='word_1_131' title='bbox 1306 922 1405 954; x_wconf 85' lang='lat' dir='ltr'>aeter-</span> 
     </span>
     <span class='ocr_line' id='line_1_17' title="bbox 123 970 1411 1018; baseline -0.001 -12"><span class='ocrx_word' id='word_1_132' title='bbox 123 981 198 1015; x_wconf 85' lang='lat' dir='ltr'>nae,</span> <span class='ocrx_word' id='word_1_133' title='bbox 219 981 305 1018; x_wconf 85' lang='lat' dir='ltr'>quae</span> <span class='ocrx_word' id='word_1_134' title='bbox 326 974 381 1007; x_wconf 90' lang='lat' dir='ltr'>est</span> <span class='ocrx_word' id='word_1_135' title='bbox 402 971 487 1007; x_wconf 85' lang='lat' dir='ltr'>finis</span> <span class='ocrx_word' id='word_1_136' title='bbox 507 971 682 1008; x_wconf 87' lang='lat' dir='ltr'>Ecclesiae</span> <span class='ocrx_word' id='word_1_137' title='bbox 699 972 837 1007; x_wconf 87' lang='lat' dir='ltr'>Christi</span> <span class='ocrx_word' id='word_1_138' title='bbox 858 975 894 1007; x_wconf 90' lang='lat' dir='ltr'>et</span> <span class='ocrx_word' id='word_1_139' title='bbox 914 973 1116 1018; x_wconf 86' lang='lat' dir='ltr'>potestatis</span> <span class='ocrx_word' id='word_1_140' title='bbox 1135 970 1411 1007; x_wconf 79' lang='lat' dir='ltr'>ecclesiasticae.</span> 
     </span>
     <span class='ocr_line' id='line_1_18' title="bbox 125 1024 1413 1072; baseline -0.001 -13"><span class='ocrx_word' id='word_1_141' title='bbox 125 1025 224 1070; x_wconf 83' lang='lat' dir='ltr'>Ergo</span> <span class='ocrx_word' id='word_1_142' title='bbox 245 1034 322 1060; x_wconf 93' lang='lat' dir='ltr'>non</span> <span class='ocrx_word' id='word_1_143' title='bbox 343 1024 469 1060; x_wconf 90' lang='lat' dir='ltr'>solum</span> <span class='ocrx_word' id='word_1_144' title='bbox 490 1028 660 1072; x_wconf 90' lang='lat' dir='ltr'>potestas</span> <span class='ocrx_word' id='word_1_145' title='bbox 680 1024 943 1061; x_wconf 85' lang='lat' dir='ltr'>Ecclesiastica</span> <span class='ocrx_word' id='word_1_146' title='bbox 963 1024 1001 1059; x_wconf 92' lang='lat' dir='ltr'>in</span> <span class='ocrx_word' id='word_1_147' title='bbox 1022 1024 1208 1071; x_wconf 81' lang='lat' dir='ltr'>regimine</span> <span class='ocrx_word' id='word_1_148' title='bbox 1224 1024 1413 1071; x_wconf 87' lang='lat' dir='ltr'>spirituali</span> 
     </span>
     <span class='ocr_line' id='line_1_19' title="bbox 125 1076 1414 1124; baseline 0 -13"><span class='ocrx_word' id='word_1_149' title='bbox 125 1076 299 1112; x_wconf 84' lang='lat' dir='ltr'>Ecclesiae</span> <span class='ocrx_word' id='word_1_150' title='bbox 319 1079 376 1112; x_wconf 86' lang='lat' dir='ltr'>est</span> <span class='ocrx_word' id='word_1_151' title='bbox 401 1077 663 1124; x_wconf 85' lang='lat' dir='ltr'>independens</span> <span class='ocrx_word' id='word_1_152' title='bbox 683 1078 840 1114; x_wconf 90' lang='lat' dir='ltr'>omnino</span> <span class='ocrx_word' id='word_1_153' title='bbox 863 1088 885 1113; x_wconf 88' lang='lat' dir='ltr'>a</span> <span class='ocrx_word' id='word_1_154' title='bbox 907 1080 1095 1124; x_wconf 86' lang='lat' dir='ltr'>potestate</span> <span class='ocrx_word' id='word_1_155' title='bbox 1115 1076 1227 1121; x_wconf 83' lang='lat' dir='ltr'>civili,</span> <span class='ocrx_word' id='word_1_156' title='bbox 1251 1076 1316 1112; x_wconf 87' lang='lat' dir='ltr'>sed</span> <span class='ocrx_word' id='word_1_157' title='bbox 1335 1076 1414 1111; x_wconf 78' lang='lat' dir='ltr'>haec</span> 
     </span>
     <span class='ocr_line' id='line_1_20' title="bbox 125 1129 1413 1177; baseline -0.001 -12"><span class='ocrx_word' id='word_1_158' title='bbox 125 1129 310 1176; x_wconf 87' lang='lat' dir='ltr'>potestati</span> <span class='ocrx_word' id='word_1_159' title='bbox 329 1129 597 1166; x_wconf 66' lang='lat' dir='ltr'>ecclesiasticae</span> <span class='ocrx_word' id='word_1_160' title='bbox 617 1130 819 1177; x_wconf 89' lang='lat' dir='ltr'>subjicitur</span> <span class='ocrx_word' id='word_1_161' title='bbox 829 1141 873 1166; x_wconf 91' lang='lat' dir='ltr'>eo</span> <span class='ocrx_word' id='word_1_162' title='bbox 886 1130 1002 1166; x_wconf 91' lang='lat' dir='ltr'>modo</span> <span class='ocrx_word' id='word_1_163' title='bbox 1020 1140 1096 1177; x_wconf 88' lang='lat' dir='ltr'>quo</span> <span class='ocrx_word' id='word_1_164' title='bbox 1110 1130 1196 1165; x_wconf 82' lang='lat' dir='ltr'>finis</span> <span class='ocrx_word' id='word_1_165' title='bbox 1217 1130 1330 1165; x_wconf 86' lang='lat' dir='ltr'>unius</span> <span class='ocrx_word' id='word_1_166' title='bbox 1350 1129 1413 1164; x_wconf 83' lang='lat' dir='ltr'>fini</span> 
     </span>
     <span class='ocr_line' id='line_1_21' title="bbox 123 1181 1414 1229; baseline 0 -12"><span class='ocrx_word' id='word_1_167' title='bbox 123 1181 328 1229; x_wconf 88' lang='lat' dir='ltr'>subjicitur</span> <span class='ocrx_word' id='word_1_168' title='bbox 354 1182 524 1218; x_wconf 89' lang='lat' dir='ltr'>alterius.</span> <span class='ocrx_word' id='word_1_169' title='bbox 557 1203 603 1210; x_wconf 94' lang='lat'>--</span> <span class='ocrx_word' id='word_1_170' title='bbox 636 1183 690 1219; x_wconf 80' lang='lat' dir='ltr'>Cf.</span> <span class='ocrx_word' id='word_1_171' title='bbox 721 1184 942 1219; x_wconf 89' lang='lat' dir='ltr'>Franciscus</span> <span class='ocrx_word' id='word_1_172' title='bbox 977 1183 1156 1226; x_wconf 82' lang='lat' dir='ltr'>Victoria,</span> <span class='ocrx_word' id='word_1_173' title='bbox 1189 1182 1414 1219; x_wconf 81' lang='lat' dir='ltr'>Relectiones</span> 
     </span>
     <span class='ocr_line' id='line_1_22' title="bbox 123 1234 1412 1281; baseline 0 -11"><span class='ocrx_word' id='word_1_174' title='bbox 123 1234 284 1281; x_wconf 75' lang='lat' dir='ltr'>theoloy.</span> <span class='ocrx_word' id='word_1_175' title='bbox 308 1235 445 1271; x_wconf 89' lang='lat' dir='ltr'>Relect.</span> <span class='ocrx_word' id='word_1_176' title='bbox 468 1236 497 1270; x_wconf 90' lang='grc' dir='ltr'>Ι.</span> <span class='ocrx_word' id='word_1_177' title='bbox 519 1235 575 1271; x_wconf 84' lang='lat' dir='ltr'>De</span> <span class='ocrx_word' id='word_1_178' title='bbox 588 1239 772 1281; x_wconf 78' lang='lat' dir='ltr'>potestate</span> <span class='ocrx_word' id='word_1_179' title='bbox 787 1235 983 1279; x_wconf 64' lang='lat' dir='ltr'>Ecclesiae,</span> <span class='ocrx_word' id='word_1_180' title='bbox 1005 1236 1100 1271; x_wconf 86' lang='lat' dir='ltr'>Sect.</span> <span class='ocrx_word' id='word_1_181' title='bbox 1120 1235 1198 1277; x_wconf 92' lang='lat' dir='ltr'><strong>IV‚-</strong></span> <span class='ocrx_word' id='word_1_182' title='bbox 1220 1236 1331 1281; x_wconf 89' lang='lat' dir='ltr'>Prop.</span> <span class='ocrx_word' id='word_1_183' title='bbox 1356 1235 1412 1271; x_wconf 83' lang='lat' dir='ltr'>VL</span> 
     </span>
    </p>

    <p class='ocr_par' dir='ltr' id='par_1_4' title="bbox 120 1287 1416 2178">
     <span class='ocr_line' id='line_1_23' title="bbox 172 1287 1410 1335; baseline 0 -12"><span class='ocrx_word' id='word_1_184' title='bbox 172 1288 215 1323; x_wconf 87' lang='lat' dir='ltr'>V.</span> <span class='ocrx_word' id='word_1_185' title='bbox 225 1287 397 1324; x_wconf 84' lang='lat' dir='ltr'>Ecclesia</span> <span class='ocrx_word' id='word_1_186' title='bbox 404 1289 629 1333; x_wconf 84' lang='lat' dir='ltr'>plenissima</span> <span class='ocrx_word' id='word_1_187' title='bbox 638 1289 780 1335; x_wconf 72' lang='lat' dir='ltr'>gaudet</span> <span class='ocrx_word' id='word_1_188' title='bbox 793 1289 983 1325; x_wconf 84' lang='lat' dir='ltr'>facultate</span> <span class='ocrx_word' id='word_1_189' title='bbox 993 1288 1153 1324; x_wconf 89' lang='lat' dir='ltr'>docendi</span> <span class='ocrx_word' id='word_1_190' title='bbox 1161 1287 1410 1333; x_wconf 87' lang='lat' dir='ltr'>independen-</span> 
     </span>
     <span class='ocr_line' id='line_1_24' title="bbox 120 1339 1414 1386; baseline -0.002 -9"><span class='ocrx_word' id='word_1_191' title='bbox 120 1343 187 1377; x_wconf 71' lang='lat' dir='ltr'>ter</span> <span class='ocrx_word' id='word_1_192' title='bbox 206 1349 229 1376; x_wconf 90' lang='lat' dir='ltr'>a</span> <span class='ocrx_word' id='word_1_193' title='bbox 246 1343 444 1386; x_wconf 84' lang='lat' dir='ltr'>potestate</span> <span class='ocrx_word' id='word_1_194' title='bbox 455 1342 574 1377; x_wconf 79' lang='lat' dir='ltr'>civili.</span> <span class='ocrx_word' id='word_1_195' title='bbox 597 1342 700 1378; x_wconf 89' lang='lat' dir='ltr'>Hanc</span> <span class='ocrx_word' id='word_1_196' title='bbox 712 1341 998 1377; x_wconf 86' lang='lat' dir='ltr'>conclusionem</span> <span class='ocrx_word' id='word_1_197' title='bbox 1008 1341 1080 1376; x_wconf 89' lang='lat' dir='ltr'>hoc</span> <span class='ocrx_word' id='word_1_198' title='bbox 1098 1340 1137 1376; x_wconf 88' lang='lat' dir='ltr'>in</span> <span class='ocrx_word' id='word_1_199' title='bbox 1149 1339 1232 1376; x_wconf 90' lang='lat' dir='ltr'>loco</span> <span class='ocrx_word' id='word_1_200' title='bbox 1251 1339 1414 1386; x_wconf 87' lang='lat' dir='ltr'>proban-</span> 
     </span>
     <span class='ocr_line' id='line_1_25' title="bbox 123 1391 1411 1441; baseline -0.001 -14"><span class='ocrx_word' id='word_1_201' title='bbox 123 1392 217 1428; x_wconf 88' lang='lat' dir='ltr'>dam</span> <span class='ocrx_word' id='word_1_202' title='bbox 234 1393 478 1440; x_wconf 89' lang='lat' dir='ltr'>suscipimus,</span> <span class='ocrx_word' id='word_1_203' title='bbox 494 1393 586 1440; x_wconf 88' lang='lat' dir='ltr'>quia</span> <span class='ocrx_word' id='word_1_204' title='bbox 594 1397 651 1429; x_wconf 90' lang='lat' dir='ltr'>est</span> <span class='ocrx_word' id='word_1_205' title='bbox 668 1393 831 1441; x_wconf 90' lang='lat' dir='ltr'>speciale</span> <span class='ocrx_word' id='word_1_206' title='bbox 841 1392 905 1440; x_wconf 86' lang='lat' dir='ltr'>jus</span> <span class='ocrx_word' id='word_1_207' title='bbox 922 1392 1124 1440; x_wconf 88' lang='lat' dir='ltr'>potestatis</span> <span class='ocrx_word' id='word_1_208' title='bbox 1138 1391 1411 1428; x_wconf 83' lang='lat' dir='ltr'>ecclesiasticae.</span> 
     </span>
     <span class='ocr_line' id='line_1_26' title="bbox 126 1443 1410 1493; baseline -0.001 -13"><span class='ocrx_word' id='word_1_209' title='bbox 126 1445 210 1481; x_wconf 90' lang='lat' dir='ltr'>Non</span> <span class='ocrx_word' id='word_1_210' title='bbox 226 1444 365 1492; x_wconf 89' lang='lat' dir='ltr'>loquor</span> <span class='ocrx_word' id='word_1_211' title='bbox 384 1445 431 1481; x_wconf 89' lang='lat' dir='ltr'>de</span> <span class='ocrx_word' id='word_1_212' title='bbox 451 1450 642 1493; x_wconf 85' lang='lat' dir='ltr'>potestate</span> <span class='ocrx_word' id='word_1_213' title='bbox 663 1445 825 1482; x_wconf 89' lang='lat' dir='ltr'>docendi</span> <span class='ocrx_word' id='word_1_214' title='bbox 845 1456 978 1482; x_wconf 88' lang='lat' dir='ltr'>omnes</span> <span class='ocrx_word' id='word_1_215' title='bbox 999 1449 1131 1491; x_wconf 85' lang='lat' dir='ltr'>gentes</span> <span class='ocrx_word' id='word_1_216' title='bbox 1149 1444 1209 1490; x_wconf 89' lang='lat' dir='ltr'>(de</span> <span class='ocrx_word' id='word_1_217' title='bbox 1228 1443 1293 1480; x_wconf 90' lang='lat' dir='ltr'>illa</span> <span class='ocrx_word' id='word_1_218' title='bbox 1309 1443 1410 1480; x_wconf 92' lang='lat' dir='ltr'>enim</span> 
     </span>
     <span class='ocr_line' id='line_1_27' title="bbox 125 1496 1414 1545; baseline -0.002 -12"><span class='ocrx_word' id='word_1_219' title='bbox 125 1507 247 1544; x_wconf 78' lang='lat' dir='ltr'>supra</span> <span class='ocrx_word' id='word_1_220' title='bbox 273 1497 418 1534; x_wconf 87' lang='lat' dir='ltr'>dictum</span> <span class='ocrx_word' id='word_1_221' title='bbox 444 1499 528 1544; x_wconf 86' lang='lat' dir='ltr'>est),</span> <span class='ocrx_word' id='word_1_222' title='bbox 561 1499 628 1535; x_wconf 89' lang='lat' dir='ltr'>sed</span> <span class='ocrx_word' id='word_1_223' title='bbox 657 1499 903 1545; x_wconf 87' lang='lat' dir='ltr'>peculiariter</span> <span class='ocrx_word' id='word_1_224' title='bbox 931 1498 977 1534; x_wconf 90' lang='lat' dir='ltr'>de</span> <span class='ocrx_word' id='word_1_225' title='bbox 1004 1500 1192 1544; x_wconf 85' lang='lat' dir='ltr'>potestate</span> <span class='ocrx_word' id='word_1_226' title='bbox 1218 1496 1414 1543; x_wconf 89' lang='lat' dir='ltr'>aperiendi</span> 
     </span>
     <span class='ocr_line' id='line_1_28' title="bbox 126 1549 1415 1599; baseline -0.001 -14"><span class='ocrx_word' id='word_1_227' title='bbox 126 1549 278 1586; x_wconf 89' lang='lat' dir='ltr'>scholas</span> <span class='ocrx_word' id='word_1_228' title='bbox 297 1560 306 1586; x_wconf 94' lang='lat'><strong>:</strong></span> <span class='ocrx_word' id='word_1_229' title='bbox 327 1550 426 1587; x_wconf 88' lang='lat' dir='ltr'>hanc</span> <span class='ocrx_word' id='word_1_230' title='bbox 443 1554 673 1599; x_wconf 86' lang='lat' dir='ltr'>potestatem</span> <span class='ocrx_word' id='word_1_231' title='bbox 691 1562 820 1588; x_wconf 90' lang='lat' dir='ltr'>assero</span> <span class='ocrx_word' id='word_1_232' title='bbox 832 1555 1049 1599; x_wconf 87' lang='lat' dir='ltr'>competere</span> <span class='ocrx_word' id='word_1_233' title='bbox 1069 1550 1333 1596; x_wconf 87' lang='lat' dir='ltr'>plenissimam</span> <span class='ocrx_word' id='word_1_234' title='bbox 1352 1550 1415 1585; x_wconf 91' lang='lat' dir='ltr'>Ec-</span> 
     </span>
     <span class='ocr_line' id='line_1_29' title="bbox 122 1601 1416 1651; baseline -0.002 -13"><span class='ocrx_word' id='word_1_235' title='bbox 122 1602 466 1639; x_wconf 82' lang='lat' dir='ltr'>clesiaeCatholicae</span> <span class='ocrx_word' id='word_1_236' title='bbox 487 1604 788 1651; x_wconf 88' lang='lat' dir='ltr'>independenter</span> <span class='ocrx_word' id='word_1_237' title='bbox 805 1615 827 1640; x_wconf 91' lang='lat' dir='ltr'>a</span> <span class='ocrx_word' id='word_1_238' title='bbox 841 1607 1031 1651; x_wconf 85' lang='lat' dir='ltr'>potestate</span> <span class='ocrx_word' id='word_1_239' title='bbox 1047 1603 1161 1640; x_wconf 86' lang='lat' dir='ltr'>civili.</span> <span class='ocrx_word' id='word_1_240' title='bbox 1172 1623 1216 1628; x_wconf 91' lang='lat'>—</span> <span class='ocrx_word' id='word_1_241' title='bbox 1227 1601 1416 1638; x_wconf 87' lang='lat' dir='ltr'>Probatur</span> 
     </span>
     <span class='ocr_line' id='line_1_30' title="bbox 128 1655 1414 1702; baseline -0.001 -11"><span class='ocrx_word' id='word_1_242' title='bbox 128 1656 355 1702; x_wconf 89' lang='lat' dir='ltr'>propositio.</span> <span class='ocrx_word' id='word_1_243' title='bbox 386 1656 555 1693; x_wconf 85' lang='lat' dir='ltr'>Ecclesia</span> <span class='ocrx_word' id='word_1_244' title='bbox 580 1658 684 1693; x_wconf 90' lang='lat' dir='ltr'>enim</span> <span class='ocrx_word' id='word_1_245' title='bbox 704 1657 891 1693; x_wconf 88' lang='lat' dir='ltr'>catholica</span> <span class='ocrx_word' id='word_1_246' title='bbox 914 1660 971 1692; x_wconf 91' lang='lat' dir='ltr'>est</span> <span class='ocrx_word' id='word_1_247' title='bbox 1000 1666 1078 1691; x_wconf 92' lang='lat' dir='ltr'>non</span> <span class='ocrx_word' id='word_1_248' title='bbox 1104 1655 1230 1691; x_wconf 89' lang='lat' dir='ltr'>solum</span> <span class='ocrx_word' id='word_1_249' title='bbox 1256 1655 1414 1691; x_wconf 86' lang='lat' dir='ltr'>societas</span> 
     </span>
     <span class='ocr_line' id='line_1_31' title="bbox 126 1708 1415 1756; baseline -0.001 -13"><span class='ocrx_word' id='word_1_250' title='bbox 126 1708 308 1755; x_wconf 87' lang='lat' dir='ltr'>perfecta,</span> <span class='ocrx_word' id='word_1_251' title='bbox 327 1708 395 1746; x_wconf 84' lang='lat' dir='ltr'>sed</span> <span class='ocrx_word' id='word_1_252' title='bbox 414 1709 501 1745; x_wconf 90' lang='lat' dir='ltr'>talis</span> <span class='ocrx_word' id='word_1_253' title='bbox 521 1710 684 1745; x_wconf 89' lang='lat' dir='ltr'>societas</span> <span class='ocrx_word' id='word_1_254' title='bbox 703 1710 871 1756; x_wconf 83' lang='lat' dir='ltr'>perfecta</span> <span class='ocrx_word' id='word_1_255' title='bbox 884 1719 970 1756; x_wconf 76' lang='lat' dir='ltr'>quae</span> <span class='ocrx_word' id='word_1_256' title='bbox 979 1708 1155 1756; x_wconf 88' lang='lat' dir='ltr'>superior</span> <span class='ocrx_word' id='word_1_257' title='bbox 1170 1708 1415 1744; x_wconf 88' lang='lat' dir='ltr'>estsocietate</span> 
     </span>
     <span class='ocr_line' id='line_1_32' title="bbox 125 1760 1414 1804; baseline 0 -9"><span class='ocrx_word' id='word_1_258' title='bbox 125 1760 225 1796; x_wconf 86' lang='lat' dir='ltr'>civili</span> <span class='ocrx_word' id='word_1_259' title='bbox 245 1765 282 1796; x_wconf 86' lang='lat' dir='ltr'>et</span> <span class='ocrx_word' id='word_1_260' title='bbox 301 1761 361 1796; x_wconf 88' lang='lat' dir='ltr'>cui</span> <span class='ocrx_word' id='word_1_261' title='bbox 379 1762 542 1797; x_wconf 89' lang='lat' dir='ltr'>societas</span> <span class='ocrx_word' id='word_1_262' title='bbox 562 1762 681 1798; x_wconf 84' lang='lat' dir='ltr'>civilis</span> <span class='ocrx_word' id='word_1_263' title='bbox 700 1762 988 1804; x_wconf 87' lang='lat' dir='ltr'>subordinatur,</span> <span class='ocrx_word' id='word_1_264' title='bbox 1011 1765 1053 1796; x_wconf 92' lang='lat' dir='ltr'>ut</span> <span class='ocrx_word' id='word_1_265' title='bbox 1074 1761 1219 1796; x_wconf 85' lang='lat' dir='ltr'>dietum</span> <span class='ocrx_word' id='word_1_266' title='bbox 1240 1763 1309 1796; x_wconf 88' lang='lat' dir='ltr'>est.</span> <span class='ocrx_word' id='word_1_267' title='bbox 1327 1761 1414 1795; x_wconf 89' lang='lat' dir='ltr'>Pro-</span> 
     </span>
     <span class='ocr_line' id='line_1_33' title="bbox 129 1812 1413 1861; baseline 0 -14"><span class='ocrx_word' id='word_1_268' title='bbox 129 1812 304 1848; x_wconf 84' lang='lat' dir='ltr'>bavimus</span> <span class='ocrx_word' id='word_1_269' title='bbox 324 1816 454 1849; x_wconf 85' lang='lat' dir='ltr'>autem</span> <span class='ocrx_word' id='word_1_270' title='bbox 475 1815 548 1858; x_wconf 84' lang='lat'>(46,</span> <span class='ocrx_word' id='word_1_271' title='bbox 563 1814 640 1861; x_wconf 84' lang='lat' dir='ltr'>VII)</span> <span class='ocrx_word' id='word_1_272' title='bbox 659 1815 833 1850; x_wconf 85' lang='lat' dir='ltr'>societati</span> <span class='ocrx_word' id='word_1_273' title='bbox 852 1814 952 1849; x_wconf 90' lang='lat' dir='ltr'>civili</span> <span class='ocrx_word' id='word_1_274' title='bbox 964 1813 1028 1860; x_wconf 86' lang='lat' dir='ltr'>jus</span> <span class='ocrx_word' id='word_1_275' title='bbox 1048 1818 1085 1848; x_wconf 90' lang='lat' dir='ltr'>et</span> <span class='ocrx_word' id='word_1_276' title='bbox 1105 1812 1219 1848; x_wconf 85' lang='lat' dir='ltr'>simul</span> <span class='ocrx_word' id='word_1_277' title='bbox 1245 1812 1413 1848; x_wconf 87' lang='lat' dir='ltr'>officium</span> 
     </span>
     <span class='ocr_line' id='line_1_34' title="bbox 128 1865 1412 1913; baseline 0 -13"><span class='ocrx_word' id='word_1_278' title='bbox 128 1866 251 1901; x_wconf 89' lang='lat' dir='ltr'>inesse</span> <span class='ocrx_word' id='word_1_279' title='bbox 276 1867 510 1912; x_wconf 87' lang='lat' dir='ltr'>procurandi</span> <span class='ocrx_word' id='word_1_280' title='bbox 530 1867 750 1909; x_wconf 90' lang='lat' dir='ltr'>media,seu</span> <span class='ocrx_word' id='word_1_281' title='bbox 770 1866 966 1913; x_wconf 87' lang='lat' dir='ltr'>aperiendi</span> <span class='ocrx_word' id='word_1_282' title='bbox 985 1865 1147 1910; x_wconf 90' lang='lat' dir='ltr'>scholas,</span> <span class='ocrx_word' id='word_1_283' title='bbox 1161 1866 1300 1912; x_wconf 86' lang='lat' dir='ltr'>quibus</span> <span class='ocrx_word' id='word_1_284' title='bbox 1314 1866 1412 1901; x_wconf 81' lang='lat' dir='ltr'>cives</span> 
     </span>
     <span class='ocr_line' id='line_1_35' title="bbox 127 1917 1414 1965; baseline -0.002 -10"><span class='ocrx_word' id='word_1_285' title='bbox 127 1917 399 1955; x_wconf 80' lang='lat' dir='ltr'>oerfectionem</span> <span class='ocrx_word' id='word_1_286' title='bbox 416 1919 712 1956; x_wconf 85' lang='lat' dir='ltr'>intellectualem</span> <span class='ocrx_word' id='word_1_287' title='bbox 725 1924 763 1956; x_wconf 90' lang='lat' dir='ltr'>et</span> <span class='ocrx_word' id='word_1_288' title='bbox 779 1919 967 1955; x_wconf 87' lang='lat' dir='ltr'>moralem</span> <span class='ocrx_word' id='word_1_289' title='bbox 981 1918 1129 1955; x_wconf 86' lang='lat' dir='ltr'>facilius</span> <span class='ocrx_word' id='word_1_290' title='bbox 1144 1918 1341 1965; x_wconf 81' lang='lat' dir='ltr'>acquirere</span> <span class='ocrx_word' id='word_1_291' title='bbox 1353 1928 1414 1953; x_wconf 82' lang='lat' dir='ltr'>va-</span> 
     </span>
     <span class='ocr_line' id='line_1_36' title="bbox 133 1971 1414 2019; baseline 0 -13"><span class='ocrx_word' id='word_1_292' title='bbox 133 1975 252 2007; x_wconf 66' lang='lat' dir='ltr'>leant.</span> <span class='ocrx_word' id='word_1_293' title='bbox 278 1972 377 2019; x_wconf 88' lang='lat' dir='ltr'>Ergo</span> <span class='ocrx_word' id='word_1_294' title='bbox 401 1976 438 2008; x_wconf 91' lang='lat' dir='ltr'>et</span> <span class='ocrx_word' id='word_1_295' title='bbox 463 1973 566 2009; x_wconf 90' lang='lat' dir='ltr'>idem</span> <span class='ocrx_word' id='word_1_296' title='bbox 596 1973 658 2019; x_wconf 88' lang='lat' dir='ltr'>jus</span> <span class='ocrx_word' id='word_1_297' title='bbox 684 1977 721 2008; x_wconf 87' lang='lat' dir='ltr'>et</span> <span class='ocrx_word' id='word_1_298' title='bbox 741 1972 909 2009; x_wconf 81' lang='lat' dir='ltr'>officium</span> <span class='ocrx_word' id='word_1_299' title='bbox 929 1972 1061 2008; x_wconf 89' lang='lat' dir='ltr'>insunt</span> <span class='ocrx_word' id='word_1_300' title='bbox 1083 1971 1261 2007; x_wconf 74' lang='lat' dir='ltr'>Ecclesiae</span> <span class='ocrx_word' id='word_1_301' title='bbox 1282 1981 1290 2006; x_wconf 92' lang='lat'>:</span> <span class='ocrx_word' id='word_1_302' title='bbox 1313 1981 1414 2018; x_wconf 85' lang='lat' dir='ltr'>quae,</span> 
     </span>
     <span class='ocr_line' id='line_1_37' title="bbox 130 2024 1415 2072; baseline -0.001 -12"><span class='ocrx_word' id='word_1_303' title='bbox 130 2024 222 2071; x_wconf 84' lang='lat' dir='ltr'>quia</span> <span class='ocrx_word' id='word_1_304' title='bbox 258 2033 282 2060; x_wconf 82' lang='lat' dir='ltr'>a</span> <span class='ocrx_word' id='word_1_305' title='bbox 313 2025 496 2061; x_wconf 87' lang='lat' dir='ltr'>societate</span> <span class='ocrx_word' id='word_1_306' title='bbox 533 2026 633 2062; x_wconf 83' lang='lat' dir='ltr'>civili</span> <span class='ocrx_word' id='word_1_307' title='bbox 666 2025 927 2072; x_wconf 90' lang='lat' dir='ltr'>independens</span> <span class='ocrx_word' id='word_1_308' title='bbox 959 2029 1016 2061; x_wconf 85' lang='lat' dir='ltr'>est</span> <span class='ocrx_word' id='word_1_309' title='bbox 1044 2025 1083 2060; x_wconf 93' lang='lat' dir='ltr'>in</span> <span class='ocrx_word' id='word_1_310' title='bbox 1113 2035 1182 2060; x_wconf 83' lang='lat' dir='ltr'>sua</span> <span class='ocrx_word' id='word_1_311' title='bbox 1210 2027 1415 2072; x_wconf 87' lang='lat' dir='ltr'>potestate,</span> 
     </span>
     <span class='ocr_line' id='line_1_38' title="bbox 128 2076 1415 2126; baseline 0.001 -15"><span class='ocrx_word' id='word_1_312' title='bbox 128 2076 371 2114; x_wconf 85' lang='lat' dir='ltr'>strictissimo</span> <span class='ocrx_word' id='word_1_313' title='bbox 386 2079 473 2125; x_wconf 66' lang='lat' dir='ltr'>¹iure</span> <span class='ocrx_word' id='word_1_314' title='bbox 495 2083 668 2126; x_wconf 87' lang='lat' dir='ltr'>repetere</span> <span class='ocrx_word' id='word_1_315' title='bbox 687 2081 812 2126; x_wconf 85' lang='lat' dir='ltr'>potest</span> <span class='ocrx_word' id='word_1_316' title='bbox 838 2089 884 2115; x_wconf 90' lang='lat' dir='ltr'>ne</span> <span class='ocrx_word' id='word_1_317' title='bbox 903 2077 1022 2115; x_wconf 83' lang='lat' dir='ltr'>civilis</span> <span class='ocrx_word' id='word_1_318' title='bbox 1040 2077 1204 2114; x_wconf 88' lang='lat' dir='ltr'>societas</span> <span class='ocrx_word' id='word_1_319' title='bbox 1231 2076 1415 2123; x_wconf 79' lang='lat' dir='ltr'>impediat</span> 
     </span>
     <span class='ocr_line' id='line_1_39' title="bbox 126 2128 800 2178; baseline 0.004 -14"><span class='ocrx_word' id='word_1_320' title='bbox 126 2128 293 2166; x_wconf 86' lang='lat' dir='ltr'>liberum</span> <span class='ocrx_word' id='word_1_321' title='bbox 314 2132 538 2167; x_wconf 86' lang='lat' dir='ltr'>exercitium</span> <span class='ocrx_word' id='word_1_322' title='bbox 559 2131 674 2178; x_wconf 83' lang='lat' dir='ltr'>hujus</span> <span class='ocrx_word' id='word_1_323' title='bbox 688 2131 800 2178; x_wconf 84' lang='lat' dir='ltr'>juris.</span> 
     </span>
    </p>

    <p class='ocr_par' dir='ltr' id='par_1_5' title="bbox 127 2181 1417 2389">
     <span class='ocr_line' id='line_1_40' title="bbox 176 2181 1415 2231; baseline 0.001 -15"><span class='ocrx_word' id='word_1_324' title='bbox 176 2181 249 2217; x_wconf 90' lang='lat' dir='ltr'>Sed</span> <span class='ocrx_word' id='word_1_325' title='bbox 270 2183 429 2231; x_wconf 88' lang='lat' dir='ltr'>insuper</span> <span class='ocrx_word' id='word_1_326' title='bbox 445 2183 547 2220; x_wconf 92' lang='lat' dir='ltr'>addo</span> <span class='ocrx_word' id='word_1_327' title='bbox 567 2184 744 2220; x_wconf 69' lang='lat' dir='ltr'>Ecclesiae</span> <span class='ocrx_word' id='word_1_328' title='bbox 768 2187 986 2230; x_wconf 86' lang='lat' dir='ltr'>competere</span> <span class='ocrx_word' id='word_1_329' title='bbox 1003 2182 1067 2229; x_wconf 86' lang='lat' dir='ltr'>jus</span> <span class='ocrx_word' id='word_1_330' title='bbox 1086 2182 1272 2229; x_wconf 80' lang='lat' dir='ltr'>seligendi</span> <span class='ocrx_word' id='word_1_331' title='bbox 1294 2182 1415 2228; x_wconf 81' lang='lat' dir='ltr'>magi-</span> 
     </span>
     <span class='ocr_line' id='line_1_41' title="bbox 128 2234 1417 2283; baseline 0.002 -15"><span class='ocrx_word' id='word_1_332' title='bbox 128 2237 244 2280; x_wconf 79' lang='lat' dir='ltr'>stros,</span> <span class='ocrx_word' id='word_1_333' title='bbox 263 2234 489 2283; x_wconf 86' lang='lat' dir='ltr'>designandi</span> <span class='ocrx_word' id='word_1_334' title='bbox 504 2237 653 2273; x_wconf 87' lang='lat' dir='ltr'>scholas</span> <span class='ocrx_word' id='word_1_335' title='bbox 670 2236 938 2283; x_wconf 75' lang='lat' dir='ltr'>praescribendi</span> <span class='ocrx_word' id='word_1_336' title='bbox 951 2235 1155 2271; x_wconf 88' lang='lat' dir='ltr'>methodos</span> <span class='ocrx_word' id='word_1_337' title='bbox 1172 2239 1209 2271; x_wconf 91' lang='lat' dir='ltr'>et</span> <span class='ocrx_word' id='word_1_338' title='bbox 1224 2235 1417 2271; x_wconf 88' lang='lat' dir='ltr'>doctrinas</span> 
     </span>
     <span class='ocr_line' id='line_1_42' title="bbox 127 2286 1412 2335; baseline 0.002 -15"><span class='ocrx_word' id='word_1_339' title='bbox 127 2286 211 2321; x_wconf 76' lang='lat' dir='ltr'>suis</span> <span class='ocrx_word' id='word_1_340' title='bbox 239 2286 415 2333; x_wconf 86' lang='lat' dir='ltr'>subditis,</span> <span class='ocrx_word' id='word_1_341' title='bbox 449 2288 554 2335; x_wconf 89' lang='lat' dir='ltr'>quod</span> <span class='ocrx_word' id='word_1_342' title='bbox 580 2288 644 2335; x_wconf 87' lang='lat' dir='ltr'>jus</span> <span class='ocrx_word' id='word_1_343' title='bbox 672 2288 791 2324; x_wconf 88' lang='lat' dir='ltr'>statui</span> <span class='ocrx_word' id='word_1_344' title='bbox 817 2287 1089 2334; x_wconf 84' lang='lat' dir='ltr'>denegavimus</span> <span class='ocrx_word' id='word_1_345' title='bbox 1118 2287 1190 2334; x_wconf 79' lang='lat'>(46,</span> <span class='ocrx_word' id='word_1_346' title='bbox 1220 2288 1267 2323; x_wconf 86' lang='lat' dir='ltr'>IX</span> <span class='ocrx_word' id='word_1_347' title='bbox 1293 2291 1330 2322; x_wconf 87' lang='lat' dir='ltr'>et</span> <span class='ocrx_word' id='word_1_348' title='bbox 1357 2286 1412 2331; x_wconf 90' lang='lat' dir='ltr'>X).</span> 
     </span>
     <span class='ocr_line' id='line_1_43' title="bbox 133 2338 1417 2389; baseline 0.001 -15"><span class='ocrx_word' id='word_1_349' title='bbox 133 2338 285 2376; x_wconf 86' lang='lat' dir='ltr'>Etenim</span> <span class='ocrx_word' id='word_1_350' title='bbox 323 2341 502 2389; x_wconf 86' lang='lat' dir='ltr'>Ecclesia,</span> <span class='ocrx_word' id='word_1_351' title='bbox 540 2345 583 2380; x_wconf 81' lang='lat' dir='ltr'>ut</span> <span class='ocrx_word' id='word_1_352' title='bbox 615 2341 776 2379; x_wconf 86' lang='lat' dir='ltr'>societas</span> <span class='ocrx_word' id='word_1_353' title='bbox 812 2341 1066 2377; x_wconf 85' lang='lat' dir='ltr'>essentialiter</span> <span class='ocrx_word' id='word_1_354' title='bbox 1099 2340 1325 2388; x_wconf 84' lang='lat' dir='ltr'>spiritualis,</span> <span class='ocrx_word' id='word_1_355' title='bbox 1358 2344 1417 2376; x_wconf 82' lang='lat' dir='ltr'>est</span> 
     </span>
    </p>
   </div>
  </div>
 </body>
</html>
