1584 2569
181 163 250 197 302
270 171 328 198 lus
346 173 510 200 mrum.
532 173 604 201 me.
626 174 665 201 11.
687 174 767 201 cn.
785 174 819 200 v.
841 174 884 201 na
899 175 1030 203 uurms
1055 174 1244 203 nanu-ion.
1262 175 1367 203 mua
1389 175 1466 206 erc.

181 244 338 281 tolerari
354 246 394 282 in
410 245 510 282 datis
527 246 680 282 casibus
701 246 746 283 de
761 246 859 283 facili
881 246 1122 285 admittitur:
1141 248 1264 285 multa
1281 248 1382 286 enim
1396 248 1472 286 alia

182 297 285 332 mala
306 298 531 342 tolerantur,
549 309 613 335 seu
626 309 703 335 non
715 298 1116 347 puniuntur(tolerare
1130 300 1232 338 enim
1247 311 1323 337 non
1335 305 1392 337 est
1405 311 1470 348 ap-

179 349 344 395 prohare
362 362 485 399 neque
495 351 721 398 simpliciter
730 352 960 399 permittere,
977 353 1044 391 sed
1058 353 1302 390 solummodo
1319 363 1394 391 non
1402 364 1470 400 pu·

181 402 293 448 nire),
316 405 394 440 imo
411 404 643 452 quandoque
659 403 799 442 debent
817 406 855 442 in
870 406 1048 443 societate
1063 406 1232 452 tolerari,
1252 407 1344 454 quia
1362 416 1471 444 secus

181 454 313 501 pejora
331 457 434 493 mala
454 459 718 503 sequerentur.
741 457 814 494 Sed
834 457 915 495 haec
935 458 1140 496 tolerantia
1160 469 1237 495 non
1257 458 1370 496 debet
1389 469 1471 495 esse

183 509 424 555 approbatio,
440 521 516 548 non
531 510 733 559 protectio,
750 521 828 547 non
843 511 1062 550 inculcatio.
1077 532 1122 539 —-
1135 512 1323 549 Probatur
1335 511 1466 552 thesis<

181 560 351 598 Libertas
370 564 616 601 conscientiae
637 562 830 600 socialiter
849 564 1093 605 considerata
1111 576 1187 602 non
1215 566 1254 602 in
1283 565 1356 602 alio
1383 565 1463 602 fun·

183 612 297 650 datur
316 626 432 662 quam
454 617 491 654 in
513 616 707 654 atheismo
728 616 902 664 politico,
925 620 982 654 est
1002 619 1170 656 maxime
1190 618 1364 655 societati
1391 628 1467 664 per-

182 666 340 713 niciosa,
363 673 420 705 est
439 669 510 706 sibi
527 670 600 718 ipsi
615 668 929 708 contradictoria.
946 671 1045 719 Ergo
1059 670 1216 708 libertas
1230 670 1471 708 eonscientiae

182 719 375 757 socialiter
392 722 637 759 considerata
657 721 866 769 approbari
887 723 1104 760 nullatenus
1127 727 1266 771 potest.
1283 723 1471 760 Probatur

182 773 412 810 antecedens.

227 824 273 860 In
288 826 369 862 solo
381 827 565 864 atheismo
580 828 744 875 politico
754 828 959 876 fundatur.
971 829 1131 875 Etenim,
1150 831 1192 865 ut
1202 839 1364 865 numero
1373 840 1466 877 prae·

181 877 330 915 cedenti
357 879 503 917 dictum
526 885 596 925 est,
629 880 788 920 libertas
809 882 1055 920 conscientiae
1081 886 1138 918 est
1159 881 1221 929 jus
1244 891 1467 919 concessum

183 929 389 968 individuis
410 933 605 979 cogitandi
635 934 680 970 de
712 936 802 980 Deo,
834 935 887 971 uti
916 934 1033 980 lubet,
1057 944 1122 972 seu
1150 933 1400 972 submittendi
1426 944 1471 971 ea

183 993 269 1029 quae
290 985 355 1021 Dei
370 990 407 1021 et
418 987 614 1033 religionis
628 990 730 1032 sunt,
752 993 789 1025 et
803 988 930 1025 officia
946 998 991 1024 ex
1016 987 1074 1024 his
1091 987 1365 1035 consequentia
1382 985 1471 1024 defi-

184 1036 318 1073 nitioni
341 1042 378 1074 et
394 1038 554 1075 arbitrio
575 1041 819 1078 conscientiae
841 1039 1099 1085 individualis,
1121 1050 1206 1088 quae
1228 1039 1313 1076 ideo
1334 1040 1471 1076 consti-

184 1089 305 1125 tuitur
329 1093 371 1126 ut
397 1091 596 1128 criterium
623 1092 835 1141 religionis.
872 1093 977 1129 Sicut
1005 1096 1135 1129 autem
1162 1093 1201 1129 in
1227 1092 1359 1129 multis
1388 1091 1471 1128 aliis

184 1142 301 1178 nomo
330 1154 405 1180 non
427 1144 551 1181 solum
576 1156 622 1181 ex
646 1146 869 1193 ignorantia
890 1144 957 1181 sed
983 1156 1029 1182 ex
1050 1144 1198 1182 malitia
1216 1145 1334 1182 etiam
1352 1149 1468 1189 errat,

183 1194 237 1230 ita
253 1199 290 1230 et
313 1196 351 1231 in
372 1195 432 1232 his
450 1207 537 1244 quae
557 1197 752 1246 religionis
775 1201 886 1243 sunt3
907 1198 985 1234 imo
1006 1198 1045 1234 in
1066 1197 1125 1234 bis
1145 1199 1270 1246 magis
1290 1207 1407 1245 quam
1430 1197 1468 1233 in

183 1246 281 1291 aliis,
297 1249 389 1294 quia
400 1247 532 1296 religio
548 1251 738 1287 severiora
755 1252 941 1299 importat
958 1250 1099 1293 officia,
1116 1250 1255 1298 quibus
1270 1250 1467 1298 passiones

184 1298 402 1346 depravatae
429 1302 690 1341 reluctantur:
715 1305 781 1351 qui
806 1307 936 1340 tamen
963 1313 1112 1340 errores
1132 1307 1216 1339 tum
1243 1302 1468 1351 speculativi

186 1356 267 1388 tum
281 1354 436 1399 practici
451 1354 488 1390 in
505 1354 639 1392 ordine
658 1355 836 1404 religioso
853 1356 1092 1393 constituunt
1106 1355 1358 1404 impietatem.
1372 1354 1469 1398 Quia

185 1415 286 1450 vero,
305 1409 346 1441 ut
376 1405 520 1443 dictum
547 1413 618 1453 est,
640 1408 678 1445 in
706 1409 885 1446 libertate
916 1408 1159 1445 conscientiae
1187 1408 1383 1445 criterium
1413 1410 1470 1443 est

185 1457 267 1503 ipsa
282 1459 381 1495 ratio
403 1459 660 1506 individualis,
677 1462 742 1508 jus
763 1461 951 1499 libertatis
962 1462 1206 1499 conscientiae
1227 1464 1284 1498 est
1305 1471 1390 1497 vere
1405 1460 1470 1507 jus

185 1510 233 1546 ad
248 1521 415 1548 errorem
434 1517 471 1549 et
485 1514 747 1559 impietatem:
765 1514 869 1562 quod
886 1514 1119 1561 quidemjus
1133 1514 1339 1561 approbari
1357 1514 1396 1549 in
1414 1523 1472 1549 so-

183 1563 318 1599 cietate
333 1568 370 1599 et
390 1566 604 1602 asocietate
623 1577 699 1602 non
718 1569 856 1614 potest,
876 1567 947 1602 nisi
963 1566 1080 1602 simul
1092 1569 1260 1614 ponatur
1272 1564 1465 1611 scepticis-

185 1625 272 1651 mus
291 1615 490 1664 religiosus
511 1628 578 1654 seu
604 1618 817 1655 atheismus
845 1618 1033 1666 politicus.

231 1668 301 1704 Est
318 1671 480 1706 maaez‘me
491 1671 710 1717 perniciosa
723 1672 910 1709 societati.
925 1670 1114 1714 Quamdiu
1129 1671 1232 1707 enim
1249 1671 1418 1707 actiones
1431 1672 1469 1706 in

185 1722 416 1758 conscientia
443 1727 612 1769 manent,
636 1724 799 1771 propriae
831 1727 920 1760 sunt
941 1723 1141 1765 individui,
1163 1727 1200 1759 et
1231 1733 1308 1760 non
1328 1723 1472 1760 cadunt

185 1774 258 1809 nisi
280 1774 349 1810 sub
369 1775 431 1810 Dei
445 1775 605 1821 judicio.
628 1778 675 1813 At
692 1787 736 1813 eo
759 1777 842 1825 ipso
869 1775 972 1823 quod
990 1776 1297 1820 manilestantur,
1319 1775 1473 1812 relatio-

185 1837 273 1862 nem
293 1826 436 1864 habent
457 1828 506 1864 ad
532 1830 707 1866 membra
725 1829 933 1873 societatis,
955 1832 993 1865 et
1018 1832 1297 1877 consequenter
1316 1828 1471 1876 quando

186 1879 332 1915 malum
352 1880 518 1917 inferunt
535 1882 730 1918 societatis
750 1882 948 1927 membris,
969 1881 1111 1918 cadunt
1137 1881 1209 1918 sub
1226 1881 1361 1928 politia
1386 1891 1472 1918 auc·

187 1931 351 1968 toritatis
372 1932 538 1970 socialis.
566 1934 671 1971 Sicut
700 1939 829 1972 autem
853 1934 1032 1971 homines
1060 1936 1127 1971 aut
1153 1933 1378 1970 scandalum
1405 1936 1472 1970 aut

187 1984 457 2032 quodcumque
475 1986 576 2022 aliud
595 1986 781 2024 damnum
802 1987 1002 2035 patiuntur
1017 1997 1064 2024 ex
1081 1986 1248 2023 aliorum
1269 1986 1471 2022 hominum

187 2037 448 2083 improbitate,
471 2039 525 2075 ita
551 2049 574 2075 a
593 2039 744 2076 fortiori
763 2039 991 2076 scandalum
1011 2042 1049 2076 et
1067 2038 1253 2076 damnum
1274 2037 1474 2086 patiuntur

187 2100 233 2124 ex
253 2090 406 2136 publica
433 2096 550 2138 atque
574 2092 781 2138 impunita,
810 2096 848 2128 et
868 2092 992 2129 multo
1015 2092 1141 2139 magis
1161 2102 1206 2128 ex
1227 2091 1416 2138 permissa
1435 2095 1474 2126 et

189 2142 401 2189 approbata
412 2143 728 2181 disseminatione
742 2145 883 2181 erroris
897 2144 1166 2191 etimpietatis,
1179 2143 1318 2192 quibus
1331 2142 1472 2179 directe

188 2195 397 2243 impeditur
416 2195 619 2234 hominum
635 2197 815 2245 perfectio
835 2196 1103 2234 intellectualis
1120 2201 1157 2232 et
1178 2195 1347 2232 moralis.
1372 2196 1457 2230 Haec

188 2248 305 2294 igitur
333 2248 529 2293 scandala,
551 2249 633 2286 haec
664 2249 809 2286 damna
836 2249 1012 2296 graviora
1031 2248 1183 2285 damnis
1205 2246 1470 2294 corporalibus

189 2311 265 2336 non
287 2300 472 2349 impedire
488 2301 567 2337 imo
593 2301 821 2349 approbare,
849 2312 927 2338 non
947 2303 1004 2338 est
1023 2300 1268 2337 solummodo
1290 2300 1471 2347 impietas

190 2363 281 2400 erga
299 2354 434 2395 Deum,
456 2354 523 2390 sed
545 2358 601 2391 est
621 2354 811 2402 perversio
831 2354 950 2403 ipsius
969 2352 1117 2391 ordinis
1137 2353 1302 2390 socialis.

236 2406 308 2443 Est
321 2405 554 2454 sibimetipsi
568 2407 881 2445 contradictoria.
899 2408 943 2445 Et
959 2416 1092 2445 revera
1112 2409 1180 2444 aut
1198 2405 1357 2443 libertas
1383 2412 1469 2441 con-
