1584 2569
524 102 621 126 mnzx
643 99 886 125 amanuncus
1294 90 1351 122 371

107 174 218 212 potest
242 170 327 204 velle
346 170 478 203 malum
489 170 600 211 culpae
614 178 675 202 seu
692 169 825 202 malum
835 168 966 201 morale
983 175 1097 209 neque
1113 176 1180 209 per
1192 176 1227 199 se
1239 174 1352 207 neque

105 227 170 259 per
184 217 357 251 accidens.
387 218 424 250 T.
449 217 502 257 14,
524 217 575 250 VI.
603 235 641 240 —
667 217 760 250 Deus
789 225 859 249 non
882 224 948 257 per
965 224 1001 247 se
1025 214 1087 247 sed
1103 222 1172 255 per
1196 212 1353 246 accidens

104 265 179 296 vult
197 264 331 297 malum
348 263 530 306 physicum
553 272 629 297 esse
648 264 684 295 in
705 266 877 303 universo,
897 262 985 294 VIII.

65 322 302 366 Maneipium.
324 323 374 356 De
392 322 589 365 mancipiis,
609 324 654 355 M.
669 323 721 362 48,
740 322 784 356 ΙΙ.
797 339 838 346 —-
858 320 1068 361 Mancipatio
1085 319 1202 353 stricte
1216 322 1353 358 sumpta

101 369 173 410 J'uri
192 374 325 404 naturae
345 369 560 409 adversatur,
577 370 637 402 111.

65 427 200 468 Mania,
215 428 350 470 species
370 429 442 469 irae,
463 429 499 461 P.
520 429 572 469 46,
594 428 630 460 V.

65 486 233 520 Materia.
261 486 405 520 Materia
429 486 690 528 propositionis,
720 488 756 519 L.
784 485 836 525 20,
866 486 909 518 11.
942 502 981 509 —
1008 484 1151 517 Materia
1179 484 1285 516 relate
1314 484 1356 514 ad

104 533 348 574 mutationem,
363 534 402 567 Ο.
420 534 471 574 25,
493 534 538 568 11.
560 551 601 559 —
622 534 774 567 Materiae
794 532 902 572 notio,
922 533 961 565 O.
984 532 1036 571 49,
1058 531 1085 563 Ι.
1106 549 1141 553 -
1164 531 1213 563 De
1236 530 1357 563 ordine

104 581 196 615 inter
210 580 393 614 materiam
412 585 446 614 et
467 582 628 621 sormam,
648 581 692 613 11.
712 597 753 604 -·
771 580 917 613 Materia
937 578 1089 612 secunda
1109 581 1142 610 et
1157 577 1279 618 prima.
1295 577 1354 609 III.

103 645 144 652 —
167 628 311 661 Materia
333 628 553 669 improducta
570 628 755 661 intrinsece
775 630 959 669 repugnat,
980 627 1016 664 C,
1041 625 1073 657 2.
1097 625 1132 656 V.
1154 642 1196 648 -
1216 623 1357 656 Materia

105 672 344 716 ponderabssis
366 679 400 708 et
426 674 725 717 imponderabilis,
745 675 782 706 C.
803 674 853 709 15,
877 673 922 707 11.
941 691 982 696 —
1002 674 1050 704 De
1068 672 1213 704 materia
1233 671 1356 712 prima,

103 722 204 762 juxta
232 720 473 761 scholatiscos,
504 722 540 755 C.
564 722 617 761 17,
644 722 679 753 V.
702 739 744 745 —-
766 720 910 754 Eductio
938 720 1127 753 formarum
1159 727 1176 750 e
1204 717 1359 759 potentia

106 768 274 807 materiae,
290 768 344 801 VI.
365 785 405 792 —
428 768 463 802 S.
491 769 642 801 Thomas
668 767 813 800 indubie
840 767 940 800 docet
956 766 1083 799 realem
1102 764 1358 798 distinctionem

106 814 197 848 inter
225 815 409 848 materiam
437 815 585 857 primam
612 819 646 848 et
672 814 821 848 formam
849 813 1129 851 substantialem,
1151 820 1239 853 quas
1255 811 1359 844 habet

106 865 146 893 ut
167 862 255 894 duas
273 866 389 903 partes
411 862 629 902 substantiae,
649 861 709 894 lu.
729 879 770 886 —
789 860 933 894 Materia
945 865 983 892 ut
1002 858 1212 900 principium
1231 857 1359 890 indivi-

108 907 298 948 duationis,
321 908 356 942 C.
380 909 432 942 19.
457 909 509 942 IV.
531 908 630 950 (Vide
650 907 925 949 Individuatio.)

68 965 372 1000 Materialismus.
396 967 719 1000 'Materialistarum
759 966 933 999 sententia
971 966 1013 998 de
1053 964 1187 1006 origine
1225 963 1359 1002 mundi,

106 1014 142 1047 C.
159 1013 189 1052 4,
214 1013 241 1045 Ι.
261 1031 302 1038 -
323 1013 474 1047 Mundus
494 1014 573 1046 oriri
599 1022 669 1046 non
693 1013 805 1054 potuit
825 1021 865 1045 ex
891 1013 1032 1045 fortuito
1058 1016 1253 1044 atomorum
1280 1019 1360 1042 con·

108 1068 224 1099 cursu,
243 1063 282 1092 ut
303 1060 425 1093 volunt
444 1060 692 1099 materialistae,
714 1060 759 1100 11,
779 1059 839 1093 111.
865 1077 902 1082 -
927 1058 1196 1091 Materialismus
1216 1057 1359 1099 psycho-

108 1106 255 1148 logicus,
273 1107 310 1140 P.
331 1107 363 1146 8,
382 1107 441 1140 111:
461 1108 502 1140 IV
528 1111 563 1140 et
585 1116 683 1148 seqq.
709 1124 751 1131 —
776 1105 1045 1139 Materialismus
1071 1104 1210 1137 navidis
1238 1104 1279 1136 de
1304 1104 1359 1136 Di-

107 1153 237 1194 nando‚
256 1154 294 1186 T.
313 1154 367 1193 10,
387 1154 430 1186 11.

67 1205 344 1247 Mathematica,
365 1206 401 1239 in
420 1206 613 1248 quaestione
634 1206 677 1239 de
691 1206 862 1239 divisione
881 1210 915 1238 et
929 1204 1178 1238 subornatione
1198 1203 1357 1237 scientia-

110 1262 201 1293 rum,
223 1254 258 1285 L.
279 1253 331 1293 61,
347 1254 365 1286 J
381 1257 416 1287 et
436 1262 539 1296 seqq.

69 1305 360 1339 Matrimonium.
390 1306 440 1340 De
465 1309 601 1339 natura
622 1306 855 1345 matrimonii,
882 1307 927 1338 M.
957 1305 1009 1337 42.
1050 1321 1081 1328 -
1113 1304 1255 1337 Mutuus
1281 1312 1360 1336 con-

109 1361 233 1385 sensus
253 1353 445 1394 conjugum
467 1357 521 1386 est
536 1362 644 1387 causa.
663 1352 817 1386 efficiens
836 1350 1063 1391 matrimonii,
1084 1350 1144 1383 111.
1165 1368 1206 1374 —
1230 1351 1359 1383 Monita

108 1399 151 1431 iis
171 1399 232 1440 qui
257 1400 518 1433 matrimonium
537 1400 672 1439 ineunt,
694 1399 731 1431 V.
755 1417 794 1423 -
812 1398 1072 1431 Matrimonium
1093 1401 1146 1430 est
1165 1406 1226 1438 per
1241 1406 1278 1429 se
1298 1397 1359 1428 ho-

108 1450 262 1487 nestum,
281 1446 354 1480 VII.
376 1465 418 1471 —
442 1448 602 1480 Attamen
632 1446 893 1479 matrimonium
914 1449 1072 1486 respectu
1099 1443 1267 1476 individui
1290 1452 1357 1475 non

109 1492 203 1526 cadit
219 1494 284 1527 sub
298 1498 483 1535 praecepto,
508 1498 542 1526 et
563 1502 604 1527 eo
624 1495 843 1535 praestantior
865 1496 919 1525 est
939 1500 1042 1524 verus
1062 1491 1253 1530 caelibatus,
1269 1490 1358 1522 VIII.

109 1540 211 1573 —De
221 1540 442 1573 matrimonii
452 1540 782 1581 indissolubilitate,
797 1540 844 1572 M.
854 1538 906 1572 43.
924 1537 1019 1580 (Vide
1033 1536 1361 1577 Indissolubilitas.)

111 1603 151 1612 —
168 1587 219 1619 De
239 1587 466 1621 matrimonio
491 1587 531 1621 in
553 1587 727 1621 relatione
747 1595 828 1620 cum
851 1588 1021 1628 potestate
1048 1584 1161 1625 civili,
1184 1584 1229 1616 M.
1250 1584 1302 1616 44.
1321 1601 1362 1608 -

109 1633 298 1666 Vinculum
319 1634 575 1668 matrimoniale
595 1633 693 1668 nulla
715 1633 849 1666 ratione
873 1631 1054 1673 suincitur
1074 1630 1237 1673 potestati
1257 1630 1360 1670 civili,

109 1680 282 1720 VII,VIII.

71 1732 232 1766 Medium
252 1742 336 1776 quo,
351 1734 391 1766 in
412 1743 494 1775 quo,
514 1735 552 1766 E.
573 1735 603 1773 1,
624 1733 714 1767 VIII.
750 1750 788 1756 -
812 1731 965 1764 Medium
996 1740 1058 1764 seu
1084 1730 1220 1763 medius
1245 1730 1361 1762 termi-

111 1789 191 1821 nus,
212 1781 250 1812 L.
273 1780 325 1822 32,
345 1781 398 1813 VI.
419 1798 458 1804 —
479 1781 525 1813 De
543 1780 744 1813 inventione
765 1778 884 1819 medii,
904 1779 939 1810 L.
956 1778 1008 1818 35,
1024 1777 1084 1810 VI.
1099 1794 1142 1801 -—
1159 1777 1309 1809 Medium
1324 1777 1361 1809 in

111 1835 180 1868 quo
202 1826 395 1869 (scientiae),
419 1828 456 1859 T.
480 1827 533 1866 23,
551 1826 606 1859 VI.

71 1877 280 1913 meditatio.
304 1881 344 1912 L.
368 1879 401 1920 9,
421 1878 480 1913 1v.

71 1936 327 1971 memorativa.
351 1937 388 1970 P.
408 1937 538 1977 24,111.

71 1994 261 2029 Memoria.
283 1996 319 2029 P.
337 1995 466 2029 29.111.
486 2014 527 2020 —
546 1995 712 2030 Memoria
725 1995 872 2037 positiva
892 1999 927 2027 et
943 1994 1115 2035 negativa,
1136 1994 1191 2026 lv.

71 2053 317 2089 Mendacium.
338 2056 384 2088 M.
401 2054 454 2095 40,
474 2055 534 2089 111.
553 2072 595 2080 -
610 2054 799 2089 Sententiae
821 2053 1040 2087 absolventes
1065 2052 1288 2085 mendacium
1322 2053 1364 2084 ab

112 2100 437 2143 immoralitate‚1V.
454 2120 491 2126 -
503 2101 722 2135 Mendacium
737 2105 790 2134 est
798 2109 867 2143 per
882 2108 920 2133 ee
932 2100 1118 2133 intrinsece
1129 2100 1275 2139 malurn,
1291 2099 1362 2132 VII.

72 2152 259 2188 neritum.
283 2154 383 2189 Ratio
401 2155 516 2189 meriti
538 2157 572 2188 et
595 2154 766 2193 demeriti,
786 2153 831 2187 M.
859 2153 912 2186 18.
936 2153 993 2185 VI.
1014 2170 1056 2177 -
1075 2152 1298 2186 conditiones
1320 2153 1364 2185 ad

113 2200 277 2235 meritum
295 2201 352 2235 vel
366 2201 587 2241 demeritum,
606 2201 692 2235 VIII.
713 2217 754 2225 —
776 2201 888 2233 Homo
908 2199 1043 2233 actibus
1070 2199 1144 2232 suis
1163 2203 1276 2241 potest
1292 2207 1362 2231 rne-
1396 2215 1398 2219 =

114 2247 183 2280 reri
202 2248 258 2281 vel
277 2248 446 2283 demereri
466 2256 540 2283 tum
555 2249 649 2290 apud
668 2248 753 2281 alios
768 2247 1027 2287 homines,tu1n
1042 2246 1135 2288 apud
1150 2246 1364 2285 societatem,
1397 2251 1400 2255 ’

116 2293 169 2326 IX-
193 2313 232 2318 —
252 2296 358 2329 Actus
378 2296 524 2331 humani
547 2295 676 2330 habent
694 2295 864 2329 rationem
884 2293 998 2328 meriti
1017 2294 1073 2327 vel
1093 2292 1254 2327 demeriti
1271 2294 1364 2335 apud

117 2339 235 2382 ipsum
256 2341 382 2384 Deum,
398 2343 438 2378 Χ.
