1584 2569
180 158 244 192 {50
277 166 334 191 JUS
359 165 604 191 NATURAE.L113.
629 166 654 190 1.
671 165 815 190 cunm.
838 164 881 189 ΒΕ
901 164 976 189 ΟῈΡ.
998 165 1040 189 m·
1054 165 1128 190 JUR.
1151 165 1239 191 ΗΘΜ.
1256 165 1351 190 ΒΗΘΔ
1376 165 1460 189 ΒΕΙΡ.

175 238 291 274 etiam
317 242 466 273 constat
486 249 531 273 ex
549 238 660 273 dictis
679 238 758 272 Art.
781 238 816 280 7,
836 242 877 271 n⁰
897 235 944 271 lv
964 236 1030 272 ubi
1053 236 1174 272 fusius
1200 236 1333 272 eadem
1365 237 1464 283 prin-

176 291 276 338 cipia
296 290 484 337 explicata
505 295 606 326 sunt.

222 344 282 381 IV.
303 344 526 380 Corollaria.
544 343 802 380 Corollarium
811 343 999 390 primum.
1019 343 1117 390 Ergo
1140 342 1258 378 homo
1275 342 1339 389 jus
1355 347 1464 378 natu-

176 397 254 433 rale
271 396 450 432 habetati
469 395 596 432 media
613 396 675 431 illa
688 396 759 431 sibi
779 395 1021 442 procuranda
1038 406 1123 442 quae
1142 395 1357 431 necessaria
1376 399 1463 430 sunt

177 450 224 485 ad
239 448 513 496 acquirendam
531 449 791 497 cognitionem
808 449 1061 485 necessariam
1081 448 1128 484 ad
1150 447 1399 495 adimplenda
1414 447 1465 483 of-

177 502 264 538 ticia
275 502 467 538 naturalia
475 501 695 548 perficiendi
712 512 751 536 se
764 502 802 536 in
818 500 951 536 ordine
962 501 1132 536 veritatis
1145 505 1182 536 et
1194 501 1361 536 virtutis.
1374 499 1464 536 Offi-

177 556 279 591 cium
296 556 399 591 enim
414 555 601 600 naturale,
621 559 663 590 ut
679 555 761 601 jam
780 553 926 590 dictum
947 559 1016 598 est,
1038 555 1119 590 sine
1135 554 1222 601 jure
1239 553 1463 590 correlativo

177 607 225 643 ad
239 607 367 644 media
382 608 593 643 necessaria
607 607 654 642 ad
671 607 842 642 officium
858 606 1164 654 adimplendum,
1183 617 1229 642 ne
1241 611 1369 642 mente
1381 606 1463 653 qui-

179 660 267 697 dem
287 661 438 707 concipi
456 665 595 708 potest.

226 712 484 749 Corollarium
494 712 668 749 alterum.
684 713 782 759 Ergo
792 716 951 759 peccant
969 712 1192 759 gravissime
1214 713 1278 758 qui
1290 711 1465 747 homines

179 765 407 813 impediunt,
430 766 637 812 quominus
658 769 827 801 mentem
839 765 1124 812 cognitionibus
1140 765 1361 801 necessariis
1382 775 1464 811 per·

178 820 310 855 ficiant
326 823 363 854 et
379 819 585 855 virtutibus
602 818 814 854 moralibus
835 818 1026 863 imbuant,
1048 818 1242 865 praecipue
1262 828 1351 853 vero
1376 828 1464 853 cum

180 884 201 907 a
221 871 405 919 religione
425 871 585 907 colenda
608 871 824 915 retrahunt,
846 875 953 906 extra
970 881 1087 918 quam
1110 871 1232 906 virtus
1255 881 1342 906 vera
1362 870 1464 905 nulla

180 935 262 975 est;
283 934 321 966 et
335 930 408 966 hoc
427 931 503 966 sive
529 931 595 965 ssat
615 930 744 974 minis,
767 930 845 965 sive
867 929 1122 976 promissione
1148 929 1257 973 lucri,
1288 929 1364 964 sive
1387 939 1467 976 per-

173 983 362 1019 vertendo
391 983 659 1029 imperitorum
692 987 853 1026 mentes,
885 982 960 1017 sive
989 981 1037 1018 ad
1066 982 1195 1028 turpia
1223 991 1467 1028 quocumque

182 1036 296 1072 modo
324 1035 539 1071 excitando.
574 1035 665 1076 Quoe
687 1035 799 1082 culpa
828 1035 996 1070 maxime
1023 1038 1187 1082 augetur
1212 1034 1243 1069 si
1265 1045 1286 1070 a
1315 1033 1468 1082 publica

182 1089 408 1125 auctoritate
426 1087 651 1124 scandalum
673 1092 749 1122 tam
771 1098 956 1134 magnum
975 1087 1186 1134 proveniat.

582 1187 840 1222 ARTICULUS
868 1186 1066 1221 TERTIUS

788 1270 860 1312 (37)

182 1353 237 1389 De
253 1351 397 1398 officiis
417 1356 451 1387 et
465 1350 625 1397 juribus
653 1350 819 1386 hominis
848 1350 974 1397 quoad
993 1351 1166 1396 corporis
1182 1351 1465 1396 perfectionem.

229 1452 258 1486 Ι.
278 1451 411 1487 Officia
430 1451 613 1496 negativa
632 1451 798 1486 hominis
820 1450 945 1495 quoad
969 1460 1107 1495 corpus
1128 1460 1252 1486 suum.
1282 1450 1373 1492 Quae
1396 1451 1472 1486 sint

186 1504 352 1539 hominis
365 1502 491 1538 officia
503 1503 680 1550 negativa
691 1502 817 1548 quoad
829 1513 967 1549 corpus
979 1513 1106 1547 suum,
1118 1514 1161 1538 ex
1172 1502 1282 1538 dictis
1295 1503 1333 1538 in
1347 1504 1471 1550 primo

185 1555 346 1592 articulo
367 1555 497 1591 inferri
516 1559 653 1602 potest.
677 1554 715 1590 Si
734 1556 836 1590 enim
861 1555 988 1590 officio
1013 1559 1162 1591 naturae
1184 1554 1300 1591 homo
1322 1560 1474 1592 tenetur

187 1608 233 1644 ad
250 1608 577 1644 conservationem
595 1607 741 1654 proprii
760 1617 847 1651 esse,
870 1618 947 1642 non
965 1607 1090 1642 solum
1112 1611 1264 1643 tenetur
1282 1607 1473 1645 abstinere

186 1660 381 1697 asuicidio
404 1659 468 1696 sed
490 1660 606 1695 etiam
635 1670 656 1695 a
673 1660 796 1695 causis
814 1671 900 1707 quae
921 1664 1087 1696 mortem
1108 1660 1290 1705 inferunt,
1316 1666 1357 1696 ut
1384 1667 1473 1698 sunt

187 1713 358 1761 crapula,
380 1713 557 1757 ebrietas,
575 1712 827 1760 impudicitiae
843 1717 880 1748 et
900 1713 976 1748 alia
993 1712 1231 1759 hujusmodi,
1253 1724 1355 1759 quae,
1378 1725 1473 1761 prae-

187 1772 245 1802 ter
268 1766 582 1801 immoralitatem
608 1776 724 1811 quam
746 1766 784 1800 in
805 1776 843 1801 se
867 1765 1023 1810 habent,
1047 1766 1313 1812 organismum
1338 1765 1472 1803 huma-

188 1830 280 1855 num
313 1823 580 1865 corrumpunt,
610 1824 646 1854 et
667 1817 849 1854 indirecte
877 1818 1012 1854 saltem
1042 1823 1078 1854 et
1103 1819 1141 1853 in
1168 1829 1294 1863 causa,
1324 1820 1474 1856 suicidii

189 1872 402 1908 realitatem
423 1872 675 1907 constituunt.
699 1891 742 1896 —
763 1871 953 1907 Praeterea
968 1871 1086 1907 homo
1105 1876 1252 1908 naturae
1276 1873 1402 1909 officio
1427 1878 1475 1910 te-

189 1930 301 1960 netur
343 1923 608 1968 integritatem
668 1925 726 1959 sui
747 1925 918 1971 corporis
936 1924 1142 1968 custodire,
1159 1935 1227 1961 nec
1254 1927 1474 1964 membrum

190 1977 345 2024 aliquod
362 1977 435 2012 sibi
456 1981 523 2013 aut
544 1988 611 2024 per
630 1988 668 2013 se
685 1981 750 2012 aut
768 1988 835 2024 per
855 1977 974 2013 alium
992 1977 1227 2022 abscindere,
1249 1979 1319 2014 nisi
1341 1980 1390 2015 sit
1407 1992 1474 2027 pu—

190 2029 335 2065 tridum
349 2033 386 2065 et
406 2029 584 2065 nocivum
606 2030 677 2065 toti
693 2030 843 2077 corpori
861 2040 869 2065 z
887 2030 926 2065 in
946 2029 1018 2065 hac
1038 2030 1141 2066 enim
1169 2030 1372 2078 hypothesi
1397 2033 1474 2069 lici-

191 2087 274 2117 tum
294 2086 349 2116 est
379 2086 536 2128 propter
555 2082 718 2117 salutem
746 2082 863 2117 totius
889 2082 1073 2128 corporis,
1106 2081 1153 2117 ad
1190 2083 1293 2129 quod
1324 2085 1475 2132 singula

192 2133 367 2170 membra
394 2133 635 2178 ordinantur,
658 2134 856 2180 putridum
880 2135 1098 2170 membrum
1122 2134 1356 2181 abscindere,
1379 2138 1476 2173 sicut

191 2186 449 2222 communiter
465 2187 521 2221 fit.
1517 2217 1521 2220 ,

238 2239 285 2274 11.
308 2238 439 2274 Officia
459 2239 627 2283 positiva
647 2240 773 2284 quoad
793 2249 944 2285 corpus,
969 2240 1084 2286 Atqui
1105 2242 1277 2288 corporis
1302 2243 1474 2289 organis-

191 2301 293 2335 mus,
313 2290 395 2337 ipso
417 2292 599 2327 exercitio
617 2293 814 2329 vitalitatis
832 2305 907 2341 qua
922 2295 1029 2339 vivit,
1043 2297 1225 2333 continue
1240 2297 1477 2343 debilitatur,

194 2347 246 2383 ita
263 2356 407 2393 nempe
422 2350 463 2382 ut
477 2346 592 2382 homo
607 2347 703 2383 cibis
718 2348 904 2394 indigeat,
923 2350 1066 2396 quibus
1080 2351 1184 2387 vires
1200 2351 1419 2399 deperditas
1425 2353 1482 2401 ju·

194 2399 291 2445 giter
310 2403 515 2436 restauret.
529 2399 585 2435 Ad
604 2402 843 2437 necessarios
861 2402 980 2448 igitur
994 2403 1099 2439 cibos
1113 2404 1187 2440 sibi
1202 2406 1480 2452 procurandos,
