1554 2569
128 114 171 145 72
221 122 383 149 umen..
405 124 452 149 m.
473 124 514 149 11.
529 124 605 149 mr.
635 123 673 148 n.
694 124 738 149 DF:
757 124 902 149 Acrlssos
916 124 1075 150 HUMANIS
1094 126 1131 150 m
1152 125 1296 160 onoma,
1313 125 1388 151 mc.

128 204 293 239 quorum
325 196 474 242 primus
506 199 544 231 et
572 196 732 231 ultimus
762 199 850 230 sunt
871 195 970 231 circa
1002 195 1132 242 finem,
1161 197 1298 243 reliqui
1323 207 1412 232 vero

127 247 227 282 circa
252 257 298 283 ea
328 258 415 294 quae
436 252 526 283 sunt
552 247 600 283 ad
630 249 761 292 finem,
789 258 854 282 seu
882 248 982 283 circa
1000 248 1140 285 media.
1163 249 1288 284 Pauca
1314 248 1412 284 dica·

126 309 213 335 mus
233 298 279 335 de
299 300 474 347 singulis.
711 305 751 307 a

174 351 237 387 111.
252 352 437 389 Intentio.
451 353 616 389 Intentio
631 353 883 400 etymologice
894 358 1049 402 accepta
1062 354 1252 402 significat
1266 354 1413 390 tendere

128 404 170 439 in
194 405 319 440 aliud.
341 405 517 441 Tendunt
548 410 678 441 autem
710 406 748 441 in
781 406 938 452 aliquid,
970 406 1072 454 quod
1108 411 1165 442 est
1201 407 1301 451 finis,
1330 410 1413 441 tum

127 467 274 493 movens
292 462 374 493 tum
395 457 433 493 id
453 457 555 504 quod
576 463 742 494 movetur
762 470 770 504 ;
792 463 832 494 at
851 463 979 495 motus
997 459 1097 495 illius
1118 459 1220 506 quod
1240 460 1279 494 in
1296 460 1413 494 finem

127 513 316 555 movetur,
338 511 509 558 procedit
530 522 552 546 a
571 511 742 547 motione
763 512 952 547 moventis
972 512 1113 559 ipsum.
1135 512 1233 559 Ergo
1257 510 1413 547 tendere

128 563 165 597 in
186 563 317 607 finem,
346 574 412 598 seu
446 563 605 598 intenlio
625 564 713 598 finis
736 568 793 599 est
820 564 944 611 primo
969 568 1006 600 et
1026 565 1289 611 principaliter
1313 563 1412 599 actio

128 616 317 651 moventis
338 615 413 651 alia
433 616 471 650 in
498 617 629 651 finem.
651 617 765 662 Atqui
785 615 962 652 voluntas
982 621 1111 652 movet
1128 616 1255 662 quoad
1273 616 1413 651 exerci-

129 667 225 701 tium
246 677 378 702 omnes
399 668 493 703 alias
507 668 648 703 animae
662 668 760 703 vires
774 667 813 703 in
831 669 947 704 finem
963 669 1037 713 (Ps.
1057 670 1097 703 51
1125 669 1172 704 11.
1194 673 1232 704 et
1251 669 1330 712 111).
1351 668 1414 702 Est

128 719 246 765 igitur
274 720 435 755 intentio
468 721 566 756 actio
596 720 828 766 voluntati53
851 721 949 756 actio
979 732 1117 768 nempe
1144 732 1219 767 qua
1237 721 1415 756 voluntas

128 771 282 818 respicit
301 773 418 807 finem
440 777 482 808 ut
508 773 717 808 terminum
738 773 1065 820 consequendum.
1088 794 1132 800 —
1160 773 1255 809 Cum
1282 777 1413 809 autem

128 824 215 859 finis
250 824 392 871 duplex
427 825 489 870 sit,
521 825 718 870 relativus,
750 837 815 862 seu
844 826 1094 862 intermedius
1114 827 1171 868 (Ο.
1191 828 1248 870 50,
1280 826 1356 871 lv),
1377 830 1416 861 et

126 876 297 922 ultimus,
320 876 367 912 ad
392 881 600 924 utrumque
622 878 743 914 fertur
761 879 968 914 voluntatis
994 879 1170 914 intentio.
1195 879 1276 914 Imo
1301 878 1413 913 unico

129 933 251 973 motu,
273 940 339 965 seu
360 930 473 965 unica
493 930 706 967 intentione
725 931 903 967 voluntas
923 930 1043 966 fertur
1062 932 1100 966 in
1117 932 1234 966 finem
1254 934 1292 966 et
1317 931 1355 966 in
1376 930 1413 965 id

125 980 230 1028 quod
244 981 358 1018 estad
373 983 504 1027 finem,
518 983 548 1018 si
560 983 647 1018 finis
658 987 695 1019 et
709 982 880 1018 medium
892 993 968 1019 non
983 982 1243 1028 absolute‚sed
1258 983 1414 1018 relative

127 1033 381 1081 accipiuntur,
406 1035 506 1070 sicut
541 1046 673 1071 revera
700 1036 849 1083 concipi
878 1034 1018 1071 debent
1052 1036 1201 1082 quoties
1239 1035 1411 1071 medium

127 1085 393 1122 consideratur
411 1091 454 1121 ut
478 1086 651 1122 medium
672 1091 709 1122 et
740 1088 827 1123 finis
851 1092 893 1123 ut
918 1088 1018 1123 finis.
1041 1088 1136 1123 Cum
1169 1088 1272 1123 enim
1293 1087 1377 1123 dico
1401 1098 1411 1123 ε

127 1138 209 1173 volo
226 1138 456 1174 medicinam
469 1144 622 1185 propter
637 1140 854 1185 sanitatem,
871 1150 947 1175 non
962 1139 1121 1187 designo
1134 1140 1205 1175 nisi
1218 1150 1339 1174 unum
1358 1150 1416 1175 ac-

129 1195 211 1225 tum
236 1190 444 1226 voluntatis
464 1201 472 1226 :
503 1192 612 1237 cujus
632 1192 730 1226 ratio
751 1195 807 1227 est
833 1192 924 1238 quia
943 1192 1030 1227 finis
1050 1196 1107 1227 est
1138 1192 1235 1227 ratio
1261 1191 1413 1227 volendi

127 1253 173 1277 ca
192 1253 278 1289 quae
298 1247 387 1278 sunt
407 1242 455 1278 ad
475 1243 605 1279 finem.
629 1243 734 1279 Idem
752 1248 882 1279 autem
903 1249 1009 1280 actus
1030 1244 1132 1280 cadit
1152 1255 1266 1292 super
1288 1244 1412 1290 ohJ'ec—

130 1300 212 1330 tum
247 1298 285 1330 et
322 1305 437 1342 super
473 1296 663 1331 rationem
701 1307 777 1342 qua
807 1296 1001 1343 objectum
1036 1297 1163 1343 ipsum
1195 1297 1411 1344 attingitur.

129 1347 244 1393 Cujus
264 1347 485 1394 exemplum
506 1347 623 1384 habes
643 1349 682 1383 in
700 1348 907 1384 intellectu.
932 1348 969 1384 Si
990 1349 1092 1384 enirn
1118 1349 1350 1396 principium
1378 1353 1416 1384 et

130 1399 322 1435 conclusio
337 1400 511 1436 absolute
529 1400 777 1448 accipiantur,
794 1400 974 1437 distincta
992 1406 1049 1437 est
1068 1401 1322 1437 consideratio
1339 1412 1416 1448 qua

131 1451 346 1488 intellectus
368 1452 584 1489 considerat
611 1464 745 1498 unum,
773 1458 810 1489 et
833 1453 1049 1489 considerat
1065 1453 1180 1489 aliam
1197 1464 1206 1497 ;
1224 1453 1290 1489 sed
1311 1454 1341 1488 si
1361 1464 1413 1497 re-

132 1504 244 1539 lative
276 1505 527 1551 accipiantur,
557 1505 767 1541 secundum
800 1505 903 1552 quod
933 1506 1148 1542 intellectus
1180 1506 1414 1542 conclusioni

130 1556 289 1591 assentit
309 1561 466 1603 propter
488 1557 734 1604 principium,
762 1562 819 1593 est
844 1568 944 1593 unus
969 1562 1076 1594 actus
1102 1568 1177 1604 quo
1201 1558 1414 1594 intellectus

129 1608 167 1643 in
187 1618 305 1643 unam
326 1612 363 1644 et
383 1608 547 1644 alterum
567 1609 700 1645 fertur.
721 1630 767 1635 —
787 1609 865 1654 1-11‚
888 1609 957 1651 Qu.
974 1610 1052 1645 XII.

174 1660 235 1696 1v.
257 1661 416 1697 Electio.
433 1661 537 1697 Alter
553 1666 660 1698 actus
680 1661 889 1698 voluntatis
909 1666 966 1697 est
993 1662 1137 1707 electio,
1159 1673 1245 1710 quce
1269 1668 1323 1699 est
1345 1663 1414 1699 dos

129 1713 343 1749 essentialis
377 1714 577 1750 libertatis.
599 1714 664 1750 Est
695 1718 824 1750 autem
863 1714 995 1751 electio
1008 1718 1263 1762 praeacceptio
1297 1717 1414 1752 unius

130 1771 296 1812 respectu
315 1766 488 1811 alterius,
509 1771 547 1802 et
566 1771 843 1813 consequenter
861 1768 1045 1815 supponit
1063 1768 1199 1813 multa,
1221 1779 1306 1815 quae
1327 1769 1414 1816 eligi

129 1822 303 1864 possunt,
325 1819 460 1855 saltem
480 1819 570 1855 velle
594 1823 631 1855 et
648 1830 724 1855 non
743 1819 844 1856 velle.
868 1819 973 1855 Unde
993 1820 1032 1855 in
1050 1820 1108 1856 his
1129 1831 1215 1867 quae
1238 1825 1327 1856 sunt
1352 1821 1415 1857 de·

130 1871 337 1907 terminata
372 1870 419 1907 ad
452 1882 587 1916 unum,
622 1876 664 1907 ut
695 1872 822 1917 bruta,
849 1872 982 1909 electio
1015 1873 1142 1909 locum
1164 1885 1239 1909 non
1267 1874 1412 1910 habet:

129 1923 217 1959 iicet
236 1923 339 1959 enim
368 1923 482 1959 bruta
513 1924 727 1960 animantia
764 1935 883 1960 unum
910 1935 989 1972 prae
1024 1925 1098 1961 alio
1130 1926 1330 1973 accipiant,
1367 1925 1414 1961 ad

129 1974 224 2011 illud
245 1980 374 2012 tamen
400 1987 521 2012 unum
539 1976 642 2024 quod
671 1977 864 2024 accipiunt
886 1988 963 2013 non
984 1989 1006 2013 a
1026 1978 1159 2024 seipsis
1175 1989 1214 2014 se
1237 1978 1414 2014 determi-

128 2033 236 2074 nant,
258 2033 301 2064 ut
316 2029 507 2077 contingit
525 2030 565 2065 in
588 2030 787 2075 electione,
808 2029 874 2066 sed
894 2041 917 2066 a
939 2034 1078 2066 natura
1096 2030 1413 2068 determinantur.

130 2080 235 2117 Unde
265 2082 410 2127 statim,
444 2082 598 2129 quando
619 2094 687 2130 per
719 2094 873 2119 sensum
907 2083 966 2119 vel
1003 2094 1071 2130 per
1098 2083 1413 2130 imaginationem

128 2138 428 2180 repraesentatur
461 2135 534 2170 illis
566 2135 725 2182 aliquid,
758 2135 806 2171 ad
832 2135 935 2183 quod
955 2135 1182 2171 naturaliter
1209 2135 1415 2171 inclinatur

128 2196 264 2221 eorum
291 2187 498 2233 appetitus,
527 2187 671 2234 absque
692 2187 876 2224 electione
901 2192 1105 2223 moventur
1129 2187 1177 2223 ad
1200 2188 1413 2234 ipsum‚-eo

129 2237 205 2273 sere
234 2238 425 2274 consimili
457 2238 573 2274 modo
603 2249 679 2284 quo
717 2239 846 2275 fumus
881 2249 1033 2275 sursum
1060 2245 1098 2276 et
1125 2249 1202 2276 non
1232 2238 1413 2275 deorsum

129 2294 318 2327 movetur.

176 2343 261 2379 Dixi
281 2342 384 2391 quod
404 2344 537 2382 electio
552 2347 602 2382 sit
618 2348 716 2386 actio
734 2348 955 2385 voluntatis.
973 2346 1189 2384 Licetenim
1205 2345 1414 2382 voluntatis
