<?xml version="1.0" encoding="UTF-8"?>
<!DOCTYPE html PUBLIC "-//W3C//DTD XHTML 1.0 Transitional//EN"
    "http://www.w3.org/TR/xhtml1/DTD/xhtml1-transitional.dtd">
<html xmlns="http://www.w3.org/1999/xhtml" xml:lang="en" lang="en">
 <head>
  <title>
</title>
<meta http-equiv="Content-Type" content="text/html;charset=utf-8" />
  <meta name='ocr-system' content='tesseract 3.04.00' />
  <meta name='ocr-capabilities' content='ocr_page ocr_carea ocr_par ocr_line ocrx_word'/>
</head>
<body>
  <div class='ocr_page' id='page_1' title='image "./summaphilosophic03zigluoft_0147.png"; bbox 0 0 1554 2569; ppageno 0'>
   <div class='ocr_carea' id='block_1_1' title="bbox 524 127 1444 160">
    <p class='ocr_par' dir='ltr' id='par_1_1' title="bbox 524 127 1444 160">
     <span class='ocr_line' id='line_1_1' title="bbox 524 127 1444 160; baseline 0.002 -2"><span class='ocrx_word' id='word_1_1' title='bbox 524 134 603 158; x_wconf 65' lang='lat' dir='ltr'>mr.</span> <span class='ocrx_word' id='word_1_2' title='bbox 632 133 658 158; x_wconf 88' lang='lat'>1.</span> <span class='ocrx_word' id='word_1_3' title='bbox 686 133 729 158; x_wconf 76' lang='lat' dir='ltr'>nr.</span> <span class='ocrx_word' id='word_1_4' title='bbox 753 133 947 160; x_wconf 63' lang='lat' dir='ltr'>mucione</span> <span class='ocrx_word' id='word_1_5' title='bbox 973 135 1010 160; x_wconf 73' lang='lat' dir='ltr'>iu</span> <span class='ocrx_word' id='word_1_6' title='bbox 1038 134 1076 160; x_wconf 70' lang='lat' dir='ltr'>ss</span> <span class='ocrx_word' id='word_1_7' title='bbox 1380 127 1444 160; x_wconf 86' lang='lat'>137</span> 
     </span>
    </p>
   </div>
   <div class='ocr_carea' id='block_1_2' title="bbox 108 204 1451 2412">
    <p class='ocr_par' dir='ltr' id='par_1_2' title="bbox 108 204 1449 1084">
     <span class='ocr_line' id='line_1_2' title="bbox 145 204 1444 253; baseline 0.001 -12"><span class='ocrx_word' id='word_1_8' title='bbox 145 206 194 242; x_wconf 72' lang='lat' dir='ltr'>‘et</span> <span class='ocrx_word' id='word_1_9' title='bbox 210 204 283 240; x_wconf 91' lang='lat' dir='ltr'>hoc</span> <span class='ocrx_word' id='word_1_10' title='bbox 301 214 428 249; x_wconf 88' lang='lat' dir='ltr'>sensu,</span> <span class='ocrx_word' id='word_1_11' title='bbox 452 204 745 251; x_wconf 65' lang='lat' dir='ltr'>coquationibus</span> <span class='ocrx_word' id='word_1_12' title='bbox 766 205 958 250; x_wconf 82' lang='lat' dir='ltr'>humanis,</span> <span class='ocrx_word' id='word_1_13' title='bbox 980 210 1092 252; x_wconf 79' lang='lat' dir='ltr'>atque</span> <span class='ocrx_word' id='word_1_14' title='bbox 1113 205 1388 253; x_wconf 77' lang='lat' dir='ltr'>affinitatibus,</span> <span class='ocrx_word' id='word_1_15' title='bbox 1412 213 1444 243; x_wconf 81' lang='lat' dir='ltr'>et</span> 
     </span>
     <span class='ocr_line' id='line_1_3' title="bbox 155 257 1444 305; baseline 0.001 -12"><span class='ocrx_word' id='word_1_16' title='bbox 155 257 450 305; x_wconf 80' lang='lat' dir='ltr'>quibuscumque</span> <span class='ocrx_word' id='word_1_17' title='bbox 470 257 814 293; x_wconf 79' lang='lat' dir='ltr'><em>necessitudinibus</em></span> <span class='ocrx_word' id='word_1_18' title='bbox 836 258 983 294; x_wconf 83' lang='lat' dir='ltr'>dicitur</span> <span class='ocrx_word' id='word_1_19' title='bbox 1001 258 1212 294; x_wconf 70' lang='lat' dir='ltr'>exhibenda</span> <span class='ocrx_word' id='word_1_20' title='bbox 1231 259 1382 305; x_wconf 63' lang='lat' dir='ltr'>religio.</span> <span class='ocrx_word' id='word_1_21' title='bbox 1402 265 1444 294; x_wconf 74' lang='lat' dir='ltr'>ut</span> 
     </span>
     <span class='ocr_line' id='line_1_4' title="bbox 155 309 1445 358; baseline 0 -11"><span class='ocrx_word' id='word_1_22' title='bbox 155 321 201 347; x_wconf 88' lang='lat' dir='ltr'>ex</span> <span class='ocrx_word' id='word_1_23' title='bbox 220 309 447 357; x_wconf 88' lang='lat' dir='ltr'>Augustino,</span> <span class='ocrx_word' id='word_1_24' title='bbox 469 309 511 354; x_wconf 86' lang='lat' dir='ltr'>X,</span> <span class='ocrx_word' id='word_1_25' title='bbox 531 310 588 346; x_wconf 85' lang='lat' dir='ltr'>De</span> <span class='ocrx_word' id='word_1_26' title='bbox 606 310 768 347; x_wconf 84' lang='lat' dir='ltr'>Civitate</span> <span class='ocrx_word' id='word_1_27' title='bbox 786 310 872 356; x_wconf 85' lang='lat' dir='ltr'>Dei,</span> <span class='ocrx_word' id='word_1_28' title='bbox 890 321 974 358; x_wconf 89' lang='lat' dir='ltr'>cap.</span> <span class='ocrx_word' id='word_1_29' title='bbox 996 311 1025 355; x_wconf 92' lang='lat'>1,</span> <span class='ocrx_word' id='word_1_30' title='bbox 1047 311 1162 347; x_wconf 84' lang='lat' dir='ltr'><strong>refert</strong></span> <span class='ocrx_word' id='word_1_31' title='bbox 1181 311 1253 347; x_wconf 90' lang='lat' dir='ltr'>loc.</span> <span class='ocrx_word' id='word_1_32' title='bbox 1275 312 1339 347; x_wconf 88' lang='lat' dir='ltr'>cit.</span> <span class='ocrx_word' id='word_1_33' title='bbox 1364 312 1445 358; x_wconf 89' lang='lat' dir='ltr'>ipse</span> 
     </span>
     <span class='ocr_line' id='line_1_5' title="bbox 154 362 1444 412; baseline 0 -13"><span class='ocrx_word' id='word_1_34' title='bbox 154 363 368 411; x_wconf 86' lang='lat' dir='ltr'>Angelicus.</span> <span class='ocrx_word' id='word_1_35' title='bbox 402 362 592 398; x_wconf 90' lang='lat' dir='ltr'>Strictiori</span> <span class='ocrx_word' id='word_1_36' title='bbox 621 367 752 399; x_wconf 88' lang='lat' dir='ltr'>autem</span> <span class='ocrx_word' id='word_1_37' title='bbox 782 374 894 400; x_wconf 89' lang='lat' dir='ltr'>sensu</span> <span class='ocrx_word' id='word_1_38' title='bbox 928 364 1155 412; x_wconf 84' lang='lat' dir='ltr'>religionem</span> <span class='ocrx_word' id='word_1_39' title='bbox 1186 364 1328 400; x_wconf 84' lang='lat' dir='ltr'>dictam</span> <span class='ocrx_word' id='word_1_40' title='bbox 1365 376 1444 400; x_wconf 84' lang='lat' dir='ltr'>esse</span> 
     </span>
     <span class='ocr_line' id='line_1_6' title="bbox 154 414 1445 464; baseline 0.001 -14"><span class='ocrx_word' id='word_1_41' title='bbox 154 415 234 451; x_wconf 83' lang='lat' dir='ltr'>vult</span> <span class='ocrx_word' id='word_1_42' title='bbox 248 414 393 451; x_wconf 90' lang='lat' dir='ltr'>Tullius</span> <span class='ocrx_word' id='word_1_43' title='bbox 412 425 435 450; x_wconf 92' lang='lat' dir='ltr'>a</span> <span class='ocrx_word' id='word_1_44' title='bbox 448 414 660 460; x_wconf 81' lang='lat' dir='ltr'>relectione,</span> <span class='ocrx_word' id='word_1_45' title='bbox 681 416 772 462; x_wconf 86' lang='lat' dir='ltr'>quia</span> <span class='ocrx_word' id='word_1_46' title='bbox 791 426 859 463; x_wconf 91' lang='lat' dir='ltr'>per</span> <span class='ocrx_word' id='word_1_47' title='bbox 874 415 1100 464; x_wconf 83' lang='lat' dir='ltr'>religionem</span> <span class='ocrx_word' id='word_1_48' title='bbox 1122 416 1239 452; x_wconf 89' lang='lat' dir='ltr'>homo</span> <span class='ocrx_word' id='word_1_49' title='bbox 1262 421 1445 453; x_wconf 80' lang='lat' dir='ltr'><strong>retractat</strong></span> 
     </span>
     <span class='ocr_line' id='line_1_7' title="bbox 108 467 1444 516; baseline 0.001 -12"><span class='ocrx_word' id='word_1_50' title='bbox 108 501 113 504; x_wconf 77' lang='lat'><em>.</em></span> <span class='ocrx_word' id='word_1_51' title='bbox 155 473 192 504; x_wconf 91' lang='lat' dir='ltr'>et</span> <span class='ocrx_word' id='word_1_52' title='bbox 208 472 392 515; x_wconf 87' lang='lat' dir='ltr'>tanquam</span> <span class='ocrx_word' id='word_1_53' title='bbox 409 467 544 515; x_wconf 89' lang='lat' dir='ltr'>relegit</span> <span class='ocrx_word' id='word_1_54' title='bbox 559 479 603 504; x_wconf 88' lang='lat' dir='ltr'>ea</span> <span class='ocrx_word' id='word_1_55' title='bbox 619 479 706 515; x_wconf 83' lang='lat' dir='ltr'>quae</span> <span class='ocrx_word' id='word_1_56' title='bbox 720 469 913 516; x_wconf 83' lang='lat' dir='ltr'>pertinent</span> <span class='ocrx_word' id='word_1_57' title='bbox 927 469 975 505; x_wconf 90' lang='lat' dir='ltr'>ad</span> <span class='ocrx_word' id='word_1_58' title='bbox 990 469 1136 505; x_wconf 88' lang='lat' dir='ltr'>cultum</span> <span class='ocrx_word' id='word_1_59' title='bbox 1155 469 1340 505; x_wconf 85' lang='lat' dir='ltr'>divinum.</span> <span class='ocrx_word' id='word_1_60' title='bbox 1357 470 1444 505; x_wconf 91' lang='lat' dir='ltr'>Lac·</span> 
     </span>
     <span class='ocr_line' id='line_1_8' title="bbox 155 520 1444 570; baseline 0 -13"><span class='ocrx_word' id='word_1_61' title='bbox 155 521 299 558; x_wconf 87' lang='lat' dir='ltr'>tantius</span> <span class='ocrx_word' id='word_1_62' title='bbox 323 531 427 566; x_wconf 87' lang='lat' dir='ltr'>vero,</span> <span class='ocrx_word' id='word_1_63' title='bbox 452 520 581 556; x_wconf 82' lang='lat' dir='ltr'>Instic.</span> <span class='ocrx_word' id='word_1_64' title='bbox 608 521 648 556; x_wconf 91' lang='lat' dir='ltr'>L.</span> <span class='ocrx_word' id='word_1_65' title='bbox 671 521 730 566; x_wconf 88' lang='lat' dir='ltr'>IV,</span> <span class='ocrx_word' id='word_1_66' title='bbox 753 521 842 569; x_wconf 91' lang='lat' dir='ltr'>Cap.</span> <span class='ocrx_word' id='word_1_67' title='bbox 865 522 1006 567; x_wconf 85' lang='lat' dir='ltr'>XXVII,</span> <span class='ocrx_word' id='word_1_68' title='bbox 1025 533 1048 557; x_wconf 92' lang='lat' dir='ltr'>a</span> <span class='ocrx_word' id='word_1_69' title='bbox 1068 522 1270 568; x_wconf 62' lang='lat' dir='ltr'>religando</span> <span class='ocrx_word' id='word_1_70' title='bbox 1293 522 1444 570; x_wconf 89' lang='lat' dir='ltr'>religio-</span> 
     </span>
     <span class='ocr_line' id='line_1_9' title="bbox 154 573 1443 622; baseline 0.001 -13"><span class='ocrx_word' id='word_1_71' title='bbox 154 584 242 610; x_wconf 87' lang='lat' dir='ltr'>nem</span> <span class='ocrx_word' id='word_1_72' title='bbox 266 573 409 610; x_wconf 88' lang='lat' dir='ltr'>dictam</span> <span class='ocrx_word' id='word_1_73' title='bbox 431 583 512 609; x_wconf 87' lang='lat' dir='ltr'>esse</span> <span class='ocrx_word' id='word_1_74' title='bbox 531 573 625 617; x_wconf 86' lang='lat' dir='ltr'>vult,</span> <span class='ocrx_word' id='word_1_75' title='bbox 648 575 739 620; x_wconf 88' lang='lat' dir='ltr'>quia</span> <span class='ocrx_word' id='word_1_76' title='bbox 762 579 818 610; x_wconf 88' lang='lat' dir='ltr'>est</span> <span class='ocrx_word' id='word_1_77' title='bbox 837 574 952 610; x_wconf 87' lang='lat' dir='ltr'>veluti</span> <span class='ocrx_word' id='word_1_78' title='bbox 975 575 1171 610; x_wconf 81' lang='lat' dir='ltr'>vinculum</span> <span class='ocrx_word' id='word_1_79' title='bbox 1197 575 1348 622; x_wconf 89' lang='lat' dir='ltr'>pietatis</span> <span class='ocrx_word' id='word_1_80' title='bbox 1369 585 1443 621; x_wconf 91' lang='lat' dir='ltr'>quo</span> 
     </span>
     <span class='ocr_line' id='line_1_10' title="bbox 153 626 1445 674; baseline 0 -11"><span class='ocrx_word' id='word_1_81' title='bbox 153 627 230 663; x_wconf 88' lang='lat' dir='ltr'>Deo</span> <span class='ocrx_word' id='word_1_82' title='bbox 259 626 551 673; x_wconf 88' lang='lat' dir='ltr'>obstringimur.</span> <span class='ocrx_word' id='word_1_83' title='bbox 584 627 676 668; x_wconf 83' lang='lat' dir='ltr'>Quae</span> <span class='ocrx_word' id='word_1_84' title='bbox 705 627 892 673; x_wconf 81' lang='lat' dir='ltr'>Lactantii</span> <span class='ocrx_word' id='word_1_85' title='bbox 915 627 1117 674; x_wconf 80' lang='lat' dir='ltr'>explicatio</span> <span class='ocrx_word' id='word_1_86' title='bbox 1144 639 1222 663; x_wconf 94' lang='lat' dir='ltr'>non</span> <span class='ocrx_word' id='word_1_87' title='bbox 1250 628 1445 663; x_wconf 88' lang='lat' dir='ltr'>immerito</span> 
     </span>
     <span class='ocr_line' id='line_1_11' title="bbox 152 679 1447 727; baseline 0.001 -12"><span class='ocrx_word' id='word_1_88' title='bbox 152 679 304 715; x_wconf 83' lang='lat' dir='ltr'>videtur</span> <span class='ocrx_word' id='word_1_89' title='bbox 321 679 503 725; x_wconf 86' lang='lat' dir='ltr'>Cajetano</span> <span class='ocrx_word' id='word_1_90' title='bbox 521 679 574 724; x_wconf 91' lang='lat' dir='ltr'>(in</span> <span class='ocrx_word' id='word_1_91' title='bbox 591 680 741 715; x_wconf 86' lang='lat' dir='ltr'>articul.</span> <span class='ocrx_word' id='word_1_92' title='bbox 764 680 868 716; x_wconf 89' lang='lat' dir='ltr'>citat.</span> <span class='ocrx_word' id='word_1_93' title='bbox 889 679 925 716; x_wconf 92' lang='lat' dir='ltr'>S.</span> <span class='ocrx_word' id='word_1_94' title='bbox 945 680 1116 724; x_wconf 81' lang='lat' dir='ltr'>Thomae)</span> <span class='ocrx_word' id='word_1_95' title='bbox 1136 681 1260 727; x_wconf 87' lang='lat' dir='ltr'>magis</span> <span class='ocrx_word' id='word_1_96' title='bbox 1277 690 1447 716; x_wconf 87' lang='lat' dir='ltr'>consona</span> 
     </span>
     <span class='ocr_line' id='line_1_12' title="bbox 154 732 1446 780; baseline 0.001 -13"><span class='ocrx_word' id='word_1_97' title='bbox 154 737 191 768; x_wconf 91' lang='lat' dir='ltr'>et</span> <span class='ocrx_word' id='word_1_98' title='bbox 210 732 353 780; x_wconf 84' lang='lat' dir='ltr'>linguae</span> <span class='ocrx_word' id='word_1_99' title='bbox 376 732 507 768; x_wconf 85' lang='lat' dir='ltr'>latinae</span> <span class='ocrx_word' id='word_1_100' title='bbox 535 736 573 768; x_wconf 91' lang='lat' dir='ltr'>et</span> <span class='ocrx_word' id='word_1_101' title='bbox 592 732 647 768; x_wconf 89' lang='lat' dir='ltr'>rei</span> <span class='ocrx_word' id='word_1_102' title='bbox 672 733 912 780; x_wconf 70' lang='lat' dir='ltr'>significatae.</span> <span class='ocrx_word' id='word_1_103' title='bbox 945 733 991 768; x_wconf 94' lang='lat' dir='ltr'>Et</span> <span class='ocrx_word' id='word_1_104' title='bbox 1010 734 1049 768; x_wconf 92' lang='lat' dir='ltr'>in</span> <span class='ocrx_word' id='word_1_105' title='bbox 1078 733 1152 769; x_wconf 88' lang='lat' dir='ltr'>hoc</span> <span class='ocrx_word' id='word_1_106' title='bbox 1171 744 1284 769; x_wconf 90' lang='lat' dir='ltr'>sensu</span> <span class='ocrx_word' id='word_1_107' title='bbox 1311 733 1347 768; x_wconf 89' lang='lat' dir='ltr'>S.</span> <span class='ocrx_word' id='word_1_108' title='bbox 1374 734 1446 768; x_wconf 90' lang='lat' dir='ltr'>Au-</span> 
     </span>
     <span class='ocr_line' id='line_1_13' title="bbox 155 784 1447 833; baseline 0 -13"><span class='ocrx_word' id='word_1_109' title='bbox 155 785 342 832; x_wconf 88' lang='lat' dir='ltr'>gustinus,</span> <span class='ocrx_word' id='word_1_110' title='bbox 357 784 413 820; x_wconf 88' lang='lat' dir='ltr'>De</span> <span class='ocrx_word' id='word_1_111' title='bbox 428 794 518 821; x_wconf 85' lang='lat' dir='ltr'>vera</span> <span class='ocrx_word' id='word_1_112' title='bbox 533 784 730 831; x_wconf 73' lang='lat' dir='ltr'>reliqione,</span> <span class='ocrx_word' id='word_1_113' title='bbox 748 785 837 833; x_wconf 90' lang='lat' dir='ltr'>Cap.</span> <span class='ocrx_word' id='word_1_114' title='bbox 859 786 929 830; x_wconf 89' lang='lat' dir='ltr'>LV,</span> <span class='ocrx_word' id='word_1_115' title='bbox 949 797 986 821; x_wconf 92' lang='lat' dir='ltr'>n.</span> <span class='ocrx_word' id='word_1_116' title='bbox 1011 788 1072 820; x_wconf 86' lang='lat'>111</span> <span class='ocrx_word' id='word_1_117' title='bbox 1095 785 1209 821; x_wconf 89' lang='lat' dir='ltr'>dicit:</span> <span class='ocrx_word' id='word_1_118' title='bbox 1230 786 1447 832; x_wconf 75' lang='lat' dir='ltr'>Reliyantes</span> 
     </span>
     <span class='ocr_line' id='line_1_14' title="bbox 156 837 1447 885; baseline 0.002 -13"><span class='ocrx_word' id='word_1_119' title='bbox 156 837 259 883; x_wconf 88' lang='lat' dir='ltr'>(Deo)</span> <span class='ocrx_word' id='word_1_120' title='bbox 273 837 426 873; x_wconf 75' lang='lat' dir='ltr'>animas</span> <span class='ocrx_word' id='word_1_121' title='bbox 438 841 592 873; x_wconf 82' lang='lat' dir='ltr'>nostras</span> <span class='ocrx_word' id='word_1_122' title='bbox 606 838 704 873; x_wconf 75' lang='lat' dir='ltr'>unde</span> <span class='ocrx_word' id='word_1_123' title='bbox 716 838 856 884; x_wconf 74' lang='lat' dir='ltr'>reliyio</span> <span class='ocrx_word' id='word_1_124' title='bbox 876 838 981 874; x_wconf 84' lang='lat' dir='ltr'>dicta</span> <span class='ocrx_word' id='word_1_125' title='bbox 998 838 1168 874; x_wconf 82' lang='lat' dir='ltr'>creditur</span> <span class='ocrx_word' id='word_1_126' title='bbox 1180 838 1285 874; x_wconf 81' lang='lat' dir='ltr'>omni</span> <span class='ocrx_word' id='word_1_127' title='bbox 1299 849 1447 885; x_wconf 82' lang='lat' dir='ltr'>supers-</span> 
     </span>
     <span class='ocr_line' id='line_1_15' title="bbox 154 889 1449 937; baseline 0.001 -12"><span class='ocrx_word' id='word_1_128' title='bbox 154 889 288 926; x_wconf 79' lang='lat' dir='ltr'>titione</span> <span class='ocrx_word' id='word_1_129' title='bbox 301 899 512 926; x_wconf 84' lang='lat' dir='ltr'><strong><em>careamus.</em></strong></span> <span class='ocrx_word' id='word_1_130' title='bbox 531 909 577 915; x_wconf 92' lang='lat'>—</span> <span class='ocrx_word' id='word_1_131' title='bbox 596 890 655 934; x_wconf 86' lang='lat' dir='ltr'>At,</span> <span class='ocrx_word' id='word_1_132' title='bbox 675 890 800 937; x_wconf 88' lang='lat' dir='ltr'>inquit</span> <span class='ocrx_word' id='word_1_133' title='bbox 821 890 917 926; x_wconf 81' lang='lat' dir='ltr'>ibid.</span> <span class='ocrx_word' id='word_1_134' title='bbox 943 891 980 926; x_wconf 90' lang='lat' dir='ltr'>S.</span> <span class='ocrx_word' id='word_1_135' title='bbox 999 890 1180 935; x_wconf 82' lang='lat' dir='ltr'>Thomas,</span> <span class='ocrx_word' id='word_1_136' title='bbox 1203 892 1280 926; x_wconf 86' lang='lat' dir='ltr'>sive</span> <span class='ocrx_word' id='word_1_137' title='bbox 1298 890 1449 927; x_wconf 88' lang='lat' dir='ltr'>dicatur</span> 
     </span>
     <span class='ocr_line' id='line_1_16' title="bbox 152 941 1444 990; baseline -0.001 -11"><span class='ocrx_word' id='word_1_138' title='bbox 152 954 175 979; x_wconf 86' lang='lat' dir='ltr'>a</span> <span class='ocrx_word' id='word_1_139' title='bbox 190 941 408 987; x_wconf 82' lang='lat' dir='ltr'>relectione,</span> <span class='ocrx_word' id='word_1_140' title='bbox 425 942 502 978; x_wconf 85' lang='lat' dir='ltr'>sive</span> <span class='ocrx_word' id='word_1_141' title='bbox 517 952 540 978; x_wconf 88' lang='lat' dir='ltr'>a</span> <span class='ocrx_word' id='word_1_142' title='bbox 559 942 799 990; x_wconf 82' lang='lat' dir='ltr'>religatione,</span> <span class='ocrx_word' id='word_1_143' title='bbox 815 943 954 989; x_wconf 70' lang='lat' dir='ltr'>reliyio</span> <span class='ocrx_word' id='word_1_144' title='bbox 962 945 1126 990; x_wconf 77' lang='lat' dir='ltr'>proprie</span> <span class='ocrx_word' id='word_1_145' title='bbox 1143 945 1326 990; x_wconf 78' lang='lat' dir='ltr'>importat</span> <span class='ocrx_word' id='word_1_146' title='bbox 1342 943 1444 979; x_wconf 85' lang='lat' dir='ltr'>ordi-</span> 
     </span>
     <span class='ocr_line' id='line_1_17' title="bbox 151 994 1448 1042; baseline 0 -11"><span class='ocrx_word' id='word_1_147' title='bbox 151 1006 235 1032; x_wconf 79' lang='lat' dir='ltr'>nem</span> <span class='ocrx_word' id='word_1_148' title='bbox 256 995 307 1031; x_wconf 89' lang='lat' dir='ltr'>ad</span> <span class='ocrx_word' id='word_1_149' title='bbox 327 994 448 1031; x_wconf 82' lang='lat' dir='ltr'>Deum</span> <span class='ocrx_word' id='word_1_150' title='bbox 471 995 563 1038; x_wconf 80' lang='lat' dir='ltr'>(Art.</span> <span class='ocrx_word' id='word_1_151' title='bbox 592 995 620 1039; x_wconf 88' lang='lat'>1)</span> <span class='ocrx_word' id='word_1_152' title='bbox 645 1006 653 1029; x_wconf 90' lang='lat'>:</span> <span class='ocrx_word' id='word_1_153' title='bbox 683 994 783 1031; x_wconf 89' lang='lat' dir='ltr'>unde</span> <span class='ocrx_word' id='word_1_154' title='bbox 810 995 943 1042; x_wconf 87' lang='lat' dir='ltr'>religio</span> <span class='ocrx_word' id='word_1_155' title='bbox 972 995 1155 1031; x_wconf 83' lang='lat' dir='ltr'>definitur</span> <span class='ocrx_word' id='word_1_156' title='bbox 1182 1007 1190 1031; x_wconf 91' lang='lat'>:</span> <span class='ocrx_word' id='word_1_157' title='bbox 1221 996 1348 1031; x_wconf 83' lang='lat' dir='ltr'>Virtus</span> <span class='ocrx_word' id='word_1_158' title='bbox 1372 1006 1448 1042; x_wconf 81' lang='lat' dir='ltr'>qua</span> 
     </span>
     <span class='ocr_line' id='line_1_18' title="bbox 151 1046 1116 1084; baseline -0.001 0"><span class='ocrx_word' id='word_1_159' title='bbox 151 1046 349 1084; x_wconf 73' lang='lat' dir='ltr'>exhibetur</span> <span class='ocrx_word' id='word_1_160' title='bbox 363 1047 441 1083; x_wconf 87' lang='lat' dir='ltr'>Deo</span> <span class='ocrx_word' id='word_1_161' title='bbox 461 1046 609 1082; x_wconf 83' lang='lat' dir='ltr'>debitus</span> <span class='ocrx_word' id='word_1_162' title='bbox 626 1047 760 1083; x_wconf 79' lang='lat' dir='ltr'>honor.</span> <span class='ocrx_word' id='word_1_163' title='bbox 778 1067 824 1074; x_wconf 92' lang='lat'>-—</span> <span class='ocrx_word' id='word_1_164' title='bbox 843 1047 899 1083; x_wconf 79' lang='grc' dir='ltr'>[ὁ.</span> <span class='ocrx_word' id='word_1_165' title='bbox 918 1049 1033 1083; x_wconf 84' lang='lat' dir='ltr'>Artic.</span> <span class='ocrx_word' id='word_1_166' title='bbox 1057 1048 1116 1083; x_wconf 88' lang='lat' dir='ltr'>IV.</span> 
     </span>
    </p>

    <p class='ocr_par' dir='ltr' id='par_1_3' title="bbox 152 1100 1451 2412">
     <span class='ocr_line' id='line_1_19' title="bbox 197 1100 1444 1147; baseline 0 -10"><span class='ocrx_word' id='word_1_167' title='bbox 197 1101 243 1137; x_wconf 91' lang='lat'>11.</span> <span class='ocrx_word' id='word_1_168' title='bbox 269 1101 387 1137; x_wconf 88' lang='lat' dir='ltr'>Homo</span> <span class='ocrx_word' id='word_1_169' title='bbox 408 1101 672 1136; x_wconf 83' lang='lat' dir='ltr'>essentialiter</span> <span class='ocrx_word' id='word_1_170' title='bbox 693 1100 952 1146; x_wconf 74' lang='lat' dir='ltr'>obstringitur</span> <span class='ocrx_word' id='word_1_171' title='bbox 977 1102 1165 1146; x_wconf 70' lang='lat' dir='ltr'>religione</span> <span class='ocrx_word' id='word_1_172' title='bbox 1198 1111 1289 1147; x_wconf 73' lang='lat' dir='ltr'>erga</span> <span class='ocrx_word' id='word_1_173' title='bbox 1315 1102 1444 1137; x_wconf 84' lang='lat' dir='ltr'>Deum.</span> 
     </span>
     <span class='ocr_line' id='line_1_20' title="bbox 152 1153 1445 1199; baseline 0 -10"><span class='ocrx_word' id='word_1_174' title='bbox 152 1154 240 1190; x_wconf 84' lang='lat' dir='ltr'>Tria</span> <span class='ocrx_word' id='word_1_175' title='bbox 258 1153 297 1189; x_wconf 89' lang='lat' dir='ltr'>in</span> <span class='ocrx_word' id='word_1_176' title='bbox 310 1153 401 1197; x_wconf 85' lang='lat' dir='ltr'>Deo,</span> <span class='ocrx_word' id='word_1_177' title='bbox 423 1153 462 1188; x_wconf 91' lang='lat' dir='ltr'>in</span> <span class='ocrx_word' id='word_1_178' title='bbox 479 1153 661 1199; x_wconf 85' lang='lat' dir='ltr'>praesenti</span> <span class='ocrx_word' id='word_1_179' title='bbox 681 1153 966 1189; x_wconf 85' lang='lat' dir='ltr'>consideremus</span> <span class='ocrx_word' id='word_1_180' title='bbox 983 1164 991 1189; x_wconf 86' lang='lat'>:</span> <span class='ocrx_word' id='word_1_181' title='bbox 1024 1156 1060 1188; x_wconf 85' lang='lat'>10</span> <span class='ocrx_word' id='word_1_182' title='bbox 1080 1154 1345 1190; x_wconf 85' lang='lat' dir='ltr'>excellentiam</span> <span class='ocrx_word' id='word_1_183' title='bbox 1367 1164 1445 1189; x_wconf 78' lang='lat' dir='ltr'>suae</span> 
     </span>
     <span class='ocr_line' id='line_1_21' title="bbox 152 1205 1447 1251; baseline -0.001 -10"><span class='ocrx_word' id='word_1_184' title='bbox 152 1210 315 1250; x_wconf 75' lang='lat' dir='ltr'>naturae,</span> <span class='ocrx_word' id='word_1_185' title='bbox 336 1215 423 1251; x_wconf 90' lang='lat' dir='ltr'>quae</span> <span class='ocrx_word' id='word_1_186' title='bbox 449 1205 602 1240; x_wconf 89' lang='lat' dir='ltr'>infinita</span> <span class='ocrx_word' id='word_1_187' title='bbox 621 1209 691 1249; x_wconf 86' lang='lat' dir='ltr'>est,</span> <span class='ocrx_word' id='word_1_188' title='bbox 714 1210 752 1241; x_wconf 86' lang='lat' dir='ltr'>et</span> <span class='ocrx_word' id='word_1_189' title='bbox 772 1206 904 1241; x_wconf 91' lang='lat' dir='ltr'>omnia</span> <span class='ocrx_word' id='word_1_190' title='bbox 930 1206 969 1241; x_wconf 93' lang='lat' dir='ltr'>in</span> <span class='ocrx_word' id='word_1_191' title='bbox 991 1206 1189 1241; x_wconf 83' lang='lat' dir='ltr'>infinitum</span> <span class='ocrx_word' id='word_1_192' title='bbox 1210 1206 1447 1242; x_wconf 82' lang='lat' dir='ltr'>transcendit</span> 
     </span>
     <span class='ocr_line' id='line_1_22' title="bbox 152 1256 1445 1306; baseline 0 -13"><span class='ocrx_word' id='word_1_193' title='bbox 152 1257 362 1294; x_wconf 90' lang='lat' dir='ltr'>secundum</span> <span class='ocrx_word' id='word_1_194' title='bbox 382 1256 651 1292; x_wconf 89' lang='lat' dir='ltr'>omnimodum</span> <span class='ocrx_word' id='word_1_195' title='bbox 672 1268 892 1302; x_wconf 82' lang='lat' dir='ltr'>excessum3</span> <span class='ocrx_word' id='word_1_196' title='bbox 921 1260 959 1293; x_wconf 81' lang='lat'>20</span> <span class='ocrx_word' id='word_1_197' title='bbox 986 1258 1175 1294; x_wconf 88' lang='lat' dir='ltr'>rationem</span> <span class='ocrx_word' id='word_1_198' title='bbox 1200 1259 1315 1306; x_wconf 89' lang='lat' dir='ltr'>primi</span> <span class='ocrx_word' id='word_1_199' title='bbox 1343 1259 1445 1305; x_wconf 87' lang='lat' dir='ltr'>prin·</span> 
     </span>
     <span class='ocr_line' id='line_1_23' title="bbox 153 1308 1439 1359; baseline 0 -13"><span class='ocrx_word' id='word_1_200' title='bbox 153 1309 242 1357; x_wconf 86' lang='lat' dir='ltr'>cipii</span> <span class='ocrx_word' id='word_1_201' title='bbox 257 1314 295 1346; x_wconf 89' lang='lat' dir='ltr'>et</span> <span class='ocrx_word' id='word_1_202' title='bbox 313 1308 461 1345; x_wconf 86' lang='lat' dir='ltr'>domini</span> <span class='ocrx_word' id='word_1_203' title='bbox 478 1319 501 1345; x_wconf 90' lang='lat' dir='ltr'>a</span> <span class='ocrx_word' id='word_1_204' title='bbox 519 1319 596 1355; x_wconf 90' lang='lat' dir='ltr'>quo</span> <span class='ocrx_word' id='word_1_205' title='bbox 617 1319 751 1345; x_wconf 87' lang='lat' dir='ltr'>omnes</span> <span class='ocrx_word' id='word_1_206' title='bbox 774 1314 959 1346; x_wconf 79' lang='lat' dir='ltr'>creaturae</span> <span class='ocrx_word' id='word_1_207' title='bbox 977 1311 1221 1346; x_wconf 84' lang='lat' dir='ltr'>existentiam</span> <span class='ocrx_word' id='word_1_208' title='bbox 1246 1316 1439 1359; x_wconf 85' lang='lat' dir='ltr'>repetunt,</span> 
     </span>
     <span class='ocr_line' id='line_1_24' title="bbox 154 1362 1446 1411; baseline 0.001 -13"><span class='ocrx_word' id='word_1_209' title='bbox 154 1368 191 1398; x_wconf 93' lang='lat' dir='ltr'>et</span> <span class='ocrx_word' id='word_1_210' title='bbox 212 1366 484 1400; x_wconf 85' lang='lat' dir='ltr'>conservantur</span> <span class='ocrx_word' id='word_1_211' title='bbox 503 1366 541 1397; x_wconf 88' lang='lat' dir='ltr'>et</span> <span class='ocrx_word' id='word_1_212' title='bbox 564 1362 805 1409; x_wconf 84' lang='lat' dir='ltr'>providentia</span> <span class='ocrx_word' id='word_1_213' title='bbox 824 1364 994 1399; x_wconf 83' lang='lat' dir='ltr'>maxima</span> <span class='ocrx_word' id='word_1_214' title='bbox 1016 1364 1304 1411; x_wconf 85' lang='lat' dir='ltr'>gubernantur3</span> <span class='ocrx_word' id='word_1_215' title='bbox 1328 1366 1364 1399; x_wconf 89' lang='lat'>30</span> <span class='ocrx_word' id='word_1_216' title='bbox 1388 1375 1446 1399; x_wconf 81' lang='lat' dir='ltr'>ra-</span> 
     </span>
     <span class='ocr_line' id='line_1_25' title="bbox 155 1415 1442 1462; baseline 0.001 -11"><span class='ocrx_word' id='word_1_217' title='bbox 155 1416 300 1451; x_wconf 90' lang='lat' dir='ltr'>tionem</span> <span class='ocrx_word' id='word_1_218' title='bbox 319 1415 419 1459; x_wconf 87' lang='lat' dir='ltr'>finis,</span> <span class='ocrx_word' id='word_1_219' title='bbox 443 1415 534 1462; x_wconf 90' lang='lat' dir='ltr'>quia</span> <span class='ocrx_word' id='word_1_220' title='bbox 554 1415 634 1461; x_wconf 89' lang='lat' dir='ltr'>ipse</span> <span class='ocrx_word' id='word_1_221' title='bbox 653 1415 752 1450; x_wconf 86' lang='lat' dir='ltr'>Deus</span> <span class='ocrx_word' id='word_1_222' title='bbox 773 1420 829 1451; x_wconf 89' lang='lat' dir='ltr'>est</span> <span class='ocrx_word' id='word_1_223' title='bbox 848 1416 936 1451; x_wconf 86' lang='lat' dir='ltr'>finis</span> <span class='ocrx_word' id='word_1_224' title='bbox 961 1416 1118 1452; x_wconf 84' lang='lat' dir='ltr'>ultimus</span> <span class='ocrx_word' id='word_1_225' title='bbox 1139 1418 1315 1452; x_wconf 87' lang='lat' dir='ltr'>omnium</span> <span class='ocrx_word' id='word_1_226' title='bbox 1334 1428 1442 1452; x_wconf 90' lang='lat' dir='ltr'>crea-</span> 
     </span>
     <span class='ocr_line' id='line_1_26' title="bbox 158 1466 1447 1516; baseline 0.002 -14"><span class='ocrx_word' id='word_1_227' title='bbox 158 1472 346 1504; x_wconf 87' lang='lat' dir='ltr'>turarum.</span> <span class='ocrx_word' id='word_1_228' title='bbox 361 1487 407 1493; x_wconf 90' lang='lat'>—</span> <span class='ocrx_word' id='word_1_229' title='bbox 422 1466 671 1503; x_wconf 62' lang='lat' dir='ltr'>Excellentioe</span> <span class='ocrx_word' id='word_1_230' title='bbox 687 1471 817 1503; x_wconf 86' lang='lat' dir='ltr'>autem</span> <span class='ocrx_word' id='word_1_231' title='bbox 832 1467 993 1504; x_wconf 87' lang='lat' dir='ltr'>debetur</span> <span class='ocrx_word' id='word_1_232' title='bbox 1009 1468 1146 1513; x_wconf 88' lang='lat' dir='ltr'>honor,</span> <span class='ocrx_word' id='word_1_233' title='bbox 1165 1473 1202 1504; x_wconf 91' lang='lat' dir='ltr'>et</span> <span class='ocrx_word' id='word_1_234' title='bbox 1216 1480 1447 1516; x_wconf 89' lang='lat' dir='ltr'>consequen-</span> 
     </span>
     <span class='ocr_line' id='line_1_27' title="bbox 158 1520 1446 1568; baseline 0.002 -12"><span class='ocrx_word' id='word_1_235' title='bbox 158 1526 216 1557; x_wconf 86' lang='lat' dir='ltr'>ter</span> <span class='ocrx_word' id='word_1_236' title='bbox 243 1520 319 1556; x_wconf 93' lang='lat' dir='ltr'>Deo</span> <span class='ocrx_word' id='word_1_237' title='bbox 348 1520 474 1556; x_wconf 89' lang='lat' dir='ltr'>honor</span> <span class='ocrx_word' id='word_1_238' title='bbox 497 1520 671 1567; x_wconf 86' lang='lat' dir='ltr'>specialis</span> <span class='ocrx_word' id='word_1_239' title='bbox 701 1520 882 1566; x_wconf 83' lang='lat' dir='ltr'>debetur3</span> <span class='ocrx_word' id='word_1_240' title='bbox 910 1541 955 1547; x_wconf 89' lang='lat'><strong>—</strong></span> <span class='ocrx_word' id='word_1_241' title='bbox 982 1521 1190 1568; x_wconf 80' lang='lat' dir='ltr'>Principio</span> <span class='ocrx_word' id='word_1_242' title='bbox 1218 1533 1263 1558; x_wconf 86' lang='lat' dir='ltr'>ac</span> <span class='ocrx_word' id='word_1_243' title='bbox 1292 1522 1446 1558; x_wconf 82' lang='lat' dir='ltr'>domino</span> 
     </span>
     <span class='ocr_line' id='line_1_28' title="bbox 157 1572 1448 1620; baseline 0.001 -10"><span class='ocrx_word' id='word_1_244' title='bbox 157 1573 317 1610; x_wconf 89' lang='lat' dir='ltr'>debetur</span> <span class='ocrx_word' id='word_1_245' title='bbox 333 1572 589 1620; x_wconf 89' lang='lat' dir='ltr'>dependentia</span> <span class='ocrx_word' id='word_1_246' title='bbox 607 1577 645 1609; x_wconf 88' lang='lat' dir='ltr'>et</span> <span class='ocrx_word' id='word_1_247' title='bbox 669 1574 852 1619; x_wconf 83' lang='lat' dir='ltr'>servitus3</span> <span class='ocrx_word' id='word_1_248' title='bbox 881 1578 919 1609; x_wconf 88' lang='lat' dir='ltr'>et</span> <span class='ocrx_word' id='word_1_249' title='bbox 945 1574 1030 1611; x_wconf 90' lang='lat' dir='ltr'>ideo</span> <span class='ocrx_word' id='word_1_250' title='bbox 1056 1579 1242 1611; x_wconf 86' lang='lat' dir='ltr'>creaturae</span> <span class='ocrx_word' id='word_1_251' title='bbox 1267 1575 1405 1611; x_wconf 91' lang='lat' dir='ltr'>debent</span> <span class='ocrx_word' id='word_1_252' title='bbox 1426 1586 1448 1611; x_wconf 85' lang='lat' dir='ltr'>a</span> 
     </span>
     <span class='ocr_line' id='line_1_29' title="bbox 154 1625 1447 1673; baseline 0.001 -12"><span class='ocrx_word' id='word_1_253' title='bbox 154 1626 231 1662; x_wconf 90' lang='lat' dir='ltr'>Deo</span> <span class='ocrx_word' id='word_1_254' title='bbox 260 1629 481 1662; x_wconf 85' lang='lat' dir='ltr'>constanter</span> <span class='ocrx_word' id='word_1_255' title='bbox 505 1625 733 1673; x_wconf 86' lang='lat' dir='ltr'>dependere,</span> <span class='ocrx_word' id='word_1_256' title='bbox 761 1627 871 1673; x_wconf 70' lang='lat' dir='ltr'>eique</span> <span class='ocrx_word' id='word_1_257' title='bbox 897 1627 1057 1672; x_wconf 82' lang='lat' dir='ltr'>servire3</span> <span class='ocrx_word' id='word_1_258' title='bbox 1088 1648 1133 1653; x_wconf 90' lang='lat'><strong>—</strong></span> <span class='ocrx_word' id='word_1_259' title='bbox 1163 1627 1258 1663; x_wconf 83' lang='lat' dir='ltr'>Fini</span> <span class='ocrx_word' id='word_1_260' title='bbox 1287 1627 1447 1664; x_wconf 88' lang='lat' dir='ltr'>debetur</span> 
     </span>
     <span class='ocr_line' id='line_1_30' title="bbox 156 1679 1447 1727; baseline 0 -12"><span class='ocrx_word' id='word_1_261' title='bbox 156 1679 348 1715; x_wconf 80' lang='lat' dir='ltr'>maximus</span> <span class='ocrx_word' id='word_1_262' title='bbox 380 1689 502 1723; x_wconf 88' lang='lat' dir='ltr'>amor,</span> <span class='ocrx_word' id='word_1_263' title='bbox 533 1682 571 1714; x_wconf 86' lang='lat' dir='ltr'>et</span> <span class='ocrx_word' id='word_1_264' title='bbox 607 1683 650 1714; x_wconf 90' lang='lat' dir='ltr'>ut</span> <span class='ocrx_word' id='word_1_265' title='bbox 685 1679 817 1714; x_wconf 91' lang='lat' dir='ltr'>omnia</span> <span class='ocrx_word' id='word_1_266' title='bbox 846 1679 884 1714; x_wconf 91' lang='lat' dir='ltr'>in</span> <span class='ocrx_word' id='word_1_267' title='bbox 919 1680 1046 1727; x_wconf 89' lang='lat' dir='ltr'>ipsum</span> <span class='ocrx_word' id='word_1_268' title='bbox 1080 1679 1320 1727; x_wconf 86' lang='lat' dir='ltr'>dirigantur;</span> <span class='ocrx_word' id='word_1_269' title='bbox 1355 1691 1447 1727; x_wconf 85' lang='lat' dir='ltr'>ergo</span> 
     </span>
     <span class='ocr_line' id='line_1_31' title="bbox 157 1730 1447 1779; baseline 0.001 -12"><span class='ocrx_word' id='word_1_270' title='bbox 157 1735 341 1767; x_wconf 85' lang='lat' dir='ltr'>creaturae</span> <span class='ocrx_word' id='word_1_271' title='bbox 361 1742 476 1777; x_wconf 88' lang='lat' dir='ltr'>super</span> <span class='ocrx_word' id='word_1_272' title='bbox 495 1731 627 1767; x_wconf 89' lang='lat' dir='ltr'>omnia</span> <span class='ocrx_word' id='word_1_273' title='bbox 646 1730 767 1766; x_wconf 89' lang='lat' dir='ltr'>Deum</span> <span class='ocrx_word' id='word_1_274' title='bbox 785 1742 914 1767; x_wconf 88' lang='lat' dir='ltr'>amare</span> <span class='ocrx_word' id='word_1_275' title='bbox 935 1736 1127 1768; x_wconf 89' lang='lat' dir='ltr'>tenentur.</span> <span class='ocrx_word' id='word_1_276' title='bbox 1149 1753 1194 1758; x_wconf 89' lang='lat'>—</span> <span class='ocrx_word' id='word_1_277' title='bbox 1214 1734 1290 1779; x_wconf 85' lang='lat' dir='ltr'>Age</span> <span class='ocrx_word' id='word_1_278' title='bbox 1315 1743 1447 1779; x_wconf 88' lang='lat' dir='ltr'>porro.</span> 
     </span>
     <span class='ocr_line' id='line_1_32' title="bbox 157 1783 1447 1828; baseline 0.001 -8"><span class='ocrx_word' id='word_1_279' title='bbox 157 1784 363 1827; x_wconf 69' lang='lat' dir='ltr'>creaturae,</span> <span class='ocrx_word' id='word_1_280' title='bbox 384 1783 495 1818; x_wconf 90' lang='lat' dir='ltr'>nohis</span> <span class='ocrx_word' id='word_1_281' title='bbox 513 1783 725 1828; x_wconf 83' lang='lat' dir='ltr'>inferiores,</span> <span class='ocrx_word' id='word_1_282' title='bbox 747 1784 897 1820; x_wconf 91' lang='lat' dir='ltr'>ratione</span> <span class='ocrx_word' id='word_1_283' title='bbox 922 1788 960 1820; x_wconf 89' lang='lat' dir='ltr'>et</span> <span class='ocrx_word' id='word_1_284' title='bbox 979 1784 1100 1820; x_wconf 87' lang='lat' dir='ltr'>libera</span> <span class='ocrx_word' id='word_1_285' title='bbox 1115 1785 1310 1821; x_wconf 89' lang='lat' dir='ltr'>voluntate</span> <span class='ocrx_word' id='word_1_286' title='bbox 1335 1785 1447 1821; x_wconf 88' lang='lat' dir='ltr'>desti-</span> 
     </span>
     <span class='ocr_line' id='line_1_33' title="bbox 157 1836 1447 1882; baseline 0.002 -10"><span class='ocrx_word' id='word_1_287' title='bbox 157 1841 264 1880; x_wconf 82' lang='lat' dir='ltr'>tutae,</span> <span class='ocrx_word' id='word_1_288' title='bbox 287 1839 481 1881; x_wconf 89' lang='lat' dir='ltr'>nequeunt</span> <span class='ocrx_word' id='word_1_289' title='bbox 504 1845 733 1882; x_wconf 86' lang='lat' dir='ltr'>cognoscere</span> <span class='ocrx_word' id='word_1_290' title='bbox 757 1836 933 1872; x_wconf 91' lang='lat' dir='ltr'>ordinem</span> <span class='ocrx_word' id='word_1_291' title='bbox 959 1847 1072 1872; x_wconf 90' lang='lat' dir='ltr'>suum</span> <span class='ocrx_word' id='word_1_292' title='bbox 1092 1837 1140 1873; x_wconf 89' lang='lat' dir='ltr'>ad</span> <span class='ocrx_word' id='word_1_293' title='bbox 1161 1837 1380 1874; x_wconf 82' lang='lat' dir='ltr'>Creatorem</span> <span class='ocrx_word' id='word_1_294' title='bbox 1407 1839 1447 1874; x_wconf 87' lang='lat' dir='ltr'>in</span> 
     </span>
     <span class='ocr_line' id='line_1_34' title="bbox 158 1886 1451 1936; baseline 0.002 -13"><span class='ocrx_word' id='word_1_295' title='bbox 158 1887 298 1935; x_wconf 82' lang='lat' dir='ltr'>triplici</span> <span class='ocrx_word' id='word_1_296' title='bbox 319 1887 383 1922; x_wconf 92' lang='lat' dir='ltr'>illo</span> <span class='ocrx_word' id='word_1_297' title='bbox 404 1886 586 1934; x_wconf 89' lang='lat' dir='ltr'>adspectu</span> <span class='ocrx_word' id='word_1_298' title='bbox 607 1898 673 1922; x_wconf 89' lang='lat' dir='ltr'>seu</span> <span class='ocrx_word' id='word_1_299' title='bbox 694 1887 960 1934; x_wconf 83' lang='lat' dir='ltr'>explicatione,</span> <span class='ocrx_word' id='word_1_300' title='bbox 985 1893 1023 1924; x_wconf 91' lang='lat' dir='ltr'>et</span> <span class='ocrx_word' id='word_1_301' title='bbox 1039 1888 1124 1924; x_wconf 88' lang='lat' dir='ltr'>ideo</span> <span class='ocrx_word' id='word_1_302' title='bbox 1149 1895 1345 1936; x_wconf 86' lang='lat' dir='ltr'>nequeunt</span> <span class='ocrx_word' id='word_1_303' title='bbox 1367 1901 1451 1926; x_wconf 87' lang='lat' dir='ltr'>esse</span> 
     </span>
     <span class='ocr_line' id='line_1_35' title="bbox 157 1939 1446 1989; baseline 0.003 -14"><span class='ocrx_word' id='word_1_304' title='bbox 157 1941 231 1976; x_wconf 85' lang='lat' dir='ltr'>nisi</span> <span class='ocrx_word' id='word_1_305' title='bbox 260 1940 369 1987; x_wconf 87' lang='lat' dir='ltr'>signa</span> <span class='ocrx_word' id='word_1_306' title='bbox 396 1939 534 1976; x_wconf 79' lang='lat' dir='ltr'>divinae</span> <span class='ocrx_word' id='word_1_307' title='bbox 560 1939 807 1985; x_wconf 62' lang='lat' dir='ltr'>excellentiae,</span> <span class='ocrx_word' id='word_1_308' title='bbox 836 1945 873 1976; x_wconf 89' lang='lat' dir='ltr'>et</span> <span class='ocrx_word' id='word_1_309' title='bbox 896 1942 1049 1977; x_wconf 88' lang='lat' dir='ltr'>nonnisi</span> <span class='ocrx_word' id='word_1_310' title='bbox 1072 1942 1220 1988; x_wconf 88' lang='lat' dir='ltr'>passive</span> <span class='ocrx_word' id='word_1_311' title='bbox 1244 1948 1404 1989; x_wconf 86' lang='lat' dir='ltr'>possunt</span> <span class='ocrx_word' id='word_1_312' title='bbox 1424 1954 1446 1979; x_wconf 81' lang='lat' dir='ltr'>a</span> 
     </span>
     <span class='ocr_line' id='line_1_36' title="bbox 156 1992 1445 2040; baseline 0.002 -11"><span class='ocrx_word' id='word_1_313' title='bbox 156 2003 308 2029; x_wconf 86' lang='lat' dir='ltr'>summo</span> <span class='ocrx_word' id='word_1_314' title='bbox 323 1993 510 2040; x_wconf 88' lang='lat' dir='ltr'>principio</span> <span class='ocrx_word' id='word_1_315' title='bbox 526 1992 740 2040; x_wconf 89' lang='lat' dir='ltr'>dependere</span> <span class='ocrx_word' id='word_1_316' title='bbox 754 1997 838 2028; x_wconf 89' lang='lat' dir='ltr'>tum</span> <span class='ocrx_word' id='word_1_317' title='bbox 854 1993 893 2029; x_wconf 92' lang='lat' dir='ltr'>in</span> <span class='ocrx_word' id='word_1_318' title='bbox 908 1994 1120 2039; x_wconf 85' lang='lat' dir='ltr'>existendo,</span> <span class='ocrx_word' id='word_1_319' title='bbox 1138 1999 1221 2030; x_wconf 83' lang='lat' dir='ltr'>tum</span> <span class='ocrx_word' id='word_1_320' title='bbox 1236 1996 1274 2030; x_wconf 93' lang='lat' dir='ltr'>in</span> <span class='ocrx_word' id='word_1_321' title='bbox 1289 1995 1445 2032; x_wconf 89' lang='lat' dir='ltr'>tenden—</span> 
     </span>
     <span class='ocr_line' id='line_1_37' title="bbox 157 2045 1447 2085; baseline 0.003 -4"><span class='ocrx_word' id='word_1_322' title='bbox 157 2046 205 2082; x_wconf 93' lang='lat' dir='ltr'>do</span> <span class='ocrx_word' id='word_1_323' title='bbox 231 2046 271 2082; x_wconf 94' lang='lat' dir='ltr'>in</span> <span class='ocrx_word' id='word_1_324' title='bbox 294 2047 426 2084; x_wconf 55' lang='lat' dir='ltr'>tinem.</span> <span class='ocrx_word' id='word_1_325' title='bbox 452 2045 594 2081; x_wconf 85' lang='lat' dir='ltr'>Contra</span> <span class='ocrx_word' id='word_1_326' title='bbox 610 2050 795 2082; x_wconf 83' lang='lat' dir='ltr'>creaturae</span> <span class='ocrx_word' id='word_1_327' title='bbox 820 2046 1027 2082; x_wconf 86' lang='lat' dir='ltr'>rationales</span> <span class='ocrx_word' id='word_1_328' title='bbox 1055 2047 1162 2083; x_wconf 89' lang='lat' dir='ltr'>illum</span> <span class='ocrx_word' id='word_1_329' title='bbox 1188 2047 1364 2084; x_wconf 88' lang='lat' dir='ltr'>ordinem</span> <span class='ocrx_word' id='word_1_330' title='bbox 1385 2059 1447 2085; x_wconf 88' lang='lat' dir='ltr'>co·</span> 
     </span>
     <span class='ocr_line' id='line_1_38' title="bbox 158 2098 1447 2148; baseline 0.002 -14"><span class='ocrx_word' id='word_1_331' title='bbox 158 2099 329 2147; x_wconf 86' lang='lat' dir='ltr'>gnitione</span> <span class='ocrx_word' id='word_1_332' title='bbox 351 2098 659 2145; x_wconf 87' lang='lat' dir='ltr'>apprehendunt⁷</span> <span class='ocrx_word' id='word_1_333' title='bbox 687 2103 723 2134; x_wconf 85' lang='lat' dir='ltr'>et</span> <span class='ocrx_word' id='word_1_334' title='bbox 750 2099 906 2147; x_wconf 84' lang='lat' dir='ltr'>propria</span> <span class='ocrx_word' id='word_1_335' title='bbox 927 2099 1125 2136; x_wconf 85' lang='lat' dir='ltr'>voluntate</span> <span class='ocrx_word' id='word_1_336' title='bbox 1154 2111 1193 2136; x_wconf 88' lang='lat' dir='ltr'>se</span> <span class='ocrx_word' id='word_1_337' title='bbox 1216 2101 1271 2136; x_wconf 90' lang='lat' dir='ltr'>illi</span> <span class='ocrx_word' id='word_1_338' title='bbox 1299 2106 1447 2148; x_wconf 86' lang='lat' dir='ltr'>queunt</span> 
     </span>
     <span class='ocr_line' id='line_1_39' title="bbox 156 2151 1448 2196; baseline 0.002 -8"><span class='ocrx_word' id='word_1_339' title='bbox 156 2152 418 2196; x_wconf 81' lang='lat' dir='ltr'>conformare3</span> <span class='ocrx_word' id='word_1_340' title='bbox 446 2151 524 2186; x_wconf 84' lang='lat' dir='ltr'>imo</span> <span class='ocrx_word' id='word_1_341' title='bbox 552 2151 692 2186; x_wconf 88' lang='lat' dir='ltr'>debent</span> <span class='ocrx_word' id='word_1_342' title='bbox 716 2161 726 2186; x_wconf 75' lang='grc' dir='ltr'><em>τ</em></span> <span class='ocrx_word' id='word_1_343' title='bbox 755 2162 832 2187; x_wconf 90' lang='lat' dir='ltr'>non</span> <span class='ocrx_word' id='word_1_344' title='bbox 858 2152 961 2188; x_wconf 89' lang='lat' dir='ltr'>enim</span> <span class='ocrx_word' id='word_1_345' title='bbox 987 2152 1163 2189; x_wconf 88' lang='lat' dir='ltr'>libertate</span> <span class='ocrx_word' id='word_1_346' title='bbox 1190 2153 1382 2190; x_wconf 88' lang='lat' dir='ltr'>donamur</span> <span class='ocrx_word' id='word_1_347' title='bbox 1404 2159 1448 2190; x_wconf 86' lang='lat' dir='ltr'>ut</span> 
     </span>
     <span class='ocr_line' id='line_1_40' title="bbox 157 2203 1446 2253; baseline 0.001 -12"><span class='ocrx_word' id='word_1_348' title='bbox 157 2209 292 2242; x_wconf 88' lang='lat' dir='ltr'>contra</span> <span class='ocrx_word' id='word_1_349' title='bbox 307 2203 521 2240; x_wconf 87' lang='lat' dir='ltr'>naturalem</span> <span class='ocrx_word' id='word_1_350' title='bbox 537 2203 711 2239; x_wconf 89' lang='lat' dir='ltr'>ordinem</span> <span class='ocrx_word' id='word_1_351' title='bbox 727 2214 900 2251; x_wconf 86' lang='lat' dir='ltr'>agamus,</span> <span class='ocrx_word' id='word_1_352' title='bbox 919 2204 985 2242; x_wconf 91' lang='lat' dir='ltr'>sed</span> <span class='ocrx_word' id='word_1_353' title='bbox 999 2209 1042 2240; x_wconf 83' lang='lat' dir='ltr'>ut</span> <span class='ocrx_word' id='word_1_354' title='bbox 1059 2206 1132 2253; x_wconf 92' lang='lat' dir='ltr'>ipsi</span> <span class='ocrx_word' id='word_1_355' title='bbox 1147 2205 1274 2242; x_wconf 89' lang='lat' dir='ltr'>ordini</span> <span class='ocrx_word' id='word_1_356' title='bbox 1291 2207 1446 2242; x_wconf 83' lang='lat' dir='ltr'>morali-</span> 
     </span>
     <span class='ocr_line' id='line_1_41' title="bbox 157 2255 1448 2304; baseline 0.002 -11"><span class='ocrx_word' id='word_1_357' title='bbox 157 2258 228 2293; x_wconf 87' lang='lat' dir='ltr'>bus</span> <span class='ocrx_word' id='word_1_358' title='bbox 241 2256 455 2293; x_wconf 85' lang='lat' dir='ltr'>actionibus</span> <span class='ocrx_word' id='word_1_359' title='bbox 469 2255 767 2292; x_wconf 83' lang='lat' dir='ltr'>conformemur.</span> <span class='ocrx_word' id='word_1_360' title='bbox 783 2256 882 2304; x_wconf 82' lang='lat' dir='ltr'>Ergo</span> <span class='ocrx_word' id='word_1_361' title='bbox 897 2262 1082 2294; x_wconf 85' lang='lat' dir='ltr'>creaturae</span> <span class='ocrx_word' id='word_1_362' title='bbox 1098 2258 1306 2294; x_wconf 88' lang='lat' dir='ltr'>rationales</span> <span class='ocrx_word' id='word_1_363' title='bbox 1322 2269 1448 2295; x_wconf 79' lang='lat' dir='ltr'>essen·</span> 
     </span>
     <span class='ocr_line' id='line_1_42' title="bbox 159 2308 1443 2357; baseline 0.002 -12"><span class='ocrx_word' id='word_1_364' title='bbox 159 2309 240 2346; x_wconf 84' lang='lat' dir='ltr'>tiali</span> <span class='ocrx_word' id='word_1_365' title='bbox 257 2308 382 2345; x_wconf 84' lang='lat' dir='ltr'>officio</span> <span class='ocrx_word' id='word_1_366' title='bbox 400 2309 621 2357; x_wconf 87' lang='lat' dir='ltr'>obligantur</span> <span class='ocrx_word' id='word_1_367' title='bbox 633 2309 709 2345; x_wconf 86' lang='lat' dir='ltr'>Deo</span> <span class='ocrx_word' id='word_1_368' title='bbox 724 2308 929 2346; x_wconf 84' lang='lat' dir='ltr'>exhibendi</span> <span class='ocrx_word' id='word_1_369' title='bbox 946 2320 1014 2357; x_wconf 90' lang='lat' dir='ltr'>per</span> <span class='ocrx_word' id='word_1_370' title='bbox 1025 2310 1186 2347; x_wconf 87' lang='lat' dir='ltr'>liberam</span> <span class='ocrx_word' id='word_1_371' title='bbox 1204 2311 1443 2348; x_wconf 82' lang='lat' dir='ltr'>voluntatem</span> 
     </span>
     <span class='ocr_line' id='line_1_43' title="bbox 159 2362 1449 2412; baseline 0.001 -12"><span class='ocrx_word' id='word_1_372' title='bbox 159 2363 327 2400; x_wconf 82' lang='lat' dir='ltr'>debitam</span> <span class='ocrx_word' id='word_1_373' title='bbox 338 2362 582 2399; x_wconf 74' lang='lat' dir='ltr'>reverentiam</span> <span class='ocrx_word' id='word_1_374' title='bbox 593 2373 658 2400; x_wconf 91' lang='lat' dir='ltr'>seu</span> <span class='ocrx_word' id='word_1_375' title='bbox 670 2362 946 2410; x_wconf 82' lang='lat' dir='ltr'>adorationem,</span> <span class='ocrx_word' id='word_1_376' title='bbox 960 2363 1130 2400; x_wconf 83' lang='lat' dir='ltr'>debitam</span> <span class='ocrx_word' id='word_1_377' title='bbox 1145 2365 1449 2412; x_wconf 72' lang='lat' dir='ltr'>dependentium,</span> 
     </span>
    </p>
   </div>
  </div>
 </body>
</html>
