1584 2569
282 113 363 139 aar.
390 113 440 139 11.
467 113 510 138 nn
534 112 652 138 roxum
679 111 863 137 assumus
888 111 1201 137 REPRAESENTATIW
1316 102 1382 137 265

99 191 221 232 flatos,
237 185 311 221 sive
320 183 519 220 ministros
533 184 609 219 sive
621 183 829 229 deputatos,
840 186 1010 231 potestas
1027 183 1060 219 ei
1074 182 1186 219 datur
1202 182 1382 229 loquendi

100 244 137 274 ct
163 236 351 274 scribendi
379 241 514 273 contra
542 235 770 283 ραόενηίαγη
788 248 803 280 ,·
830 247 908 272 non
934 240 1065 272 autem
1091 240 1227 271 contra
1251 236 1383 281 Reqem

100 290 165 336 qui
179 288 421 326 inviolabilis
438 292 496 324 est
517 299 525 324 z
548 299 635 323 cum
651 288 752 323 enim
768 292 895 334 reynel
911 288 978 324 sed
995 298 1072 323 non
1088 286 1280 334 gubernet,
1303 288 1383 334 ipse

101 342 413 389 irresponsabz'lis
433 345 489 377 est
510 351 643 376 eorum
664 351 750 388 quae
768 352 791 377 a
809 352 878 377 suo
897 340 1081 388 gubernio
1093 351 1159 377 seu
1174 351 1196 376 a
1217 340 1296 376 suis
1316 340 1382 375 mi-

99 396 235 432 nistris
255 397 453 441 geruntur.
475 414 520 420 -
535 394 621 429 Haec
639 393 685 429 de
705 393 831 430 forma
851 393 965 440 hujus
981 393 1194 440 regiminis,
1210 393 1275 429 sed
1292 395 1384 428 noto

100 448 200 484 hanc
218 446 413 494 regiminis
432 446 613 491 formam,
636 447 684 483 ab
704 446 778 482 illis
797 446 915 483 etiam
932 447 997 494 qui
1017 456 1104 482 eam
1122 446 1286 482 summis
1304 446 1385 481 lau-

100 500 211 536 dibus
230 500 432 543 extollunt‚
454 499 583 535 adhuc
603 510 679 535 non
701 510 781 535 esse
801 500 999 546 perspicue
1021 498 1235 535 definit—am.

146 554 211 590 111.
221 553 402 599 Regimen
410 553 773 598 repraesentativum
783 553 960 598 generice
970 553 1202 598 inspectum.
1219 553 1236 587 J
1241 562 1382 587 oannes

100 607 262 644 Lockius
287 607 325 641 in
355 606 466 642 Libro
489 616 605 652 quem
632 606 784 650 scripsit
809 606 864 641 De
889 605 1000 642 civili
1024 604 1224 652 ραόθνηίο,
1250 605 1383 640 funda-

100 664 229 697 menta
255 660 384 707 posuit
404 659 602 705 regiminis
629 658 967 703 constitutionalis,
988 669 1055 694 seu
1081 658 1384 705 reproesentativi

100 712 229 760 quoad
239 711 511 747 substantiam.
533 711 779 747 Docuitenim
801 711 1383 759 ipsepotestatemlegislativam

102 776 176 802 non
198 764 357 812 principi
378 764 445 799 sed
470 764 611 810 populo
632 766 848 811 competere
867 775 876 800 ε
899 774 986 811 quae
1007 763 1182 799 doctrina
1203 763 1385 811 supponit

101 817 333 864 majestatem
341 816 582 863 popularem,
593 821 630 852 et
641 821 711 862 est,
731 821 772 852 ut
784 827 945 853 numero
957 816 1186 863 praecedenti
1203 816 1384 860 diximus,

100 870 269 907 conditio
288 870 370 904 sine
393 880 469 915 qua
491 879 567 904 non
587 870 800 905 existentiae
828 869 943 916 hujus
964 869 1176 916 regiminis.
1200 869 1384 905 Lockium

101 922 342 968 transcripsit
357 923 553 958 Rousseau
574 922 612 956 in
633 932 701 957 suo
723 921 929 959 Contracta
945 922 1099 967 sociata,
1115 921 1284 958 scribens
1305 921 1383 957 Lib.

100 978 146 1021 11,
163 977 253 1022 cap.
270 975 287 1010 1
314 985 322 1010 :
349 987 367 1008 (ι
391 975 484 1009 Cum
506 978 676 1021 potestas
707 974 826 1010 civilis
848 986 924 1011 non
946 975 995 1010 sit
1010 974 1114 1010 aliud
1141 985 1258 1021 quam
1277 985 1384 1010 exer—

101 1029 235 1064 citium
259 1027 466 1063 voluntatis
485 1026 686 1073 generalis,
707 1037 783 1063 non
804 1030 929 1074 potest
950 1027 1110 1063 alienari
1128 1038 1136 1071 ;
1156 1032 1192 1063 et
1208 1028 1387 1074 Princeps

103 1081 168 1127 qui
197 1091 273 1115 non
300 1084 357 1115 est
387 1079 459 1115 nisi
486 1090 552 1115 ens
580 1079 833 1125 collectivum,
862 1090 938 1116 non
968 1083 1092 1127 potest
1122 1081 1388 1127 repraesentari

102 1134 176 1169 nisi
197 1144 219 1169 a
234 1133 372 1179 seipso.
393 1146 409 1164 »
426 1134 478 1168 Ex
498 1143 573 1177 quo
595 1132 720 1179 posito
733 1132 920 1179 principio
942 1133 1117 1180 sequitur
1138 1132 1242 1179 quod
1255 1133 1387 1168 Potes-

104 1192 161 1222 tas
180 1185 394 1232 legislativa
408 1185 632 1231 per-tinetad
645 1185 884 1231 populum&
897 1190 1100 1232 nonpotest
1116 1185 1198 1221 nisi
1210 1186 1260 1221 ad
1277 1185 1386 1221 illum

100 1239 301 1286 pertinere,
324 1242 366 1273 ut
397 1238 560 1284 ipsemet
583 1238 714 1273 scribit
738 1238 803 1273 Lib
821 1239 882 1273 111.
906 1239 996 1285 Cap.
1021 1240 1049 1275 Ι.
1084 1239 1167 1274 Non
1195 1238 1270 1274 alia
1299 1242 1387 1274 sunt

104 1291 291 1339 principia
308 1291 554 1337 scriptorum,
577 1290 642 1336 qui
662 1291 867 1337 pressatum
888 1292 1061 1337 regimen
1083 1295 1119 1325 et
1139 1291 1330 1338 explicant
1351 1296 1388 1326 et

104 1344 324 1381 defendunt.
360 1343 450 1385 Quae
478 1347 607 1379 tamen
632 1344 820 1391 principia
846 1343 1017 1380 absurda
1048 1344 1204 1380 omnino
1231 1349 1319 1380 sunt
1350 1349 1388 1380 et

105 1396 354 1441 antisocialia‚
376 1401 418 1431 ut
439 1396 530 1431 alibi
555 1395 903 1432 demonstravimus
923 1397 1060 1443 (Artic.
1085 1398 1156 1440 51).
1180 1397 1251 1433 Sed
1269 1397 1386 1433 etiam

104 1450 361 1487 abstractione
380 1448 482 1485 facta
500 1449 548 1485 ab
566 1449 788 1495 hujusmodi
812 1449 990 1485 absurdis
1004 1453 1041 1485 et
1058 1449 1143 1485 aliis
1164 1460 1250 1497 quae
1271 1450 1387 1497 respi-

103 1505 207 1539 ciunt
230 1501 517 1537 distractionem
539 1505 773 1548 potestatum
795 1502 964 1538 civilium
987 1504 1056 1548 (53,
1082 1504 1116 1546 13
1140 1504 1197 1546 54,
1220 1504 1280 1547 ΙΙ),
1303 1504 1385 1550 qui-

104 1557 175 1592 bus
193 1560 323 1591 tamen
344 1558 424 1590 tota
444 1554 578 1590 nititur
597 1554 777 1591 machina
793 1555 859 1590 illa
873 1555 1210 1600 constitutionalis‚
1225 1556 1309 1591 dico
1328 1567 1336 1591 :

149 1608 209 1646 IV.
235 1609 370 1644 Forma
382 1608 581 1653 regiminis
597 1608 909 1653 repraesentativi
928 1611 989 1644 est
1003 1610 1171 1645 omnium
1188 1610 1387 1655 imperfec-

102 1663 265 1700 tissima,
285 1662 326 1696 In
347 1661 517 1707 qualibet
539 1661 736 1707 regiminis
758 1661 884 1698 forma
901 1665 1068 1709 quatuor
1087 1663 1278 1709 praecipue
1298 1666 1386 1698 sunt

103 1714 383 1751 consideranda
406 1724 413 1748 :
436 1716 472 1747 1⁰
494 1714 576 1759 ejus
616 1714 806 1750 elementa
836 1714 1104 1759 constitutiva3
1140 1716 1176 1749 2⁰
1216 1719 1386 1762 potestas

105 1767 341 1814 legislativa;
381 1766 420 1801 30
443 1770 612 1811 potestas
643 1767 866 1811 executiva3
906 1768 944 1801 4⁰
966 1770 1135 1814 potestas
1169 1767 1385 1813 judiciaria.

104 1820 220 1866 Atqui
241 1819 320 1854 haec
340 1822 507 1864 quatuor
525 1818 855 1864 imperfectissime
877 1819 1068 1855 habentur
1087 1820 1125 1855 in
1145 1819 1270 1856 forma
1289 1821 1388 1867 regi-

105 1872 220 1908 minis
240 1871 553 1918 reproesentativi.
580 1871 701 1916 Igitur
720 1871 846 1907 forma
864 1871 1062 1918 regiminis
1085 1874 1386 1919 repraesentativi

104 1927 162 1960 est
181 1925 354 1959 omnium
378 1923 722 1970 imperfectissima.
744 1924 932 1959 Probatur
950 1924 1074 1959 minor
1096 1935 1104 1960 ε

153 1976 286 2022 Quoad
310 1976 486 2012 elementa
506 1976 765 2012 constitutiva.
784 1976 852 2013 Ubi
876 1976 978 2012 enim
1000 1977 1111 2023 plura
1133 1978 1323 2014 elementa
1348 1980 1385 2014 in

104 2040 226 2066 unum
246 2030 503 2075 compositum
525 2028 806 2064 efformandum
823 2034 1055 2065 concurrunt
1073 2030 1129 2074 (ut
1149 2031 1187 2066 in
1208 2031 1387 2067 societate

104 2082 259 2130 praecise
291 2080 456 2127 accidit),
494 2091 645 2117 necesse
678 2086 733 2117 est
764 2086 806 2117 ut
837 2081 980 2118 collisio
1008 2083 1174 2127 partium
1198 2088 1386 2130 quantum

104 2135 185 2170 lieri
207 2138 332 2182 potest
352 2134 552 2179 devitetur,
576 2139 618 2169 ut
649 2137 774 2180 partes
794 2135 909 2170 simul
929 2135 1085 2180 pacifice
1106 2140 1143 2171 et
1164 2135 1386 2172 harmonice

103 2187 329 2223 coexistant.
348 2187 462 2223 Secus
473 2197 517 2223 ex
538 2187 732 2223 collisione
747 2187 915 2234 partium
934 2190 999 2223 aut
1013 2187 1232 2224 dissolvitur
1246 2192 1386 2233 totum,

105 2241 171 2275 aut
193 2240 379 2276 violenter
407 2240 544 2275 existit.
579 2240 651 2275 Sed
682 2239 905 2286 hujusmodi
925 2240 1073 2276 collisio
1103 2243 1159 2276 est
1187 2242 1322 2277 intime
1349 2242 1385 2276 in

107 2297 243 2328 natura
275 2293 474 2338 regiminis
506 2293 816 2339 reproesentativi.
845 2295 898 2329 Ex
926 2304 1002 2329 una
1034 2294 1135 2329 enim
1168 2297 1276 2341 parte
1308 2296 1385 2330 Rex

104 2349 253 2393 regnat,
289 2356 335 2382 ex
367 2346 486 2381 altera
518 2346 680 2393 populus
708 2346 908 2393 gubernat.
938 2347 1099 2393 Uterque
1127 2357 1198 2384 sua
1243 2346 1388 2394 gaudet
