<?xml version="1.0" encoding="UTF-8"?>
<!DOCTYPE html PUBLIC "-//W3C//DTD XHTML 1.0 Transitional//EN"
    "http://www.w3.org/TR/xhtml1/DTD/xhtml1-transitional.dtd">
<html xmlns="http://www.w3.org/1999/xhtml" xml:lang="en" lang="en">
 <head>
  <title>
</title>
<meta http-equiv="Content-Type" content="text/html;charset=utf-8" />
  <meta name='ocr-system' content='tesseract 3.04.00' />
  <meta name='ocr-capabilities' content='ocr_page ocr_carea ocr_par ocr_line ocrx_word'/>
</head>
<body>
  <div class='ocr_page' id='page_1' title='image "./summaphilosophic03zigluoft_0148.png"; bbox 0 0 1584 2569; ppageno 0'>
   <div class='ocr_carea' id='block_1_1' title="bbox 139 131 1351 167">
    <p class='ocr_par' dir='ltr' id='par_1_1' title="bbox 139 131 1351 167">
     <span class='ocr_line' id='line_1_1' title="bbox 139 131 1351 167; baseline 0.002 -2"><span class='ocrx_word' id='word_1_1' title='bbox 139 131 205 165; x_wconf 73' lang='lat'>138</span> <span class='ocrx_word' id='word_1_2' title='bbox 254 139 311 164; x_wconf 77' lang='lat' dir='ltr'>JUS</span> <span class='ocrx_word' id='word_1_3' title='bbox 336 139 497 164; x_wconf 71' lang='lat' dir='ltr'>NATURAE.</span> <span class='ocrx_word' id='word_1_4' title='bbox 525 139 595 164; x_wconf 77' lang='lat' dir='ltr'>Lm.</span> <span class='ocrx_word' id='word_1_5' title='bbox 625 140 650 164; x_wconf 83' lang='grc' dir='ltr'>Ι.</span> <span class='ocrx_word' id='word_1_6' title='bbox 680 139 759 164; x_wconf 69' lang='lat' dir='ltr'>cu.</span> <span class='ocrx_word' id='word_1_7' title='bbox 787 139 826 164; x_wconf 86' lang='lat'>11.</span> <span class='ocrx_word' id='word_1_8' title='bbox 853 139 898 164; x_wconf 75' lang='lat' dir='ltr'>1&gt;ss</span> <span class='ocrx_word' id='word_1_9' title='bbox 925 140 1000 164; x_wconf 79' lang='lat' dir='ltr'>OFF.</span> <span class='ocrx_word' id='word_1_10' title='bbox 1028 140 1115 165; x_wconf 74' lang='lat' dir='ltr'>HOM.</span> <span class='ocrx_word' id='word_1_11' title='bbox 1136 139 1232 166; x_wconf 76' lang='lat' dir='ltr'>ERGA</span> <span class='ocrx_word' id='word_1_12' title='bbox 1257 140 1351 167; x_wconf 69' lang='lat' dir='ltr'>DEUH</span> 
     </span>
    </p>
   </div>
   <div class='ocr_carea' id='block_1_2' title="bbox 132 210 1426 2420">
    <p class='ocr_par' dir='ltr' id='par_1_2' title="bbox 132 210 1423 573">
     <span class='ocr_line' id='line_1_2' title="bbox 137 210 1422 261; baseline 0.002 -15"><span class='ocrx_word' id='word_1_13' title='bbox 137 211 309 247; x_wconf 90' lang='lat' dir='ltr'>debitum</span> <span class='ocrx_word' id='word_1_14' title='bbox 335 220 499 246; x_wconf 84' lang='lat' dir='ltr'>amorem</span> <span class='ocrx_word' id='word_1_15' title='bbox 525 221 537 246; x_wconf 92' lang='lat'><em>:</em></span> <span class='ocrx_word' id='word_1_16' title='bbox 564 210 612 246; x_wconf 90' lang='lat' dir='ltr'>ad</span> <span class='ocrx_word' id='word_1_17' title='bbox 646 221 732 257; x_wconf 82' lang='lat' dir='ltr'>quae</span> <span class='ocrx_word' id='word_1_18' title='bbox 758 211 890 247; x_wconf 89' lang='lat' dir='ltr'>omnia</span> <span class='ocrx_word' id='word_1_19' title='bbox 915 210 1117 247; x_wconf 89' lang='lat' dir='ltr'>ordinatur</span> <span class='ocrx_word' id='word_1_20' title='bbox 1148 212 1296 259; x_wconf 87' lang='lat' dir='ltr'>religio.</span> <span class='ocrx_word' id='word_1_21' title='bbox 1323 213 1422 261; x_wconf 89' lang='lat' dir='ltr'>Ergo</span> 
     </span>
     <span class='ocr_line' id='line_1_3' title="bbox 137 261 1422 312; baseline 0.002 -14"><span class='ocrx_word' id='word_1_22' title='bbox 137 263 253 299; x_wconf 91' lang='lat' dir='ltr'>homo</span> <span class='ocrx_word' id='word_1_23' title='bbox 285 261 537 298; x_wconf 80' lang='lat' dir='ltr'>essentialiter</span> <span class='ocrx_word' id='word_1_24' title='bbox 573 262 828 309; x_wconf 82' lang='lat' dir='ltr'>obstringitur</span> <span class='ocrx_word' id='word_1_25' title='bbox 868 262 1052 310; x_wconf 81' lang='lat' dir='ltr'>religione</span> <span class='ocrx_word' id='word_1_26' title='bbox 1089 275 1179 312; x_wconf 87' lang='lat' dir='ltr'>erga</span> <span class='ocrx_word' id='word_1_27' title='bbox 1213 264 1346 301; x_wconf 90' lang='lat' dir='ltr'>Deum.</span> <span class='ocrx_word' id='word_1_28' title='bbox 1377 286 1422 291; x_wconf 93' lang='lat'>—</span> 
     </span>
     <span class='ocr_line' id='line_1_4' title="bbox 137 315 1421 363; baseline 0.003 -12"><span class='ocrx_word' id='word_1_29' title='bbox 137 317 240 351; x_wconf 88' lang='lat' dir='ltr'>Hanc</span> <span class='ocrx_word' id='word_1_30' title='bbox 270 320 442 351; x_wconf 88' lang='lat' dir='ltr'>nostram</span> <span class='ocrx_word' id='word_1_31' title='bbox 475 315 810 351; x_wconf 78' lang='lat' dir='ltr'>ratiocinationem</span> <span class='ocrx_word' id='word_1_32' title='bbox 840 315 1006 353; x_wconf 88' lang='lat' dir='ltr'>breviter</span> <span class='ocrx_word' id='word_1_33' title='bbox 1035 316 1259 363; x_wconf 86' lang='lat' dir='ltr'>complexus</span> <span class='ocrx_word' id='word_1_34' title='bbox 1294 322 1351 354; x_wconf 91' lang='lat' dir='ltr'>est</span> <span class='ocrx_word' id='word_1_35' title='bbox 1384 319 1421 355; x_wconf 90' lang='lat' dir='ltr'>S.</span> 
     </span>
     <span class='ocr_line' id='line_1_5' title="bbox 136 367 1423 416; baseline 0.003 -12"><span class='ocrx_word' id='word_1_36' title='bbox 136 369 302 405; x_wconf 80' lang='lat' dir='ltr'>Thomas</span> <span class='ocrx_word' id='word_1_37' title='bbox 325 367 384 404; x_wconf 90' lang='lat' dir='ltr'>his</span> <span class='ocrx_word' id='word_1_38' title='bbox 406 378 492 403; x_wconf 91' lang='lat' dir='ltr'>vere</span> <span class='ocrx_word' id='word_1_39' title='bbox 516 368 641 404; x_wconf 92' lang='lat' dir='ltr'>aureis</span> <span class='ocrx_word' id='word_1_40' title='bbox 660 367 784 404; x_wconf 89' lang='lat' dir='ltr'>verbis</span> <span class='ocrx_word' id='word_1_41' title='bbox 807 378 815 403; x_wconf 73' lang='grc' dir='ltr'><strong>ε</strong></span> <span class='ocrx_word' id='word_1_42' title='bbox 844 380 865 401; x_wconf 83' lang='grc' dir='ltr'><strong>α</strong></span> <span class='ocrx_word' id='word_1_43' title='bbox 888 368 972 415; x_wconf 90' lang='lat' dir='ltr'>Ipse</span> <span class='ocrx_word' id='word_1_44' title='bbox 998 370 1101 405; x_wconf 91' lang='lat' dir='ltr'>enim</span> <span class='ocrx_word' id='word_1_45' title='bbox 1128 369 1253 416; x_wconf 88' lang='lat' dir='ltr'>(Deus)</span> <span class='ocrx_word' id='word_1_46' title='bbox 1281 371 1338 407; x_wconf 83' lang='lat' dir='ltr'>est</span> <span class='ocrx_word' id='word_1_47' title='bbox 1362 373 1423 408; x_wconf 88' lang='lat' dir='ltr'>cui</span> 
     </span>
     <span class='ocr_line' id='line_1_6' title="bbox 137 420 1422 470; baseline 0.002 -13"><span class='ocrx_word' id='word_1_48' title='bbox 137 421 399 469; x_wconf 86' lang='lat' dir='ltr'>principaliter</span> <span class='ocrx_word' id='word_1_49' title='bbox 424 421 571 468; x_wconf 84' lang='lat' dir='ltr'>alligari</span> <span class='ocrx_word' id='word_1_50' title='bbox 598 420 780 457; x_wconf 88' lang='lat' dir='ltr'>debemus</span> <span class='ocrx_word' id='word_1_51' title='bbox 807 425 992 468; x_wconf 86' lang='lat' dir='ltr'>tanquam</span> <span class='ocrx_word' id='word_1_52' title='bbox 1018 421 1255 470; x_wconf 79' lang='lat' dir='ltr'>indeficienti</span> <span class='ocrx_word' id='word_1_53' title='bbox 1273 426 1422 470; x_wconf 80' lang='lat' dir='ltr'>princi-</span> 
     </span>
     <span class='ocr_line' id='line_1_7' title="bbox 132 473 1422 523; baseline 0.002 -13"><span class='ocrx_word' id='word_1_54' title='bbox 132 475 215 521; x_wconf 84' lang='lat' dir='ltr'>pio,</span> <span class='ocrx_word' id='word_1_55' title='bbox 237 473 284 509; x_wconf 89' lang='lat' dir='ltr'>ad</span> <span class='ocrx_word' id='word_1_56' title='bbox 302 484 416 520; x_wconf 90' lang='lat' dir='ltr'>quem</span> <span class='ocrx_word' id='word_1_57' title='bbox 436 473 552 509; x_wconf 89' lang='lat' dir='ltr'>etiam</span> <span class='ocrx_word' id='word_1_58' title='bbox 573 478 704 509; x_wconf 88' lang='lat' dir='ltr'>nostra</span> <span class='ocrx_word' id='word_1_59' title='bbox 724 473 856 510; x_wconf 85' lang='lat' dir='ltr'>electio</span> <span class='ocrx_word' id='word_1_60' title='bbox 874 473 1024 511; x_wconf 83' lang='lat' dir='ltr'>assidue</span> <span class='ocrx_word' id='word_1_61' title='bbox 1044 474 1158 523; x_wconf 84' lang='lat' dir='ltr'>dirigi</span> <span class='ocrx_word' id='word_1_62' title='bbox 1177 475 1301 522; x_wconf 88' lang='lat' dir='ltr'>debet,</span> <span class='ocrx_word' id='word_1_63' title='bbox 1324 477 1422 514; x_wconf 88' lang='lat' dir='ltr'>sicut</span> 
     </span>
     <span class='ocr_line' id='line_1_8' title="bbox 137 525 1180 573; baseline 0.001 -10"><span class='ocrx_word' id='word_1_64' title='bbox 137 528 175 563; x_wconf 85' lang='lat' dir='ltr'>in</span> <span class='ocrx_word' id='word_1_65' title='bbox 194 527 371 563; x_wconf 83' lang='lat' dir='ltr'>ultimum</span> <span class='ocrx_word' id='word_1_66' title='bbox 386 527 509 573; x_wconf 77' lang='lat' dir='ltr'>finem.</span> <span class='ocrx_word' id='word_1_67' title='bbox 534 541 549 558; x_wconf 85' lang='lat'><strong>›</strong></span> <span class='ocrx_word' id='word_1_68' title='bbox 571 547 616 551; x_wconf 97' lang='lat'><strong>—</strong></span> <span class='ocrx_word' id='word_1_69' title='bbox 637 526 736 570; x_wconf 89' lang='lat'><em>11-11‚</em></span> <span class='ocrx_word' id='word_1_70' title='bbox 755 525 824 567; x_wconf 90' lang='lat' dir='ltr'>Qu.</span> <span class='ocrx_word' id='word_1_71' title='bbox 846 527 998 573; x_wconf 84' lang='lat' dir='ltr'>LXXXI,</span> <span class='ocrx_word' id='word_1_72' title='bbox 1017 528 1132 564; x_wconf 88' lang='lat' dir='ltr'>Artic.</span> <span class='ocrx_word' id='word_1_73' title='bbox 1152 528 1180 564; x_wconf 92' lang='lat'>1.</span> 
     </span>
    </p>

    <p class='ocr_par' dir='ltr' id='par_1_3' title="bbox 133 578 1424 1049">
     <span class='ocr_line' id='line_1_9' title="bbox 183 578 1423 630; baseline 0.002 -14"><span class='ocrx_word' id='word_1_74' title='bbox 183 581 247 616; x_wconf 91' lang='lat'>111.</span> <span class='ocrx_word' id='word_1_75' title='bbox 269 580 530 616; x_wconf 86' lang='lat' dir='ltr'>Corollarium.</span> <span class='ocrx_word' id='word_1_76' title='bbox 553 579 674 626; x_wconf 83' lang='lat' dir='ltr'>Igitur</span> <span class='ocrx_word' id='word_1_77' title='bbox 694 578 959 626; x_wconf 87' lang='lat' dir='ltr'>multipliciter</span> <span class='ocrx_word' id='word_1_78' title='bbox 977 579 1095 616; x_wconf 91' lang='lat' dir='ltr'>homo</span> <span class='ocrx_word' id='word_1_79' title='bbox 1117 580 1253 618; x_wconf 85' lang='lat' dir='ltr'>officiis</span> <span class='ocrx_word' id='word_1_80' title='bbox 1272 582 1423 630; x_wconf 89' lang='lat' dir='ltr'>religio-</span> 
     </span>
     <span class='ocr_line' id='line_1_10' title="bbox 136 632 1424 681; baseline 0.002 -12"><span class='ocrx_word' id='word_1_81' title='bbox 136 633 196 669; x_wconf 89' lang='lat' dir='ltr'>nis</span> <span class='ocrx_word' id='word_1_82' title='bbox 215 633 342 669; x_wconf 87' lang='lat' dir='ltr'>deesse</span> <span class='ocrx_word' id='word_1_83' title='bbox 364 637 488 679; x_wconf 86' lang='lat' dir='ltr'>potest</span> <span class='ocrx_word' id='word_1_84' title='bbox 507 644 514 667; x_wconf 90' lang='lat'>:</span> <span class='ocrx_word' id='word_1_85' title='bbox 541 635 575 667; x_wconf 81' lang='grc' dir='ltr'>1ο</span> <span class='ocrx_word' id='word_1_86' title='bbox 594 632 659 668; x_wconf 87' lang='lat' dir='ltr'>Dei</span> <span class='ocrx_word' id='word_1_87' title='bbox 680 636 860 668; x_wconf 85' lang='lat' dir='ltr'>naturam</span> <span class='ocrx_word' id='word_1_88' title='bbox 884 642 961 668; x_wconf 90' lang='lat' dir='ltr'>non</span> <span class='ocrx_word' id='word_1_89' title='bbox 979 643 1022 669; x_wconf 91' lang='lat' dir='ltr'>ea</span> <span class='ocrx_word' id='word_1_90' title='bbox 1045 644 1121 680; x_wconf 86' lang='lat' dir='ltr'>qua</span> <span class='ocrx_word' id='word_1_91' title='bbox 1145 644 1217 681; x_wconf 88' lang='lat' dir='ltr'>par</span> <span class='ocrx_word' id='word_1_92' title='bbox 1242 639 1298 671; x_wconf 92' lang='lat' dir='ltr'>est</span> <span class='ocrx_word' id='word_1_93' title='bbox 1320 646 1424 671; x_wconf 89' lang='lat' dir='ltr'>reve-</span> 
     </span>
     <span class='ocr_line' id='line_1_11' title="bbox 137 683 1422 734; baseline 0.002 -13"><span class='ocrx_word' id='word_1_94' title='bbox 137 687 259 722; x_wconf 90' lang='lat' dir='ltr'>rentia</span> <span class='ocrx_word' id='word_1_95' title='bbox 281 690 319 721; x_wconf 93' lang='lat' dir='ltr'>et</span> <span class='ocrx_word' id='word_1_96' title='bbox 345 685 503 721; x_wconf 86' lang='lat' dir='ltr'>veritate</span> <span class='ocrx_word' id='word_1_97' title='bbox 527 683 740 728; x_wconf 84' lang='lat' dir='ltr'>tractando,</span> <span class='ocrx_word' id='word_1_98' title='bbox 766 689 808 720; x_wconf 92' lang='lat' dir='ltr'>ut</span> <span class='ocrx_word' id='word_1_99' title='bbox 830 685 1019 732; x_wconf 90' lang='lat' dir='ltr'>contingit</span> <span class='ocrx_word' id='word_1_100' title='bbox 1045 686 1083 721; x_wconf 90' lang='lat' dir='ltr'>in</span> <span class='ocrx_word' id='word_1_101' title='bbox 1105 686 1301 734; x_wconf 74' lang='lat' dir='ltr'>perjitrio,</span> <span class='ocrx_word' id='word_1_102' title='bbox 1328 687 1422 724; x_wconf 79' lang='lat' dir='ltr'>blas-</span> 
     </span>
     <span class='ocr_line' id='line_1_12' title="bbox 133 736 1421 786; baseline 0.001 -13"><span class='ocrx_word' id='word_1_103' title='bbox 133 739 301 786; x_wconf 71' lang='lat' dir='ltr'>phemia,</span> <span class='ocrx_word' id='word_1_104' title='bbox 321 737 480 781; x_wconf 80' lang='lat' dir='ltr'>hoeresi,·</span> <span class='ocrx_word' id='word_1_105' title='bbox 501 757 546 762; x_wconf 93' lang='lat'>—</span> <span class='ocrx_word' id='word_1_106' title='bbox 562 740 601 772; x_wconf 85' lang='lat'>2⁰</span> <span class='ocrx_word' id='word_1_107' title='bbox 617 736 793 785; x_wconf 89' lang='lat' dir='ltr'>negando</span> <span class='ocrx_word' id='word_1_108' title='bbox 813 737 889 774; x_wconf 91' lang='lat' dir='ltr'>Deo</span> <span class='ocrx_word' id='word_1_109' title='bbox 915 737 1116 783; x_wconf 88' lang='lat' dir='ltr'>honorem,</span> <span class='ocrx_word' id='word_1_110' title='bbox 1143 749 1208 775; x_wconf 90' lang='lat' dir='ltr'>seu</span> <span class='ocrx_word' id='word_1_111' title='bbox 1227 739 1373 776; x_wconf 88' lang='lat' dir='ltr'>cultum</span> <span class='ocrx_word' id='word_1_112' title='bbox 1391 741 1421 776; x_wconf 89' lang='lat' dir='ltr'>ei</span> 
     </span>
     <span class='ocr_line' id='line_1_13' title="bbox 138 789 1423 836; baseline 0.002 -9"><span class='ocrx_word' id='word_1_113' title='bbox 138 791 324 835; x_wconf 87' lang='lat' dir='ltr'>debitum,</span> <span class='ocrx_word' id='word_1_114' title='bbox 345 794 382 826; x_wconf 92' lang='lat' dir='ltr'>et</span> <span class='ocrx_word' id='word_1_115' title='bbox 401 794 457 826; x_wconf 89' lang='lat' dir='ltr'>est</span> <span class='ocrx_word' id='word_1_116' title='bbox 475 790 677 836; x_wconf 80' lang='lat' dir='ltr'>impietas;</span> <span class='ocrx_word' id='word_1_117' title='bbox 695 810 739 816; x_wconf 94' lang='lat'><strong>—</strong></span> <span class='ocrx_word' id='word_1_118' title='bbox 760 791 797 825; x_wconf 83' lang='grc' dir='ltr'>3Ο</span> <span class='ocrx_word' id='word_1_119' title='bbox 819 790 895 826; x_wconf 91' lang='lat' dir='ltr'>Deo</span> <span class='ocrx_word' id='word_1_120' title='bbox 917 789 1103 827; x_wconf 79' lang='lat' dir='ltr'>honorem</span> <span class='ocrx_word' id='word_1_121' title='bbox 1133 790 1335 828; x_wconf 89' lang='lat' dir='ltr'>tribuendo</span> <span class='ocrx_word' id='word_1_122' title='bbox 1359 792 1423 829; x_wconf 89' lang='lat' dir='ltr'>sed</span> 
     </span>
     <span class='ocr_line' id='line_1_14' title="bbox 137 842 1423 890; baseline 0.002 -11"><span class='ocrx_word' id='word_1_123' title='bbox 137 843 253 880; x_wconf 88' lang='lat' dir='ltr'>modo</span> <span class='ocrx_word' id='word_1_124' title='bbox 274 843 443 879; x_wconf 86' lang='lat' dir='ltr'>indebito</span> <span class='ocrx_word' id='word_1_125' title='bbox 461 847 498 878; x_wconf 88' lang='lat' dir='ltr'>et</span> <span class='ocrx_word' id='word_1_126' title='bbox 517 843 593 879; x_wconf 90' lang='lat' dir='ltr'>Deo</span> <span class='ocrx_word' id='word_1_127' title='bbox 611 842 784 890; x_wconf 89' lang='lat' dir='ltr'>indigno,</span> <span class='ocrx_word' id='word_1_128' title='bbox 803 846 842 879; x_wconf 85' lang='lat' dir='ltr'>et</span> <span class='ocrx_word' id='word_1_129' title='bbox 861 847 918 879; x_wconf 91' lang='lat' dir='ltr'>est</span> <span class='ocrx_word' id='word_1_130' title='bbox 939 844 1185 890; x_wconf 78' lang='lat' dir='ltr'>superstitio;</span> <span class='ocrx_word' id='word_1_131' title='bbox 1212 865 1258 871; x_wconf 89' lang='lat'><em>-</em></span> <span class='ocrx_word' id='word_1_132' title='bbox 1280 846 1319 881; x_wconf 84' lang='lat'>4⁰</span> <span class='ocrx_word' id='word_1_133' title='bbox 1341 845 1423 881; x_wconf 88' lang='lat' dir='ltr'>aliis</span> 
     </span>
     <span class='ocr_line' id='line_1_15' title="bbox 138 895 1421 942; baseline 0.002 -11"><span class='ocrx_word' id='word_1_134' title='bbox 138 896 250 932; x_wconf 87' lang='lat' dir='ltr'>rebus</span> <span class='ocrx_word' id='word_1_135' title='bbox 274 895 475 932; x_wconf 86' lang='lat' dir='ltr'>tribuendo</span> <span class='ocrx_word' id='word_1_136' title='bbox 499 895 646 932; x_wconf 86' lang='lat' dir='ltr'>cultum</span> <span class='ocrx_word' id='word_1_137' title='bbox 668 895 739 932; x_wconf 88' lang='lat' dir='ltr'>soli</span> <span class='ocrx_word' id='word_1_138' title='bbox 764 895 840 932; x_wconf 89' lang='lat' dir='ltr'>Deo</span> <span class='ocrx_word' id='word_1_139' title='bbox 869 895 1056 942; x_wconf 90' lang='lat' dir='ltr'>debitum,</span> <span class='ocrx_word' id='word_1_140' title='bbox 1080 901 1118 933; x_wconf 90' lang='lat' dir='ltr'>et</span> <span class='ocrx_word' id='word_1_141' title='bbox 1144 901 1200 933; x_wconf 91' lang='lat' dir='ltr'>est</span> <span class='ocrx_word' id='word_1_142' title='bbox 1221 897 1421 934; x_wconf 79' lang='lat' dir='ltr'>idolatria.</span> 
     </span>
     <span class='ocr_line' id='line_1_16' title="bbox 136 948 1424 997; baseline 0.002 -13"><span class='ocrx_word' id='word_1_143' title='bbox 136 970 182 976; x_wconf 93' lang='lat'>—</span> <span class='ocrx_word' id='word_1_144' title='bbox 204 950 296 991; x_wconf 82' lang='lat' dir='ltr'>Quae</span> <span class='ocrx_word' id='word_1_145' title='bbox 321 949 396 985; x_wconf 93' lang='lat' dir='ltr'>duo</span> <span class='ocrx_word' id='word_1_146' title='bbox 423 948 560 985; x_wconf 90' lang='lat' dir='ltr'>ultima</span> <span class='ocrx_word' id='word_1_147' title='bbox 587 949 762 996; x_wconf 86' lang='lat' dir='ltr'>generico</span> <span class='ocrx_word' id='word_1_148' title='bbox 789 949 906 985; x_wconf 89' lang='lat' dir='ltr'>etiam</span> <span class='ocrx_word' id='word_1_149' title='bbox 929 949 1112 985; x_wconf 80' lang='lat' dir='ltr'>vocabulo</span> <span class='ocrx_word' id='word_1_150' title='bbox 1138 951 1424 997; x_wconf 78' lang='lat' dir='ltr'>superstitionis</span> 
     </span>
     <span class='ocr_line' id='line_1_17' title="bbox 138 1001 1262 1049; baseline 0.002 -11"><span class='ocrx_word' id='word_1_151' title='bbox 138 1002 251 1049; x_wconf 88' lang='lat' dir='ltr'>vulgo</span> <span class='ocrx_word' id='word_1_152' title='bbox 268 1001 660 1048; x_wconf 89' lang='lat' dir='ltr'>comprehenduntur.</span> <span class='ocrx_word' id='word_1_153' title='bbox 683 1022 727 1027; x_wconf 92' lang='lat'>—</span> <span class='ocrx_word' id='word_1_154' title='bbox 744 1001 843 1047; x_wconf 87' lang='lat'>11-11‚</span> <span class='ocrx_word' id='word_1_155' title='bbox 863 1001 932 1043; x_wconf 91' lang='lat' dir='ltr'>Qu.</span> <span class='ocrx_word' id='word_1_156' title='bbox 955 1001 1193 1047; x_wconf 83' lang='lat' dir='ltr'>XC11,Artic.</span> <span class='ocrx_word' id='word_1_157' title='bbox 1217 1002 1262 1041; x_wconf 90' lang='lat'>11.</span> 
     </span>
    </p>

    <p class='ocr_par' dir='ltr' id='par_1_4' title="bbox 136 1055 1425 2093">
     <span class='ocr_line' id='line_1_18' title="bbox 183 1055 1409 1100; baseline 0.002 -9"><span class='ocrx_word' id='word_1_158' title='bbox 183 1056 243 1091; x_wconf 90' lang='lat' dir='ltr'>IV.</span> <span class='ocrx_word' id='word_1_159' title='bbox 271 1055 403 1091; x_wconf 81' lang='lat' dir='ltr'>Officia</span> <span class='ocrx_word' id='word_1_160' title='bbox 422 1055 622 1100; x_wconf 71' lang='lat' dir='ltr'>religionis</span> <span class='ocrx_word' id='word_1_161' title='bbox 641 1055 837 1100; x_wconf 77' lang='lat' dir='ltr'>praecipua</span> <span class='ocrx_word' id='word_1_162' title='bbox 857 1057 948 1091; x_wconf 83' lang='lat' dir='ltr'>sunt</span> <span class='ocrx_word' id='word_1_163' title='bbox 967 1058 1008 1091; x_wconf 87' lang='lat' dir='ltr'>et</span> <span class='ocrx_word' id='word_1_164' title='bbox 1026 1055 1322 1092; x_wconf 83' lang='lat' dir='ltr'>fundamentum</span> <span class='ocrx_word' id='word_1_165' title='bbox 1348 1067 1409 1093; x_wconf 90' lang='lat' dir='ltr'>om</span> 
     </span>
     <span class='ocr_line' id='line_1_19' title="bbox 136 1107 1423 1155; baseline 0.001 -11"><span class='ocrx_word' id='word_1_166' title='bbox 136 1109 243 1145; x_wconf 88' lang='lat' dir='ltr'>nium</span> <span class='ocrx_word' id='word_1_167' title='bbox 269 1107 494 1144; x_wconf 86' lang='lat' dir='ltr'>officiorum.</span> <span class='ocrx_word' id='word_1_168' title='bbox 518 1107 603 1142; x_wconf 83' lang='lat' dir='ltr'>Ilaec</span> <span class='ocrx_word' id='word_1_169' title='bbox 624 1107 836 1154; x_wconf 87' lang='lat' dir='ltr'>propositio</span> <span class='ocrx_word' id='word_1_170' title='bbox 860 1111 917 1142; x_wconf 91' lang='lat' dir='ltr'>est</span> <span class='ocrx_word' id='word_1_171' title='bbox 937 1107 1183 1143; x_wconf 91' lang='lat' dir='ltr'>corollarium</span> <span class='ocrx_word' id='word_1_172' title='bbox 1207 1109 1423 1155; x_wconf 83' lang='lat' dir='ltr'>praeceden-</span> 
     </span>
     <span class='ocr_line' id='line_1_20' title="bbox 138 1159 1424 1207; baseline 0.001 -11"><span class='ocrx_word' id='word_1_173' title='bbox 138 1161 249 1196; x_wconf 85' lang='lat' dir='ltr'>tium.</span> <span class='ocrx_word' id='word_1_174' title='bbox 264 1160 414 1195; x_wconf 88' lang='lat' dir='ltr'>Etenim</span> <span class='ocrx_word' id='word_1_175' title='bbox 435 1159 561 1195; x_wconf 83' lang='lat' dir='ltr'>officia</span> <span class='ocrx_word' id='word_1_176' title='bbox 576 1159 771 1206; x_wconf 86' lang='lat' dir='ltr'>religionis</span> <span class='ocrx_word' id='word_1_177' title='bbox 791 1163 993 1206; x_wconf 87' lang='lat' dir='ltr'>emergunt</span> <span class='ocrx_word' id='word_1_178' title='bbox 1008 1170 1054 1196; x_wconf 79' lang='lat' dir='ltr'>ex</span> <span class='ocrx_word' id='word_1_179' title='bbox 1074 1160 1157 1207; x_wconf 88' lang='lat' dir='ltr'>ipsa</span> <span class='ocrx_word' id='word_1_180' title='bbox 1174 1161 1336 1198; x_wconf 87' lang='lat' dir='ltr'>essentia</span> <span class='ocrx_word' id='word_1_181' title='bbox 1356 1161 1424 1197; x_wconf 92' lang='lat' dir='ltr'>ho-</span> 
     </span>
     <span class='ocr_line' id='line_1_21' title="bbox 137 1211 1425 1261; baseline 0.001 -12"><span class='ocrx_word' id='word_1_182' title='bbox 137 1214 252 1249; x_wconf 89' lang='lat' dir='ltr'>minis</span> <span class='ocrx_word' id='word_1_183' title='bbox 269 1218 305 1249; x_wconf 90' lang='lat' dir='ltr'>et</span> <span class='ocrx_word' id='word_1_184' title='bbox 322 1224 367 1249; x_wconf 85' lang='lat' dir='ltr'>ex</span> <span class='ocrx_word' id='word_1_185' title='bbox 385 1213 468 1260; x_wconf 91' lang='lat' dir='ltr'>ipsa</span> <span class='ocrx_word' id='word_1_186' title='bbox 485 1212 648 1248; x_wconf 86' lang='lat' dir='ltr'>essentia</span> <span class='ocrx_word' id='word_1_187' title='bbox 664 1211 744 1256; x_wconf 90' lang='lat' dir='ltr'>Dei,</span> <span class='ocrx_word' id='word_1_188' title='bbox 763 1216 806 1247; x_wconf 94' lang='lat' dir='ltr'>ut</span> <span class='ocrx_word' id='word_1_189' title='bbox 823 1212 1070 1259; x_wconf 89' lang='lat' dir='ltr'>probavimus</span> <span class='ocrx_word' id='word_1_190' title='bbox 1087 1223 1124 1248; x_wconf 91' lang='lat' dir='ltr'>n.</span> <span class='ocrx_word' id='word_1_191' title='bbox 1145 1212 1191 1249; x_wconf 91' lang='lat'>11.</span> <span class='ocrx_word' id='word_1_192' title='bbox 1210 1212 1309 1261; x_wconf 88' lang='lat' dir='ltr'>Ergo</span> <span class='ocrx_word' id='word_1_193' title='bbox 1330 1225 1425 1261; x_wconf 83' lang='lat' dir='ltr'>prae-</span> 
     </span>
     <span class='ocr_line' id='line_1_22' title="bbox 137 1264 1423 1313; baseline 0.002 -12"><span class='ocrx_word' id='word_1_194' title='bbox 137 1267 251 1313; x_wconf 90' lang='lat' dir='ltr'>cipua</span> <span class='ocrx_word' id='word_1_195' title='bbox 264 1270 365 1301; x_wconf 91' lang='lat' dir='ltr'>sunt.</span> <span class='ocrx_word' id='word_1_196' title='bbox 388 1286 429 1290; x_wconf 97' lang='lat'><strong>—</strong></span> <span class='ocrx_word' id='word_1_197' title='bbox 446 1265 605 1311; x_wconf 84' lang='lat' dir='ltr'>Insuper</span> <span class='ocrx_word' id='word_1_198' title='bbox 623 1269 771 1300; x_wconf 87' lang='lat' dir='ltr'>remoto</span> <span class='ocrx_word' id='word_1_199' title='bbox 791 1275 857 1311; x_wconf 89' lang='lat' dir='ltr'>per</span> <span class='ocrx_word' id='word_1_200' title='bbox 877 1264 1123 1311; x_wconf 85' lang='lat' dir='ltr'>hypothesim</span> <span class='ocrx_word' id='word_1_201' title='bbox 1144 1265 1235 1311; x_wconf 86' lang='lat' dir='ltr'>Deo,</span> <span class='ocrx_word' id='word_1_202' title='bbox 1258 1267 1358 1313; x_wconf 90' lang='lat' dir='ltr'>perit</span> <span class='ocrx_word' id='word_1_203' title='bbox 1379 1278 1423 1303; x_wconf 91' lang='lat' dir='ltr'>eo</span> 
     </span>
     <span class='ocr_line' id='line_1_23' title="bbox 139 1316 1423 1366; baseline 0.001 -12"><span class='ocrx_word' id='word_1_204' title='bbox 139 1319 221 1366; x_wconf 90' lang='lat' dir='ltr'>ipso</span> <span class='ocrx_word' id='word_1_205' title='bbox 242 1319 339 1354; x_wconf 88' lang='lat' dir='ltr'>ratio</span> <span class='ocrx_word' id='word_1_206' title='bbox 357 1317 559 1364; x_wconf 87' lang='lat' dir='ltr'>cujuslibet</span> <span class='ocrx_word' id='word_1_207' title='bbox 576 1317 692 1352; x_wconf 88' lang='lat' dir='ltr'>officii</span> <span class='ocrx_word' id='word_1_208' title='bbox 708 1318 779 1362; x_wconf 89' lang='lat'>(30,</span> <span class='ocrx_word' id='word_1_209' title='bbox 799 1316 877 1361; x_wconf 88' lang='grc' dir='ltr'>ΙΙΙ).</span> <span class='ocrx_word' id='word_1_210' title='bbox 893 1316 992 1364; x_wconf 89' lang='lat' dir='ltr'>Ergo</span> <span class='ocrx_word' id='word_1_211' title='bbox 1013 1317 1161 1365; x_wconf 87' lang='lat' dir='ltr'>religio,</span> <span class='ocrx_word' id='word_1_212' title='bbox 1180 1328 1265 1364; x_wconf 82' lang='lat' dir='ltr'>quae</span> <span class='ocrx_word' id='word_1_213' title='bbox 1281 1318 1423 1366; x_wconf 85' lang='lat' dir='ltr'>impor-</span> 
     </span>
     <span class='ocr_line' id='line_1_24' title="bbox 138 1369 1422 1415; baseline 0.001 -8"><span class='ocrx_word' id='word_1_214' title='bbox 138 1376 195 1407; x_wconf 88' lang='lat' dir='ltr'>tat</span> <span class='ocrx_word' id='word_1_215' title='bbox 214 1370 388 1407; x_wconf 88' lang='lat' dir='ltr'>ordinem</span> <span class='ocrx_word' id='word_1_216' title='bbox 408 1369 455 1406; x_wconf 89' lang='lat' dir='ltr'>ad</span> <span class='ocrx_word' id='word_1_217' title='bbox 472 1370 606 1415; x_wconf 89' lang='lat' dir='ltr'>Deum,</span> <span class='ocrx_word' id='word_1_218' title='bbox 628 1373 671 1405; x_wconf 89' lang='lat' dir='ltr'>ut</span> <span class='ocrx_word' id='word_1_219' title='bbox 691 1369 836 1405; x_wconf 88' lang='lat' dir='ltr'>dictum</span> <span class='ocrx_word' id='word_1_220' title='bbox 857 1374 914 1405; x_wconf 88' lang='lat' dir='ltr'>est</span> <span class='ocrx_word' id='word_1_221' title='bbox 934 1380 971 1404; x_wconf 91' lang='lat' dir='ltr'>n.</span> <span class='ocrx_word' id='word_1_222' title='bbox 994 1369 1022 1414; x_wconf 90' lang='lat'>1,</span> <span class='ocrx_word' id='word_1_223' title='bbox 1046 1374 1102 1405; x_wconf 86' lang='lat' dir='ltr'>est</span> <span class='ocrx_word' id='word_1_224' title='bbox 1127 1369 1422 1408; x_wconf 81' lang='lat' dir='ltr'>fundamentum</span> 
     </span>
     <span class='ocr_line' id='line_1_25' title="bbox 139 1421 1422 1471; baseline 0.002 -12"><span class='ocrx_word' id='word_1_225' title='bbox 139 1424 314 1460; x_wconf 91' lang='lat' dir='ltr'>omnium</span> <span class='ocrx_word' id='word_1_226' title='bbox 332 1423 560 1459; x_wconf 81' lang='lat' dir='ltr'>officiorum.</span> <span class='ocrx_word' id='word_1_227' title='bbox 574 1421 761 1458; x_wconf 85' lang='lat' dir='ltr'>Audiatur</span> <span class='ocrx_word' id='word_1_228' title='bbox 778 1421 814 1457; x_wconf 91' lang='lat' dir='ltr'>S.</span> <span class='ocrx_word' id='word_1_229' title='bbox 831 1421 996 1458; x_wconf 87' lang='lat' dir='ltr'>Thomas</span> <span class='ocrx_word' id='word_1_230' title='bbox 1011 1423 1076 1469; x_wconf 91' lang='lat' dir='ltr'>qui</span> <span class='ocrx_word' id='word_1_231' title='bbox 1095 1433 1140 1458; x_wconf 84' lang='lat' dir='ltr'>ex</span> <span class='ocrx_word' id='word_1_232' title='bbox 1154 1423 1303 1460; x_wconf 84' lang='lat' dir='ltr'>ratione</span> <span class='ocrx_word' id='word_1_233' title='bbox 1316 1424 1422 1471; x_wconf 76' lang='lat' dir='ltr'>sinis,</span> 
     </span>
     <span class='ocr_line' id='line_1_26' title="bbox 139 1474 1423 1523; baseline 0 -10"><span class='ocrx_word' id='word_1_234' title='bbox 139 1477 187 1513; x_wconf 89' lang='lat' dir='ltr'>ad</span> <span class='ocrx_word' id='word_1_235' title='bbox 212 1487 326 1523; x_wconf 89' lang='lat' dir='ltr'>quem</span> <span class='ocrx_word' id='word_1_236' title='bbox 350 1475 578 1512; x_wconf 84' lang='lat' dir='ltr'>ordinantur</span> <span class='ocrx_word' id='word_1_237' title='bbox 592 1475 764 1519; x_wconf 88' lang='lat' dir='ltr'>virtutes,</span> <span class='ocrx_word' id='word_1_238' title='bbox 786 1474 900 1510; x_wconf 86' lang='lat' dir='ltr'>insert</span> <span class='ocrx_word' id='word_1_239' title='bbox 926 1474 1151 1522; x_wconf 85' lang='lat' dir='ltr'>religionem</span> <span class='ocrx_word' id='word_1_240' title='bbox 1173 1477 1423 1522; x_wconf 83' lang='lat' dir='ltr'>praeeminere</span> 
     </span>
     <span class='ocr_line' id='line_1_27' title="bbox 140 1527 1423 1576; baseline 0.001 -12"><span class='ocrx_word' id='word_1_241' title='bbox 140 1530 238 1566; x_wconf 91' lang='lat' dir='ltr'>inter</span> <span class='ocrx_word' id='word_1_242' title='bbox 254 1530 347 1565; x_wconf 88' lang='lat' dir='ltr'>alias</span> <span class='ocrx_word' id='word_1_243' title='bbox 367 1527 530 1564; x_wconf 85' lang='lat' dir='ltr'>morales</span> <span class='ocrx_word' id='word_1_244' title='bbox 549 1528 720 1572; x_wconf 89' lang='lat' dir='ltr'>virtutes,</span> <span class='ocrx_word' id='word_1_245' title='bbox 738 1532 775 1563; x_wconf 91' lang='lat' dir='ltr'>et</span> <span class='ocrx_word' id='word_1_246' title='bbox 791 1532 1069 1574; x_wconf 84' lang='lat' dir='ltr'>consequenter</span> <span class='ocrx_word' id='word_1_247' title='bbox 1088 1527 1214 1564; x_wconf 83' lang='lat' dir='ltr'>officia</span> <span class='ocrx_word' id='word_1_248' title='bbox 1228 1528 1423 1576; x_wconf 88' lang='lat' dir='ltr'>religionis</span> 
     </span>
     <span class='ocr_line' id='line_1_28' title="bbox 139 1579 1424 1628; baseline -0.001 -10"><span class='ocrx_word' id='word_1_249' title='bbox 139 1593 219 1618; x_wconf 90' lang='lat' dir='ltr'>esse</span> <span class='ocrx_word' id='word_1_250' title='bbox 236 1582 430 1628; x_wconf 83' lang='lat' dir='ltr'>praecipua</span> <span class='ocrx_word' id='word_1_251' title='bbox 444 1581 544 1616; x_wconf 91' lang='lat' dir='ltr'>inter</span> <span class='ocrx_word' id='word_1_252' title='bbox 557 1579 632 1615; x_wconf 88' lang='lat' dir='ltr'>alia</span> <span class='ocrx_word' id='word_1_253' title='bbox 647 1580 779 1615; x_wconf 89' lang='lat' dir='ltr'>omnia</span> <span class='ocrx_word' id='word_1_254' title='bbox 797 1583 930 1615; x_wconf 86' lang='lat' dir='ltr'>nostra</span> <span class='ocrx_word' id='word_1_255' title='bbox 949 1579 1075 1616; x_wconf 81' lang='lat' dir='ltr'>officia</span> <span class='ocrx_word' id='word_1_256' title='bbox 1093 1591 1101 1615; x_wconf 89' lang='lat'>:</span> <span class='ocrx_word' id='word_1_257' title='bbox 1123 1594 1138 1612; x_wconf 67' lang='grc' dir='ltr'><em>α</em></span> <span class='ocrx_word' id='word_1_258' title='bbox 1158 1579 1211 1616; x_wconf 88' lang='lat' dir='ltr'>Ea</span> <span class='ocrx_word' id='word_1_259' title='bbox 1230 1591 1316 1628; x_wconf 85' lang='lat' dir='ltr'>quae</span> <span class='ocrx_word' id='word_1_260' title='bbox 1335 1587 1424 1617; x_wconf 92' lang='lat' dir='ltr'>sunt</span> 
     </span>
     <span class='ocr_line' id='line_1_29' title="bbox 140 1631 1422 1680; baseline 0.001 -10"><span class='ocrx_word' id='word_1_261' title='bbox 140 1635 188 1670; x_wconf 89' lang='lat' dir='ltr'>ad</span> <span class='ocrx_word' id='word_1_262' title='bbox 208 1636 339 1679; x_wconf 86' lang='lat' dir='ltr'>finem,</span> <span class='ocrx_word' id='word_1_263' title='bbox 361 1633 575 1669; x_wconf 85' lang='lat' dir='ltr'>sortiuntur</span> <span class='ocrx_word' id='word_1_264' title='bbox 597 1633 809 1668; x_wconf 83' lang='lat' dir='ltr'>bonitatem</span> <span class='ocrx_word' id='word_1_265' title='bbox 827 1642 873 1668; x_wconf 87' lang='lat' dir='ltr'>ex</span> <span class='ocrx_word' id='word_1_266' title='bbox 893 1631 1026 1668; x_wconf 89' lang='lat' dir='ltr'>ordine</span> <span class='ocrx_word' id='word_1_267' title='bbox 1051 1633 1088 1668; x_wconf 92' lang='lat' dir='ltr'>in</span> <span class='ocrx_word' id='word_1_268' title='bbox 1106 1633 1245 1679; x_wconf 84' lang='lat' dir='ltr'>finem3</span> <span class='ocrx_word' id='word_1_269' title='bbox 1265 1638 1302 1670; x_wconf 93' lang='lat' dir='ltr'>et</span> <span class='ocrx_word' id='word_1_270' title='bbox 1322 1633 1422 1680; x_wconf 87' lang='lat' dir='ltr'>ideo,</span> 
     </span>
     <span class='ocr_line' id='line_1_30' title="bbox 138 1685 1424 1735; baseline 0.001 -12"><span class='ocrx_word' id='word_1_271' title='bbox 138 1692 283 1735; x_wconf 89' lang='lat' dir='ltr'>quanto</span> <span class='ocrx_word' id='word_1_272' title='bbox 308 1692 398 1723; x_wconf 88' lang='lat' dir='ltr'>sunt</span> <span class='ocrx_word' id='word_1_273' title='bbox 416 1686 484 1722; x_wconf 85' lang='lat' dir='ltr'>fini</span> <span class='ocrx_word' id='word_1_274' title='bbox 510 1686 787 1733; x_wconf 86' lang='lat' dir='ltr'>propinquiora</span> <span class='ocrx_word' id='word_1_275' title='bbox 813 1689 921 1721; x_wconf 90' lang='lat' dir='ltr'>tanto</span> <span class='ocrx_word' id='word_1_276' title='bbox 950 1690 1038 1721; x_wconf 91' lang='lat' dir='ltr'>sunt</span> <span class='ocrx_word' id='word_1_277' title='bbox 1063 1685 1235 1722; x_wconf 84' lang='lat' dir='ltr'>meliora.</span> <span class='ocrx_word' id='word_1_278' title='bbox 1257 1686 1424 1724; x_wconf 88' lang='lat' dir='ltr'>Virtutes</span> 
     </span>
     <span class='ocr_line' id='line_1_31' title="bbox 138 1737 1425 1785; baseline -0.001 -9"><span class='ocrx_word' id='word_1_279' title='bbox 138 1745 270 1776; x_wconf 87' lang='lat' dir='ltr'>autem</span> <span class='ocrx_word' id='word_1_280' title='bbox 295 1738 474 1784; x_wconf 90' lang='lat' dir='ltr'>morales,</span> <span class='ocrx_word' id='word_1_281' title='bbox 504 1743 546 1774; x_wconf 92' lang='lat' dir='ltr'>ut</span> <span class='ocrx_word' id='word_1_282' title='bbox 572 1748 688 1785; x_wconf 90' lang='lat' dir='ltr'>supra</span> <span class='ocrx_word' id='word_1_283' title='bbox 712 1737 888 1773; x_wconf 89' lang='lat' dir='ltr'>habitum</span> <span class='ocrx_word' id='word_1_284' title='bbox 916 1742 972 1773; x_wconf 88' lang='lat' dir='ltr'>cst</span> <span class='ocrx_word' id='word_1_285' title='bbox 998 1738 1135 1783; x_wconf 82' lang='lat' dir='ltr'>(Artic.</span> <span class='ocrx_word' id='word_1_286' title='bbox 1158 1741 1308 1785; x_wconf 56' lang='lat' dir='ltr'>prtem),</span> <span class='ocrx_word' id='word_1_287' title='bbox 1335 1745 1425 1776; x_wconf 89' lang='lat' dir='ltr'>sunt</span> 
     </span>
     <span class='ocr_line' id='line_1_32' title="bbox 140 1790 1423 1840; baseline -0.001 -10"><span class='ocrx_word' id='word_1_288' title='bbox 140 1795 240 1830; x_wconf 86' lang='lat' dir='ltr'>cirea</span> <span class='ocrx_word' id='word_1_289' title='bbox 265 1804 321 1838; x_wconf 89' lang='lat' dir='ltr'>ea,</span> <span class='ocrx_word' id='word_1_290' title='bbox 346 1803 432 1839; x_wconf 80' lang='lat' dir='ltr'>quae</span> <span class='ocrx_word' id='word_1_291' title='bbox 455 1790 685 1828; x_wconf 88' lang='lat' dir='ltr'>ordinantur</span> <span class='ocrx_word' id='word_1_292' title='bbox 707 1791 745 1827; x_wconf 91' lang='lat' dir='ltr'>in</span> <span class='ocrx_word' id='word_1_293' title='bbox 771 1790 905 1836; x_wconf 90' lang='lat' dir='ltr'>Deum,</span> <span class='ocrx_word' id='word_1_294' title='bbox 930 1791 1028 1827; x_wconf 90' lang='lat' dir='ltr'>sicut</span> <span class='ocrx_word' id='word_1_295' title='bbox 1056 1791 1095 1827; x_wconf 91' lang='lat' dir='ltr'>in</span> <span class='ocrx_word' id='word_1_296' title='bbox 1121 1792 1252 1828; x_wconf 85' lang='lat' dir='ltr'>finem.</span> <span class='ocrx_word' id='word_1_297' title='bbox 1279 1792 1423 1840; x_wconf 85' lang='lat' dir='ltr'>Religio</span> 
     </span>
     <span class='ocr_line' id='line_1_33' title="bbox 140 1842 1424 1892; baseline -0.001 -10"><span class='ocrx_word' id='word_1_298' title='bbox 140 1850 270 1883; x_wconf 88' lang='lat' dir='ltr'>autem</span> <span class='ocrx_word' id='word_1_299' title='bbox 300 1846 423 1892; x_wconf 90' lang='lat' dir='ltr'>magis</span> <span class='ocrx_word' id='word_1_300' title='bbox 453 1844 499 1881; x_wconf 90' lang='lat' dir='ltr'>de</span> <span class='ocrx_word' id='word_1_301' title='bbox 528 1844 744 1891; x_wconf 88' lang='lat' dir='ltr'>propinquo</span> <span class='ocrx_word' id='word_1_302' title='bbox 773 1842 919 1880; x_wconf 90' lang='lat' dir='ltr'>accedit</span> <span class='ocrx_word' id='word_1_303' title='bbox 947 1842 996 1879; x_wconf 89' lang='lat' dir='ltr'>ad</span> <span class='ocrx_word' id='word_1_304' title='bbox 1025 1843 1159 1889; x_wconf 91' lang='lat' dir='ltr'>Deum,</span> <span class='ocrx_word' id='word_1_305' title='bbox 1194 1854 1310 1891; x_wconf 90' lang='lat' dir='ltr'>quam</span> <span class='ocrx_word' id='word_1_306' title='bbox 1339 1845 1424 1881; x_wconf 82' lang='lat' dir='ltr'>aliae</span> 
     </span>
     <span class='ocr_line' id='line_1_34' title="bbox 140 1896 1424 1944; baseline -0.001 -10"><span class='ocrx_word' id='word_1_307' title='bbox 140 1900 298 1935; x_wconf 91' lang='lat' dir='ltr'>virtutes</span> <span class='ocrx_word' id='word_1_308' title='bbox 318 1897 495 1942; x_wconf 88' lang='lat' dir='ltr'>morales,</span> <span class='ocrx_word' id='word_1_309' title='bbox 524 1898 754 1944; x_wconf 85' lang='lat' dir='ltr'>inquantum</span> <span class='ocrx_word' id='word_1_310' title='bbox 772 1900 954 1943; x_wconf 86' lang='lat' dir='ltr'>operatur</span> <span class='ocrx_word' id='word_1_311' title='bbox 973 1907 1030 1941; x_wconf 91' lang='lat' dir='ltr'>ea,</span> <span class='ocrx_word' id='word_1_312' title='bbox 1046 1907 1132 1943; x_wconf 81' lang='lat' dir='ltr'>quae</span> <span class='ocrx_word' id='word_1_313' title='bbox 1152 1896 1291 1933; x_wconf 81' lang='lat' dir='ltr'>directe</span> <span class='ocrx_word' id='word_1_314' title='bbox 1304 1901 1338 1933; x_wconf 87' lang='lat' dir='ltr'>et</span> <span class='ocrx_word' id='word_1_315' title='bbox 1359 1899 1424 1933; x_wconf 84' lang='lat' dir='ltr'>im-</span> 
     </span>
     <span class='ocr_line' id='line_1_35' title="bbox 140 1948 1424 1997; baseline -0.001 -9"><span class='ocrx_word' id='word_1_316' title='bbox 140 1953 299 1988; x_wconf 82' lang='lat' dir='ltr'>mediate</span> <span class='ocrx_word' id='word_1_317' title='bbox 327 1951 559 1987; x_wconf 78' lang='lat' dir='ltr'>ordinantur</span> <span class='ocrx_word' id='word_1_318' title='bbox 588 1950 626 1986; x_wconf 89' lang='lat' dir='ltr'>in</span> <span class='ocrx_word' id='word_1_319' title='bbox 656 1949 843 1986; x_wconf 89' lang='lat' dir='ltr'>honorem</span> <span class='ocrx_word' id='word_1_320' title='bbox 874 1948 1058 1985; x_wconf 90' lang='lat' dir='ltr'>divinum.</span> <span class='ocrx_word' id='word_1_321' title='bbox 1093 1949 1138 1984; x_wconf 90' lang='lat' dir='ltr'>Et</span> <span class='ocrx_word' id='word_1_322' title='bbox 1171 1949 1255 1985; x_wconf 88' lang='lat' dir='ltr'>ideo</span> <span class='ocrx_word' id='word_1_323' title='bbox 1290 1950 1424 1997; x_wconf 88' lang='lat' dir='ltr'>religio</span> 
     </span>
     <span class='ocr_line' id='line_1_36' title="bbox 141 2000 1424 2052; baseline -0.002 -12"><span class='ocrx_word' id='word_1_324' title='bbox 141 2005 365 2052; x_wconf 77' lang='lat' dir='ltr'>praeeminet</span> <span class='ocrx_word' id='word_1_325' title='bbox 381 2005 481 2039; x_wconf 91' lang='lat' dir='ltr'>inter</span> <span class='ocrx_word' id='word_1_326' title='bbox 496 2003 589 2039; x_wconf 89' lang='lat' dir='ltr'>alias</span> <span class='ocrx_word' id='word_1_327' title='bbox 602 2002 759 2038; x_wconf 89' lang='lat' dir='ltr'>virtutes</span> <span class='ocrx_word' id='word_1_328' title='bbox 777 2001 954 2037; x_wconf 89' lang='lat' dir='ltr'>morales.</span> <span class='ocrx_word' id='word_1_329' title='bbox 976 2015 991 2032; x_wconf 67' lang='grc' dir='ltr'><strong>ν</strong></span> <span class='ocrx_word' id='word_1_330' title='bbox 1008 2021 1052 2027; x_wconf 88' lang='grc'>-</span> <span class='ocrx_word' id='word_1_331' title='bbox 1070 2000 1168 2045; x_wconf 87' lang='lat'>11-11,</span> <span class='ocrx_word' id='word_1_332' title='bbox 1186 2001 1242 2040; x_wconf 86' lang='lat' dir='ltr'>Qu</span> <span class='ocrx_word' id='word_1_333' title='bbox 1272 2002 1424 2041; x_wconf 81' lang='lat' dir='ltr'>LXXXI.</span> 
     </span>
     <span class='ocr_line' id='line_1_37' title="bbox 139 2057 337 2093; baseline -0.005 -1"><span class='ocrx_word' id='word_1_334' title='bbox 139 2058 254 2093; x_wconf 83' lang='lat' dir='ltr'>Artic.</span> <span class='ocrx_word' id='word_1_335' title='bbox 276 2057 337 2092; x_wconf 89' lang='lat' dir='ltr'>Vl.</span> 
     </span>
    </p>

    <p class='ocr_par' dir='ltr' id='par_1_5' title="bbox 141 2106 1426 2420">
     <span class='ocr_line' id='line_1_38' title="bbox 187 2106 1426 2153; baseline -0.002 -8"><span class='ocrx_word' id='word_1_336' title='bbox 187 2110 229 2145; x_wconf 86' lang='lat' dir='ltr'>V.</span> <span class='ocrx_word' id='word_1_337' title='bbox 256 2110 475 2146; x_wconf 85' lang='lat' dir='ltr'>Corollaria.</span> <span class='ocrx_word' id='word_1_338' title='bbox 505 2129 544 2135; x_wconf 95' lang='lat'>—</span> <span class='ocrx_word' id='word_1_339' title='bbox 575 2107 834 2145; x_wconf 72' lang='lat' dir='ltr'>Corollarium</span> <span class='ocrx_word' id='word_1_340' title='bbox 856 2107 1039 2153; x_wconf 80' lang='lat' dir='ltr'>primum.</span> <span class='ocrx_word' id='word_1_341' title='bbox 1066 2106 1189 2153; x_wconf 88' lang='lat' dir='ltr'>Igitur</span> <span class='ocrx_word' id='word_1_342' title='bbox 1214 2106 1426 2143; x_wconf 88' lang='lat' dir='ltr'>atheismus</span> 
     </span>
     <span class='ocr_line' id='line_1_39' title="bbox 141 2157 1425 2210; baseline -0.002 -12"><span class='ocrx_word' id='word_1_343' title='bbox 141 2162 219 2198; x_wconf 89' lang='lat' dir='ltr'>sive</span> <span class='ocrx_word' id='word_1_344' title='bbox 239 2161 506 2210; x_wconf 78' lang='lat' dir='ltr'>speculativuS,</span> <span class='ocrx_word' id='word_1_345' title='bbox 533 2161 608 2197; x_wconf 82' lang='lat' dir='ltr'>sive</span> <span class='ocrx_word' id='word_1_346' title='bbox 637 2160 826 2207; x_wconf 81' lang='lat' dir='ltr'>practicus</span> <span class='ocrx_word' id='word_1_347' title='bbox 846 2164 903 2195; x_wconf 92' lang='lat' dir='ltr'>est</span> <span class='ocrx_word' id='word_1_348' title='bbox 923 2159 1049 2206; x_wconf 72' lang='lat' dir='ltr'>loyica</span> <span class='ocrx_word' id='word_1_349' title='bbox 1075 2157 1282 2195; x_wconf 86' lang='lat' dir='ltr'>destructio</span> <span class='ocrx_word' id='word_1_350' title='bbox 1308 2159 1425 2195; x_wconf 91' lang='lat' dir='ltr'>totius</span> 
     </span>
     <span class='ocr_line' id='line_1_40' title="bbox 142 2210 1425 2260; baseline -0.003 -9"><span class='ocrx_word' id='word_1_351' title='bbox 142 2215 386 2251; x_wconf 89' lang='lat' dir='ltr'>moralitatis.</span> <span class='ocrx_word' id='word_1_352' title='bbox 401 2214 490 2250; x_wconf 82' lang='lat' dir='ltr'>Dico</span> <span class='ocrx_word' id='word_1_353' title='bbox 513 2214 661 2260; x_wconf 75' lang='lat' dir='ltr'>loyiea;</span> <span class='ocrx_word' id='word_1_354' title='bbox 682 2223 773 2249; x_wconf 90' lang='lat' dir='ltr'>nam</span> <span class='ocrx_word' id='word_1_355' title='bbox 790 2213 820 2248; x_wconf 93' lang='lat' dir='ltr'>si</span> <span class='ocrx_word' id='word_1_356' title='bbox 836 2212 901 2259; x_wconf 93' lang='lat' dir='ltr'>qui</span> <span class='ocrx_word' id='word_1_357' title='bbox 921 2212 998 2248; x_wconf 91' lang='lat' dir='ltr'>sint</span> <span class='ocrx_word' id='word_1_358' title='bbox 1012 2210 1115 2248; x_wconf 90' lang='lat' dir='ltr'>athei</span> <span class='ocrx_word' id='word_1_359' title='bbox 1131 2211 1196 2258; x_wconf 91' lang='lat' dir='ltr'>qui</span> <span class='ocrx_word' id='word_1_360' title='bbox 1214 2210 1425 2248; x_wconf 88' lang='lat' dir='ltr'>honestatis</span> 
     </span>
     <span class='ocr_line' id='line_1_41' title="bbox 142 2263 1426 2315; baseline -0.003 -11"><span class='ocrx_word' id='word_1_361' title='bbox 142 2268 408 2315; x_wconf 84' lang='lat' dir='ltr'>apparentiam</span> <span class='ocrx_word' id='word_1_362' title='bbox 434 2266 623 2310; x_wconf 83' lang='lat' dir='ltr'>affectent,</span> <span class='ocrx_word' id='word_1_363' title='bbox 647 2265 704 2301; x_wconf 88' lang='lat' dir='ltr'>vel</span> <span class='ocrx_word' id='word_1_364' title='bbox 723 2266 839 2301; x_wconf 86' lang='lat' dir='ltr'>etiam</span> <span class='ocrx_word' id='word_1_365' title='bbox 860 2264 1051 2311; x_wconf 86' lang='lat' dir='ltr'>aliquibus</span> <span class='ocrx_word' id='word_1_366' title='bbox 1073 2263 1279 2300; x_wconf 87' lang='lat' dir='ltr'>virtutibus</span> <span class='ocrx_word' id='word_1_367' title='bbox 1300 2266 1426 2301; x_wconf 90' lang='lat' dir='ltr'>ornati</span> 
     </span>
     <span class='ocr_line' id='line_1_42' title="bbox 142 2315 1426 2366; baseline -0.003 -9"><span class='ocrx_word' id='word_1_368' title='bbox 142 2320 356 2365; x_wconf 80' lang='lat' dir='ltr'>videantur,</span> <span class='ocrx_word' id='word_1_369' title='bbox 384 2331 460 2356; x_wconf 89' lang='lat' dir='ltr'>non</span> <span class='ocrx_word' id='word_1_370' title='bbox 486 2319 534 2355; x_wconf 90' lang='lat' dir='ltr'>ad</span> <span class='ocrx_word' id='word_1_371' title='bbox 561 2329 693 2355; x_wconf 90' lang='lat' dir='ltr'>eorum</span> <span class='ocrx_word' id='word_1_372' title='bbox 720 2318 908 2366; x_wconf 89' lang='lat' dir='ltr'>principia</span> <span class='ocrx_word' id='word_1_373' title='bbox 933 2326 1093 2353; x_wconf 82' lang='lat' dir='ltr'>erronea</span> <span class='ocrx_word' id='word_1_374' title='bbox 1118 2315 1155 2352; x_wconf 92' lang='lat' dir='ltr'>id</span> <span class='ocrx_word' id='word_1_375' title='bbox 1182 2316 1426 2353; x_wconf 83' lang='lat' dir='ltr'>referendum</span> 
     </span>
     <span class='ocr_line' id='line_1_43' title="bbox 141 2368 1426 2420; baseline -0.004 -10"><span class='ocrx_word' id='word_1_376' title='bbox 141 2378 213 2420; x_wconf 85' lang='lat' dir='ltr'>est,</span> <span class='ocrx_word' id='word_1_377' title='bbox 240 2372 306 2410; x_wconf 90' lang='lat' dir='ltr'>sed</span> <span class='ocrx_word' id='word_1_378' title='bbox 335 2372 383 2409; x_wconf 86' lang='lat' dir='ltr'>ad</span> <span class='ocrx_word' id='word_1_379' title='bbox 409 2373 486 2409; x_wconf 81' lang='lat' dir='ltr'>vim</span> <span class='ocrx_word' id='word_1_380' title='bbox 511 2370 708 2408; x_wconf 87' lang='lat' dir='ltr'>rationalis</span> <span class='ocrx_word' id='word_1_381' title='bbox 733 2374 896 2412; x_wconf 87' lang='lat' dir='ltr'>naturae,</span> <span class='ocrx_word' id='word_1_382' title='bbox 923 2379 1009 2413; x_wconf 79' lang='lat' dir='ltr'>quae</span> <span class='ocrx_word' id='word_1_383' title='bbox 1033 2369 1220 2405; x_wconf 85' lang='lat' dir='ltr'>libertatis</span> <span class='ocrx_word' id='word_1_384' title='bbox 1245 2368 1426 2406; x_wconf 81' lang='lat' dir='ltr'>humanae</span> 
     </span>
    </p>
   </div>
  </div>
 </body>
</html>
