<?xml version="1.0" encoding="UTF-8"?>
<!DOCTYPE html PUBLIC "-//W3C//DTD XHTML 1.0 Transitional//EN"
    "http://www.w3.org/TR/xhtml1/DTD/xhtml1-transitional.dtd">
<html xmlns="http://www.w3.org/1999/xhtml" xml:lang="en" lang="en">
 <head>
  <title>
</title>
<meta http-equiv="Content-Type" content="text/html;charset=utf-8" />
  <meta name='ocr-system' content='tesseract 3.04.00' />
  <meta name='ocr-capabilities' content='ocr_page ocr_carea ocr_par ocr_line ocrx_word'/>
</head>
<body>
  <div class='ocr_page' id='page_1' title='image "./summaphilosophic03zigluoft_0347.png"; bbox 0 0 1584 2569; ppageno 0'>
   <div class='ocr_carea' id='block_1_1' title="bbox 686 112 1377 146">
    <p class='ocr_par' dir='ltr' id='par_1_1' title="bbox 686 112 1377 146">
     <span class='ocr_line' id='line_1_1' title="bbox 686 112 1377 146; baseline -0.004 0"><span class='ocrx_word' id='word_1_1' title='bbox 686 124 784 146; x_wconf 76' lang='lat' dir='ltr'>mnu</span> <span class='ocrx_word' id='word_1_2' title='bbox 1319 112 1377 144; x_wconf 79' lang='lat'>337</span> 
     </span>
    </p>
   </div>
   <div class='ocr_carea' id='block_1_2' title="bbox 176 189 1379 280">
    <p class='ocr_par' dir='ltr' id='par_1_2' title="bbox 176 189 1379 280">
     <span class='ocr_line' id='line_1_2' title="bbox 176 189 1275 224; baseline -0.004 0"><span class='ocrx_word' id='word_1_3' title='bbox 176 196 259 224; x_wconf 89' lang='lat' dir='ltr'>tem.</span> <span class='ocrx_word' id='word_1_4' title='bbox 274 210 315 216; x_wconf 92' lang='grc'>--</span> <span class='ocrx_word' id='word_1_5' title='bbox 333 192 372 224; x_wconf 78' lang='lat' dir='ltr'>x.</span> <span class='ocrx_word' id='word_1_6' title='bbox 393 193 500 224; x_wconf 80' lang='lat' dir='ltr'>Actus</span> <span class='ocrx_word' id='word_1_7' title='bbox 519 191 663 224; x_wconf 87' lang='lat' dir='ltr'>humani</span> <span class='ocrx_word' id='word_1_8' title='bbox 680 191 808 223; x_wconf 87' lang='lat' dir='ltr'>habent</span> <span class='ocrx_word' id='word_1_9' title='bbox 827 190 994 223; x_wconf 87' lang='lat' dir='ltr'>rationem</span> <span class='ocrx_word' id='word_1_10' title='bbox 1013 189 1126 222; x_wconf 89' lang='lat' dir='ltr'>meriti</span> <span class='ocrx_word' id='word_1_11' title='bbox 1145 189 1195 222; x_wconf 84' lang='lat' dir='ltr'>vel</span> <span class='ocrx_word' id='word_1_12' title='bbox 1218 189 1275 221; x_wconf 89' lang='lat' dir='ltr'>de-</span> 
     </span>
     <span class='ocr_line' id='line_1_3' title="bbox 176 235 1379 280; baseline -0.004 -9"><span class='ocrx_word' id='word_1_13' title='bbox 176 238 289 270; x_wconf 89' lang='lat' dir='ltr'>meriti</span> <span class='ocrx_word' id='word_1_14' title='bbox 309 239 401 280; x_wconf 86' lang='lat' dir='ltr'>apud</span> <span class='ocrx_word' id='word_1_15' title='bbox 424 239 537 280; x_wconf 88' lang='lat' dir='ltr'>ipsum</span> <span class='ocrx_word' id='word_1_16' title='bbox 557 239 679 271; x_wconf 90' lang='lat' dir='ltr'>Deum.</span> <span class='ocrx_word' id='word_1_17' title='bbox 699 256 740 262; x_wconf 88' lang='lat'><em>-</em></span> <span class='ocrx_word' id='word_1_18' title='bbox 757 239 814 270; x_wconf 84' lang='lat' dir='ltr'>XI.</span> <span class='ocrx_word' id='word_1_19' title='bbox 837 238 1022 269; x_wconf 82' lang='lat' dir='ltr'>Solvuntur</span> <span class='ocrx_word' id='word_1_20' title='bbox 1042 236 1277 269; x_wconf 85' lang='lat' dir='ltr'>difficultates.</span> <span class='ocrx_word' id='word_1_21' title='bbox 1341 235 1379 266; x_wconf 78' lang='lat'>&#39;18</span> 
     </span>
    </p>
   </div>
   <div class='ocr_carea' id='block_1_3' title="bbox 95 295 1378 800">
    <p class='ocr_par' dir='ltr' id='par_1_3' title="bbox 95 295 1378 800">
     <span class='ocr_line' id='line_1_4' title="bbox 95 295 1272 341; baseline -0.003 -12"><span class='ocrx_word' id='word_1_22' title='bbox 95 297 173 329; x_wconf 63' lang='grc' dir='ltr'><strong>ΛΒΤ.</strong></span> <span class='ocrx_word' id='word_1_23' title='bbox 186 297 241 329; x_wconf 91' lang='lat' dir='ltr'>IV.</span> <span class='ocrx_word' id='word_1_24' title='bbox 256 298 304 331; x_wconf 86' lang='lat' dir='ltr'>De</span> <span class='ocrx_word' id='word_1_25' title='bbox 315 297 359 330; x_wconf 79' lang='lat' dir='ltr'>iis</span> <span class='ocrx_word' id='word_1_26' title='bbox 373 298 619 341; x_wconf 80' lang='lat' dir='ltr'>quoeinsluunt</span> <span class='ocrx_word' id='word_1_27' title='bbox 629 297 667 329; x_wconf 84' lang='lat' dir='ltr'>in</span> <span class='ocrx_word' id='word_1_28' title='bbox 681 297 923 330; x_wconf 83' lang='lat' dir='ltr'>voluntarium</span> <span class='ocrx_word' id='word_1_29' title='bbox 937 299 1090 338; x_wconf 76' lang='lat' dir='ltr'>exparte</span> <span class='ocrx_word' id='word_1_30' title='bbox 1105 295 1272 328; x_wconf 82' lang='lat' dir='ltr'>rationis.</span> 
     </span>
     <span class='ocr_line' id='line_1_5' title="bbox 174 342 1277 377; baseline -0.004 0"><span class='ocrx_word' id='word_1_31' title='bbox 174 362 215 367; x_wconf 90' lang='lat'>-—</span> <span class='ocrx_word' id='word_1_32' title='bbox 234 345 259 376; x_wconf 93' lang='lat'>1.</span> <span class='ocrx_word' id='word_1_33' title='bbox 283 345 330 376; x_wconf 91' lang='lat' dir='ltr'>De</span> <span class='ocrx_word' id='word_1_34' title='bbox 356 350 480 377; x_wconf 89' lang='lat' dir='ltr'>natura</span> <span class='ocrx_word' id='word_1_35' title='bbox 507 344 703 377; x_wconf 87' lang='lat' dir='ltr'>voluntarii.</span> <span class='ocrx_word' id='word_1_36' title='bbox 728 361 767 367; x_wconf 80' lang='lat'>—</span> <span class='ocrx_word' id='word_1_37' title='bbox 792 345 835 376; x_wconf 88' lang='lat'>11.</span> <span class='ocrx_word' id='word_1_38' title='bbox 860 343 1051 376; x_wconf 83' lang='lat' dir='ltr'>Divisiones</span> <span class='ocrx_word' id='word_1_39' title='bbox 1078 342 1277 375; x_wconf 77' lang='lat' dir='ltr'>voluntarii.</span> 
     </span>
     <span class='ocr_line' id='line_1_6' title="bbox 175 390 1276 433; baseline -0.003 -11"><span class='ocrx_word' id='word_1_40' title='bbox 175 408 213 414; x_wconf 80' lang='lat'><em>—</em></span> <span class='ocrx_word' id='word_1_41' title='bbox 231 391 289 422; x_wconf 92' lang='lat' dir='ltr'>III.</span> <span class='ocrx_word' id='word_1_42' title='bbox 306 390 457 430; x_wconf 77' lang='lat' dir='ltr'>Quaestio</span> <span class='ocrx_word' id='word_1_43' title='bbox 473 390 594 431; x_wconf 85' lang='lat' dir='ltr'>prima.</span> <span class='ocrx_word' id='word_1_44' title='bbox 612 408 653 414; x_wconf 79' lang='lat'>—-</span> <span class='ocrx_word' id='word_1_45' title='bbox 670 391 724 422; x_wconf 93' lang='lat' dir='ltr'>IV.</span> <span class='ocrx_word' id='word_1_46' title='bbox 741 391 938 433; x_wconf 81' lang='lat' dir='ltr'>Ignorantia</span> <span class='ocrx_word' id='word_1_47' title='bbox 956 390 1192 423; x_wconf 82' lang='lat' dir='ltr'>concomitans</span> <span class='ocrx_word' id='word_1_48' title='bbox 1208 397 1276 420; x_wconf 94' lang='lat' dir='ltr'>non</span> 
     </span>
     <span class='ocr_line' id='line_1_7' title="bbox 174 437 1275 477; baseline -0.003 -8"><span class='ocrx_word' id='word_1_49' title='bbox 174 437 255 470; x_wconf 77' lang='lat' dir='ltr'>facit</span> <span class='ocrx_word' id='word_1_50' title='bbox 285 437 570 470; x_wconf 85' lang='lat' dir='ltr'>involuntarium.</span> <span class='ocrx_word' id='word_1_51' title='bbox 590 456 628 461; x_wconf 87' lang='lat'>——</span> <span class='ocrx_word' id='word_1_52' title='bbox 655 438 694 470; x_wconf 87' lang='lat' dir='ltr'>V.</span> <span class='ocrx_word' id='word_1_53' title='bbox 727 438 924 477; x_wconf 75' lang='lat' dir='ltr'>Ignorantia</span> <span class='ocrx_word' id='word_1_54' title='bbox 958 445 1175 476; x_wconf 79' lang='lat' dir='ltr'>consequens</span> <span class='ocrx_word' id='word_1_55' title='bbox 1207 443 1275 467; x_wconf 90' lang='lat' dir='ltr'>non</span> 
     </span>
     <span class='ocr_line' id='line_1_8' title="bbox 174 484 1277 526; baseline -0.003 -10"><span class='ocrx_word' id='word_1_56' title='bbox 174 490 294 516; x_wconf 88' lang='lat' dir='ltr'>causat</span> <span class='ocrx_word' id='word_1_57' title='bbox 305 484 592 517; x_wconf 87' lang='lat' dir='ltr'>involuntarium.</span> <span class='ocrx_word' id='word_1_58' title='bbox 609 503 647 508; x_wconf 89' lang='lat'>——</span> <span class='ocrx_word' id='word_1_59' title='bbox 658 485 717 516; x_wconf 90' lang='lat' dir='ltr'>VI.</span> <span class='ocrx_word' id='word_1_60' title='bbox 730 484 928 526; x_wconf 82' lang='lat' dir='ltr'>Ignorantia</span> <span class='ocrx_word' id='word_1_61' title='bbox 940 484 1148 516; x_wconf 77' lang='lat' dir='ltr'>antecedens</span> <span class='ocrx_word' id='word_1_62' title='bbox 1157 487 1277 516; x_wconf 83' lang='lat' dir='ltr'>causat</span> 
     </span>
     <span class='ocr_line' id='line_1_9' title="bbox 173 531 1277 573; baseline -0.002 -9"><span class='ocrx_word' id='word_1_63' title='bbox 173 532 376 573; x_wconf 87' lang='lat' dir='ltr'>simpliciter</span> <span class='ocrx_word' id='word_1_64' title='bbox 407 532 691 564; x_wconf 86' lang='lat' dir='ltr'>involuntarium.</span> <span class='ocrx_word' id='word_1_65' title='bbox 724 550 765 555; x_wconf 84' lang='lat'>-</span> <span class='ocrx_word' id='word_1_66' title='bbox 794 532 869 564; x_wconf 92' lang='lat' dir='ltr'>VII.</span> <span class='ocrx_word' id='word_1_67' title='bbox 903 531 1054 570; x_wconf 84' lang='lat' dir='ltr'>Quaestio</span> <span class='ocrx_word' id='word_1_68' title='bbox 1084 531 1204 563; x_wconf 85' lang='lat' dir='ltr'>altera.</span> <span class='ocrx_word' id='word_1_69' title='bbox 1242 548 1277 554; x_wconf 93' lang='lat'><em>-</em></span> 
     </span>
     <span class='ocr_line' id='line_1_10' title="bbox 174 578 1277 612; baseline -0.003 0"><span class='ocrx_word' id='word_1_70' title='bbox 174 579 266 612; x_wconf 86' lang='lat' dir='ltr'>VIII.</span> <span class='ocrx_word' id='word_1_71' title='bbox 281 579 449 612; x_wconf 83' lang='lat' dir='ltr'>Voluntas</span> <span class='ocrx_word' id='word_1_72' title='bbox 466 579 669 612; x_wconf 82' lang='lat' dir='ltr'>discordans</span> <span class='ocrx_word' id='word_1_73' title='bbox 685 588 704 611; x_wconf 89' lang='lat' dir='ltr'>a</span> <span class='ocrx_word' id='word_1_74' title='bbox 719 579 852 611; x_wconf 87' lang='lat' dir='ltr'>ratione</span> <span class='ocrx_word' id='word_1_75' title='bbox 866 579 939 611; x_wconf 89' lang='lat' dir='ltr'>sive</span> <span class='ocrx_word' id='word_1_76' title='bbox 952 583 1045 612; x_wconf 88' lang='lat' dir='ltr'>recta</span> <span class='ocrx_word' id='word_1_77' title='bbox 1056 578 1126 611; x_wconf 91' lang='lat' dir='ltr'>sive</span> <span class='ocrx_word' id='word_1_78' title='bbox 1140 583 1277 610; x_wconf 79' lang='lat' dir='ltr'>errante</span> 
     </span>
     <span class='ocr_line' id='line_1_11' title="bbox 174 626 1277 667; baseline -0.002 -9"><span class='ocrx_word' id='word_1_79' title='bbox 174 635 311 667; x_wconf 81' lang='lat' dir='ltr'><strong>semper</strong></span> <span class='ocrx_word' id='word_1_80' title='bbox 326 630 378 659; x_wconf 86' lang='lat' dir='ltr'>est</span> <span class='ocrx_word' id='word_1_81' title='bbox 390 626 568 660; x_wconf 82' lang='lat' dir='ltr'>moraliter</span> <span class='ocrx_word' id='word_1_82' title='bbox 583 627 683 658; x_wconf 87' lang='lat' dir='ltr'>mala.</span> <span class='ocrx_word' id='word_1_83' title='bbox 702 645 743 649; x_wconf 91' lang='lat'>—</span> <span class='ocrx_word' id='word_1_84' title='bbox 761 627 817 659; x_wconf 86' lang='lat' dir='ltr'>IX.</span> <span class='ocrx_word' id='word_1_85' title='bbox 834 626 997 658; x_wconf 84' lang='lat' dir='ltr'>Attamen</span> <span class='ocrx_word' id='word_1_86' title='bbox 1014 626 1175 658; x_wconf 86' lang='lat' dir='ltr'>voluntas</span> <span class='ocrx_word' id='word_1_87' title='bbox 1195 633 1277 657; x_wconf 92' lang='lat' dir='ltr'>con-</span> 
     </span>
     <span class='ocr_line' id='line_1_12' title="bbox 172 672 1275 713; baseline -0.002 -7"><span class='ocrx_word' id='word_1_88' title='bbox 172 673 319 706; x_wconf 88' lang='lat' dir='ltr'>cordans</span> <span class='ocrx_word' id='word_1_89' title='bbox 346 673 472 706; x_wconf 89' lang='lat' dir='ltr'>rationi</span> <span class='ocrx_word' id='word_1_90' title='bbox 493 674 619 706; x_wconf 85' lang='lat' dir='ltr'>erranti</span> <span class='ocrx_word' id='word_1_91' title='bbox 639 682 708 705; x_wconf 93' lang='lat' dir='ltr'>non</span> <span class='ocrx_word' id='word_1_92' title='bbox 732 682 868 713; x_wconf 83' lang='lat' dir='ltr'>semper</span> <span class='ocrx_word' id='word_1_93' title='bbox 887 677 939 705; x_wconf 91' lang='lat' dir='ltr'>est</span> <span class='ocrx_word' id='word_1_94' title='bbox 964 673 1066 713; x_wconf 89' lang='lat' dir='ltr'>bona,</span> <span class='ocrx_word' id='word_1_95' title='bbox 1087 681 1162 711; x_wconf 88' lang='lat' dir='ltr'>seu,</span> <span class='ocrx_word' id='word_1_96' title='bbox 1183 672 1275 713; x_wconf 88' lang='lat' dir='ltr'>quod</span> 
     </span>
     <span class='ocr_line' id='line_1_13' title="bbox 172 720 1274 761; baseline -0.001 -9"><span class='ocrx_word' id='word_1_97' title='bbox 172 721 264 754; x_wconf 88' lang='lat' dir='ltr'>idem</span> <span class='ocrx_word' id='word_1_98' title='bbox 294 724 358 761; x_wconf 92' lang='lat' dir='ltr'>est,</span> <span class='ocrx_word' id='word_1_99' title='bbox 377 720 587 753; x_wconf 88' lang='lat' dir='ltr'>conscientia</span> <span class='ocrx_word' id='word_1_100' title='bbox 618 729 761 753; x_wconf 88' lang='lat' dir='ltr'>erronea</span> <span class='ocrx_word' id='word_1_101' title='bbox 792 729 860 752; x_wconf 90' lang='lat' dir='ltr'>non</span> <span class='ocrx_word' id='word_1_102' title='bbox 892 728 1031 760; x_wconf 86' lang='lat' dir='ltr'>semper</span> <span class='ocrx_word' id='word_1_103' title='bbox 1058 724 1209 752; x_wconf 84' lang='lat' dir='ltr'>excusat.</span> <span class='ocrx_word' id='word_1_104' title='bbox 1237 737 1274 741; x_wconf 95' lang='lat'><strong>—</strong></span> 
     </span>
     <span class='ocr_line' id='line_1_14' title="bbox 172 766 1378 800; baseline -0.003 0"><span class='ocrx_word' id='word_1_105' title='bbox 172 769 212 800; x_wconf 83' lang='lat' dir='ltr'>X.</span> <span class='ocrx_word' id='word_1_106' title='bbox 233 767 385 800; x_wconf 79' lang='lat' dir='ltr'>Solvitur</span> <span class='ocrx_word' id='word_1_107' title='bbox 410 766 594 799; x_wconf 82' lang='lat' dir='ltr'>difficultas</span> <span class='ocrx_word' id='word_1_108' title='bbox 599 789 1270 800; x_wconf 87' lang='grc'><strong>.............</strong></span> <span class='ocrx_word' id='word_1_109' title='bbox 1340 766 1378 797; x_wconf 72' lang='grc'>84</span> 
     </span>
    </p>
   </div>
   <div class='ocr_carea' id='block_1_4' title="bbox 90 825 1378 1094">
    <p class='ocr_par' dir='ltr' id='par_1_4' title="bbox 90 825 1276 963">
     <span class='ocr_line' id='line_1_15' title="bbox 90 825 1276 869; baseline -0.003 -10"><span class='ocrx_word' id='word_1_110' title='bbox 90 829 169 860; x_wconf 65' lang='grc' dir='ltr'>ΛΒΤ.</span> <span class='ocrx_word' id='word_1_111' title='bbox 193 826 232 859; x_wconf 86' lang='lat' dir='ltr'>V.</span> <span class='ocrx_word' id='word_1_112' title='bbox 247 826 297 859; x_wconf 84' lang='lat' dir='ltr'>De</span> <span class='ocrx_word' id='word_1_113' title='bbox 315 826 360 858; x_wconf 82' lang='lat' dir='ltr'>iis</span> <span class='ocrx_word' id='word_1_114' title='bbox 379 835 457 869; x_wconf 83' lang='lat' dir='ltr'>quoe</span> <span class='ocrx_word' id='word_1_115' title='bbox 476 826 514 858; x_wconf 80' lang='lat' dir='ltr'>in</span> <span class='ocrx_word' id='word_1_116' title='bbox 533 826 779 858; x_wconf 80' lang='lat' dir='ltr'>voluntarium</span> <span class='ocrx_word' id='word_1_117' title='bbox 799 826 958 867; x_wconf 76' lang='lat' dir='ltr'>influunt</span> <span class='ocrx_word' id='word_1_118' title='bbox 978 834 1020 857; x_wconf 75' lang='lat' dir='ltr'>ex</span> <span class='ocrx_word' id='word_1_119' title='bbox 1041 828 1144 866; x_wconf 82' lang='lat' dir='ltr'>parte</span> <span class='ocrx_word' id='word_1_120' title='bbox 1163 825 1276 865; x_wconf 78' lang='lat' dir='ltr'>ipsius</span> 
     </span>
     <span class='ocr_line' id='line_1_16' title="bbox 170 872 1276 907; baseline -0.003 -1"><span class='ocrx_word' id='word_1_121' title='bbox 170 873 375 907; x_wconf 80' lang='lat' dir='ltr'>voluntatis.</span> <span class='ocrx_word' id='word_1_122' title='bbox 389 891 430 897; x_wconf 88' lang='lat'>—</span> <span class='ocrx_word' id='word_1_123' title='bbox 447 874 470 906; x_wconf 85' lang='lat'>1.</span> <span class='ocrx_word' id='word_1_124' title='bbox 485 874 727 906; x_wconf 82' lang='lat' dir='ltr'>Praenotanda.</span> <span class='ocrx_word' id='word_1_125' title='bbox 748 892 787 897; x_wconf 90' lang='lat'><strong>—</strong></span> <span class='ocrx_word' id='word_1_126' title='bbox 805 873 848 905; x_wconf 90' lang='lat'>11.</span> <span class='ocrx_word' id='word_1_127' title='bbox 867 873 905 905; x_wconf 93' lang='lat' dir='ltr'>In</span> <span class='ocrx_word' id='word_1_128' title='bbox 925 872 1103 904; x_wconf 74' lang='lat' dir='ltr'>voluntate</span> <span class='ocrx_word' id='word_1_129' title='bbox 1123 873 1276 904; x_wconf 88' lang='lat' dir='ltr'>humana</span> 
     </span>
     <span class='ocr_line' id='line_1_17' title="bbox 171 919 1275 963; baseline -0.003 -9"><span class='ocrx_word' id='word_1_130' title='bbox 171 925 286 963; x_wconf 82' lang='lat' dir='ltr'>potest</span> <span class='ocrx_word' id='word_1_131' title='bbox 297 929 372 953; x_wconf 87' lang='lat' dir='ltr'>esse</span> <span class='ocrx_word' id='word_1_132' title='bbox 387 920 539 953; x_wconf 87' lang='lat' dir='ltr'>habitus.</span> <span class='ocrx_word' id='word_1_133' title='bbox 560 938 601 943; x_wconf 95' lang='lat'>—</span> <span class='ocrx_word' id='word_1_134' title='bbox 620 921 679 952; x_wconf 91' lang='lat'>111.</span> <span class='ocrx_word' id='word_1_135' title='bbox 705 920 850 953; x_wconf 86' lang='lat' dir='ltr'>Habitus</span> <span class='ocrx_word' id='word_1_136' title='bbox 863 919 944 952; x_wconf 93' lang='lat' dir='ltr'>boni</span> <span class='ocrx_word' id='word_1_137' title='bbox 960 924 992 951; x_wconf 86' lang='lat' dir='ltr'>et</span> <span class='ocrx_word' id='word_1_138' title='bbox 1009 919 1148 951; x_wconf 85' lang='lat' dir='ltr'>habitus</span> <span class='ocrx_word' id='word_1_139' title='bbox 1166 919 1275 959; x_wconf 88' lang='lat' dir='ltr'>pravi.</span> 
     </span>
    </p>

    <p class='ocr_par' dir='ltr' id='par_1_5' title="bbox 170 965 1378 1094">
     <span class='ocr_line' id='line_1_18' title="bbox 170 965 1276 1001; baseline -0.003 -1"><span class='ocrx_word' id='word_1_140' title='bbox 170 987 211 992; x_wconf 96' lang='lat'><strong>—</strong></span> <span class='ocrx_word' id='word_1_141' title='bbox 229 967 284 1001; x_wconf 90' lang='lat' dir='ltr'>IV.</span> <span class='ocrx_word' id='word_1_142' title='bbox 309 968 423 1000; x_wconf 84' lang='lat' dir='ltr'>Virtus</span> <span class='ocrx_word' id='word_1_143' title='bbox 438 971 472 999; x_wconf 88' lang='lat' dir='ltr'>et</span> <span class='ocrx_word' id='word_1_144' title='bbox 490 966 627 999; x_wconf 85' lang='lat' dir='ltr'>vitium.</span> <span class='ocrx_word' id='word_1_145' title='bbox 646 985 680 990; x_wconf 88' lang='lat'>—-</span> <span class='ocrx_word' id='word_1_146' title='bbox 696 967 736 998; x_wconf 92' lang='lat' dir='ltr'>V.</span> <span class='ocrx_word' id='word_1_147' title='bbox 760 967 959 1000; x_wconf 89' lang='lat' dir='ltr'>Corollaria.</span> <span class='ocrx_word' id='word_1_148' title='bbox 980 984 1019 991; x_wconf 82' lang='lat'><strong>—</strong></span> <span class='ocrx_word' id='word_1_149' title='bbox 1035 966 1088 997; x_wconf 84' lang='lat' dir='ltr'>VI.</span> <span class='ocrx_word' id='word_1_150' title='bbox 1111 965 1276 998; x_wconf 87' lang='lat' dir='ltr'>Generica</span> 
     </span>
     <span class='ocr_line' id='line_1_19' title="bbox 171 1012 1273 1048; baseline -0.005 0"><span class='ocrx_word' id='word_1_151' title='bbox 171 1015 296 1048; x_wconf 90' lang='lat' dir='ltr'>divisio</span> <span class='ocrx_word' id='word_1_152' title='bbox 314 1015 463 1047; x_wconf 83' lang='lat' dir='ltr'>virtutis.</span> <span class='ocrx_word' id='word_1_153' title='bbox 480 1032 522 1038; x_wconf 91' lang='lat'><strong>—</strong></span> <span class='ocrx_word' id='word_1_154' title='bbox 534 1014 610 1046; x_wconf 89' lang='lat' dir='ltr'>VII.</span> <span class='ocrx_word' id='word_1_155' title='bbox 636 1014 799 1047; x_wconf 88' lang='lat' dir='ltr'>Generica</span> <span class='ocrx_word' id='word_1_156' title='bbox 816 1013 941 1046; x_wconf 87' lang='lat' dir='ltr'>divisio</span> <span class='ocrx_word' id='word_1_157' title='bbox 961 1013 1098 1045; x_wconf 85' lang='lat' dir='ltr'>virtutis</span> <span class='ocrx_word' id='word_1_158' title='bbox 1119 1012 1273 1044; x_wconf 87' lang='lat' dir='ltr'>moralis.</span> 
     </span>
     <span class='ocr_line' id='line_1_20' title="bbox 170 1059 1378 1094; baseline -0.003 0"><span class='ocrx_word' id='word_1_159' title='bbox 170 1081 209 1086; x_wconf 92' lang='lat'>—</span> <span class='ocrx_word' id='word_1_160' title='bbox 225 1062 316 1094; x_wconf 91' lang='lat' dir='ltr'>VIII.</span> <span class='ocrx_word' id='word_1_161' title='bbox 340 1063 388 1094; x_wconf 92' lang='lat' dir='ltr'>De</span> <span class='ocrx_word' id='word_1_162' title='bbox 407 1061 593 1094; x_wconf 85' lang='lat' dir='ltr'>virtutibus</span> <span class='ocrx_word' id='word_1_163' title='bbox 620 1061 855 1094; x_wconf 82' lang='lat' dir='ltr'>cardinalibus</span> <span class='ocrx_word' id='word_1_164' title='bbox 880 1083 1272 1092; x_wconf 90' lang='grc'><strong>........</strong></span> <span class='ocrx_word' id='word_1_165' title='bbox 1338 1059 1378 1090; x_wconf 84' lang='grc'>89</span> 
     </span>
    </p>
   </div>
   <div class='ocr_carea' id='block_1_5' title="bbox 89 1118 1376 1764">
    <p class='ocr_par' dir='ltr' id='par_1_6' title="bbox 89 1118 1376 1764">
     <span class='ocr_line' id='line_1_21' title="bbox 89 1118 1273 1161; baseline -0.003 -7"><span class='ocrx_word' id='word_1_166' title='bbox 89 1122 168 1154; x_wconf 72' lang='grc' dir='ltr'><strong>Αιιτ.</strong></span> <span class='ocrx_word' id='word_1_167' title='bbox 191 1122 243 1153; x_wconf 91' lang='lat' dir='ltr'>Vl.</span> <span class='ocrx_word' id='word_1_168' title='bbox 267 1121 317 1154; x_wconf 82' lang='lat' dir='ltr'>De</span> <span class='ocrx_word' id='word_1_169' title='bbox 331 1120 376 1152; x_wconf 79' lang='lat' dir='ltr'>iis</span> <span class='ocrx_word' id='word_1_170' title='bbox 391 1129 468 1161; x_wconf 83' lang='lat' dir='ltr'>quoe</span> <span class='ocrx_word' id='word_1_171' title='bbox 481 1121 520 1152; x_wconf 83' lang='lat' dir='ltr'>in</span> <span class='ocrx_word' id='word_1_172' title='bbox 536 1120 782 1153; x_wconf 79' lang='lat' dir='ltr'>voluntarium</span> <span class='ocrx_word' id='word_1_173' title='bbox 798 1120 954 1161; x_wconf 76' lang='lat' dir='ltr'>influunt</span> <span class='ocrx_word' id='word_1_174' title='bbox 971 1122 1128 1160; x_wconf 78' lang='lat' dir='ltr'>exparte</span> <span class='ocrx_word' id='word_1_175' title='bbox 1138 1118 1273 1160; x_wconf 79' lang='lat' dir='ltr'>passio·</span> 
     </span>
     <span class='ocr_line' id='line_1_22' title="bbox 171 1167 1275 1208; baseline -0.004 -7"><span class='ocrx_word' id='word_1_176' title='bbox 171 1178 266 1201; x_wconf 82' lang='lat' dir='ltr'>num.</span> <span class='ocrx_word' id='word_1_177' title='bbox 288 1187 325 1191; x_wconf 97' lang='lat'><strong>—</strong></span> <span class='ocrx_word' id='word_1_178' title='bbox 348 1169 372 1199; x_wconf 93' lang='grc'>1.</span> <span class='ocrx_word' id='word_1_179' title='bbox 395 1167 577 1200; x_wconf 85' lang='lat' dir='ltr'>Passiones</span> <span class='ocrx_word' id='word_1_180' title='bbox 592 1168 629 1199; x_wconf 91' lang='lat' dir='ltr'>in</span> <span class='ocrx_word' id='word_1_181' title='bbox 643 1176 679 1200; x_wconf 88' lang='lat' dir='ltr'>se</span> <span class='ocrx_word' id='word_1_182' title='bbox 699 1172 848 1208; x_wconf 83' lang='lat' dir='ltr'>sumptae</span> <span class='ocrx_word' id='word_1_183' title='bbox 865 1176 935 1199; x_wconf 89' lang='lat' dir='ltr'>non</span> <span class='ocrx_word' id='word_1_184' title='bbox 951 1171 1032 1199; x_wconf 90' lang='lat' dir='ltr'>sunt</span> <span class='ocrx_word' id='word_1_185' title='bbox 1048 1175 1161 1207; x_wconf 86' lang='lat' dir='ltr'>neque</span> <span class='ocrx_word' id='word_1_186' title='bbox 1176 1167 1275 1198; x_wconf 83' lang='lat' dir='ltr'>bonae</span> 
     </span>
     <span class='ocr_line' id='line_1_23' title="bbox 171 1213 1275 1256; baseline -0.002 -10"><span class='ocrx_word' id='word_1_187' title='bbox 171 1224 284 1256; x_wconf 87' lang='lat' dir='ltr'>neque</span> <span class='ocrx_word' id='word_1_188' title='bbox 313 1215 414 1247; x_wconf 85' lang='lat' dir='ltr'>malae</span> <span class='ocrx_word' id='word_1_189' title='bbox 451 1214 645 1252; x_wconf 88' lang='lat' dir='ltr'>moraliter,</span> <span class='ocrx_word' id='word_1_190' title='bbox 667 1219 750 1246; x_wconf 88' lang='lat' dir='ltr'>sunt</span> <span class='ocrx_word' id='word_1_191' title='bbox 776 1219 893 1246; x_wconf 88' lang='lat' dir='ltr'>tamen</span> <span class='ocrx_word' id='word_1_192' title='bbox 919 1214 1123 1246; x_wconf 88' lang='lat' dir='ltr'>alterutrum</span> <span class='ocrx_word' id='word_1_193' title='bbox 1162 1213 1275 1253; x_wconf 92' lang='lat' dir='ltr'>prouti</span> 
     </span>
     <span class='ocr_line' id='line_1_24' title="bbox 171 1260 1273 1303; baseline -0.004 -8"><span class='ocrx_word' id='word_1_194' title='bbox 171 1263 353 1303; x_wconf 85' lang='lat' dir='ltr'>subjacent</span> <span class='ocrx_word' id='word_1_195' title='bbox 378 1264 411 1294; x_wconf 91' lang='lat' dir='ltr'>in</span> <span class='ocrx_word' id='word_1_196' title='bbox 439 1262 579 1294; x_wconf 90' lang='lat' dir='ltr'>homine</span> <span class='ocrx_word' id='word_1_197' title='bbox 609 1261 752 1294; x_wconf 88' lang='lat' dir='ltr'>rationis</span> <span class='ocrx_word' id='word_1_198' title='bbox 778 1261 936 1302; x_wconf 89' lang='lat' dir='ltr'>imperio.</span> <span class='ocrx_word' id='word_1_199' title='bbox 955 1262 1056 1293; x_wconf 85' lang='lat'>-11.</span> <span class='ocrx_word' id='word_1_200' title='bbox 1079 1260 1273 1292; x_wconf 85' lang='lat' dir='ltr'>Stoicorum</span> 
     </span>
     <span class='ocr_line' id='line_1_25' title="bbox 171 1308 1275 1351; baseline -0.004 -9"><span class='ocrx_word' id='word_1_201' title='bbox 171 1313 206 1342; x_wconf 84' lang='lat' dir='ltr'>et</span> <span class='ocrx_word' id='word_1_202' title='bbox 222 1309 527 1351; x_wconf 87' lang='lat' dir='ltr'>Peripateticorum</span> <span class='ocrx_word' id='word_1_203' title='bbox 541 1308 721 1341; x_wconf 79' lang='lat' dir='ltr'>sententiae</span> <span class='ocrx_word' id='word_1_204' title='bbox 731 1309 773 1342; x_wconf 81' lang='lat' dir='ltr'>de</span> <span class='ocrx_word' id='word_1_205' title='bbox 784 1308 1017 1349; x_wconf 85' lang='lat' dir='ltr'>passionibus.</span> <span class='ocrx_word' id='word_1_206' title='bbox 1027 1326 1069 1332; x_wconf 98' lang='lat'><strong>—</strong></span> <span class='ocrx_word' id='word_1_207' title='bbox 1082 1308 1141 1339; x_wconf 88' lang='lat'>111.</span> <span class='ocrx_word' id='word_1_208' title='bbox 1157 1308 1275 1346; x_wconf 81' lang='lat' dir='ltr'>Quaes-</span> 
     </span>
     <span class='ocr_line' id='line_1_26' title="bbox 172 1353 1273 1395; baseline -0.005 -6"><span class='ocrx_word' id='word_1_209' title='bbox 172 1356 235 1389; x_wconf 85' lang='lat' dir='ltr'>tio.</span> <span class='ocrx_word' id='word_1_210' title='bbox 264 1375 306 1380; x_wconf 98' lang='lat'><strong>—</strong></span> <span class='ocrx_word' id='word_1_211' title='bbox 330 1356 389 1389; x_wconf 90' lang='lat' dir='ltr'>IV.</span> <span class='ocrx_word' id='word_1_212' title='bbox 423 1355 648 1388; x_wconf 83' lang='lat' dir='ltr'>Praenotanda</span> <span class='ocrx_word' id='word_1_213' title='bbox 681 1355 724 1387; x_wconf 87' lang='lat' dir='ltr'>ad</span> <span class='ocrx_word' id='word_1_214' title='bbox 753 1354 962 1387; x_wconf 88' lang='lat' dir='ltr'>solutionem</span> <span class='ocrx_word' id='word_1_215' title='bbox 1000 1353 1202 1395; x_wconf 84' lang='lat' dir='ltr'>quaestionis</span> <span class='ocrx_word' id='word_1_216' title='bbox 1232 1353 1273 1384; x_wconf 89' lang='lat' dir='ltr'>de</span> 
     </span>
     <span class='ocr_line' id='line_1_27' title="bbox 175 1402 1274 1446; baseline -0.005 -9"><span class='ocrx_word' id='word_1_217' title='bbox 175 1404 470 1446; x_wconf 78' lang='lat' dir='ltr'>concupiscentia.</span> <span class='ocrx_word' id='word_1_218' title='bbox 493 1421 534 1426; x_wconf 90' lang='lat'>—</span> <span class='ocrx_word' id='word_1_219' title='bbox 554 1402 592 1435; x_wconf 91' lang='lat' dir='ltr'>V.</span> <span class='ocrx_word' id='word_1_220' title='bbox 624 1402 908 1443; x_wconf 86' lang='lat' dir='ltr'>Concupiscentia</span> <span class='ocrx_word' id='word_1_221' title='bbox 937 1402 1143 1434; x_wconf 85' lang='lat' dir='ltr'>antecedens</span> <span class='ocrx_word' id='word_1_222' title='bbox 1173 1404 1274 1442; x_wconf 83' lang='lat' dir='ltr'>auget</span> 
     </span>
     <span class='ocr_line' id='line_1_28' title="bbox 174 1447 1273 1490; baseline -0.004 -8"><span class='ocrx_word' id='word_1_223' title='bbox 174 1451 419 1490; x_wconf 80' lang='lat' dir='ltr'>voluntarium,</span> <span class='ocrx_word' id='word_1_224' title='bbox 439 1451 500 1483; x_wconf 80' lang='lat' dir='ltr'>sed</span> <span class='ocrx_word' id='word_1_225' title='bbox 519 1449 644 1482; x_wconf 82' lang='lat' dir='ltr'>minuit</span> <span class='ocrx_word' id='word_1_226' title='bbox 664 1453 698 1481; x_wconf 85' lang='lat' dir='ltr'>et</span> <span class='ocrx_word' id='word_1_227' title='bbox 717 1449 926 1490; x_wconf 85' lang='lat' dir='ltr'>quandoque</span> <span class='ocrx_word' id='word_1_228' title='bbox 943 1449 1046 1481; x_wconf 85' lang='lat' dir='ltr'>etiam</span> <span class='ocrx_word' id='word_1_229' title='bbox 1069 1448 1215 1481; x_wconf 86' lang='lat' dir='ltr'>destruit</span> <span class='ocrx_word' id='word_1_230' title='bbox 1233 1447 1273 1479; x_wconf 88' lang='lat' dir='ltr'>li·</span> 
     </span>
     <span class='ocr_line' id='line_1_29' title="bbox 174 1494 1272 1537; baseline -0.004 -7"><span class='ocrx_word' id='word_1_231' title='bbox 174 1499 306 1530; x_wconf 87' lang='lat' dir='ltr'>berum.</span> <span class='ocrx_word' id='word_1_232' title='bbox 333 1516 370 1521; x_wconf 92' lang='lat'><strong>—</strong></span> <span class='ocrx_word' id='word_1_233' title='bbox 390 1497 449 1531; x_wconf 90' lang='lat' dir='ltr'>VI.</span> <span class='ocrx_word' id='word_1_234' title='bbox 480 1496 764 1537; x_wconf 88' lang='lat' dir='ltr'>Concupiscentia</span> <span class='ocrx_word' id='word_1_235' title='bbox 788 1504 1006 1537; x_wconf 87' lang='lat' dir='ltr'>consequens</span> <span class='ocrx_word' id='word_1_236' title='bbox 1035 1504 1104 1528; x_wconf 89' lang='lat' dir='ltr'>non</span> <span class='ocrx_word' id='word_1_237' title='bbox 1134 1494 1272 1533; x_wconf 85' lang='lat' dir='ltr'>minuit,</span> 
     </span>
     <span class='ocr_line' id='line_1_30' title="bbox 174 1542 1273 1586; baseline -0.005 -9"><span class='ocrx_word' id='word_1_238' title='bbox 174 1545 235 1577; x_wconf 84' lang='lat' dir='ltr'>sed</span> <span class='ocrx_word' id='word_1_239' title='bbox 257 1549 363 1586; x_wconf 85' lang='lat' dir='ltr'>auget</span> <span class='ocrx_word' id='word_1_240' title='bbox 382 1544 545 1584; x_wconf 90' lang='lat' dir='ltr'>liberum,</span> <span class='ocrx_word' id='word_1_241' title='bbox 565 1547 600 1576; x_wconf 82' lang='lat' dir='ltr'>et</span> <span class='ocrx_word' id='word_1_242' title='bbox 618 1548 869 1584; x_wconf 88' lang='lat' dir='ltr'>consequenter</span> <span class='ocrx_word' id='word_1_243' title='bbox 888 1543 1002 1583; x_wconf 90' lang='lat' dir='ltr'>ipsum</span> <span class='ocrx_word' id='word_1_244' title='bbox 1025 1542 1273 1574; x_wconf 82' lang='lat' dir='ltr'>voluntarium.</span> 
     </span>
     <span class='ocr_line' id='line_1_31' title="bbox 174 1589 1274 1624; baseline -0.005 0"><span class='ocrx_word' id='word_1_245' title='bbox 174 1609 214 1616; x_wconf 85' lang='lat'>--</span> <span class='ocrx_word' id='word_1_246' title='bbox 235 1592 308 1624; x_wconf 88' lang='lat' dir='ltr'>VII.</span> <span class='ocrx_word' id='word_1_247' title='bbox 334 1592 447 1624; x_wconf 90' lang='lat' dir='ltr'>Metus</span> <span class='ocrx_word' id='word_1_248' title='bbox 473 1590 581 1624; x_wconf 90' lang='lat' dir='ltr'>notio.</span> <span class='ocrx_word' id='word_1_249' title='bbox 604 1608 644 1614; x_wconf 92' lang='lat'>—-</span> <span class='ocrx_word' id='word_1_250' title='bbox 663 1590 754 1622; x_wconf 86' lang='lat' dir='ltr'>vm.</span> <span class='ocrx_word' id='word_1_251' title='bbox 787 1589 884 1623; x_wconf 88' lang='lat' dir='ltr'>Actio</span> <span class='ocrx_word' id='word_1_252' title='bbox 909 1590 1000 1622; x_wconf 84' lang='lat' dir='ltr'>sacta</span> <span class='ocrx_word' id='word_1_253' title='bbox 1028 1598 1067 1621; x_wconf 85' lang='lat' dir='ltr'>ex</span> <span class='ocrx_word' id='word_1_254' title='bbox 1095 1593 1190 1620; x_wconf 76' lang='lat' dir='ltr'>metu</span> <span class='ocrx_word' id='word_1_255' title='bbox 1222 1593 1274 1620; x_wconf 88' lang='lat' dir='ltr'>est</span> 
     </span>
     <span class='ocr_line' id='line_1_32' title="bbox 174 1635 1274 1680; baseline -0.004 -9"><span class='ocrx_word' id='word_1_256' title='bbox 174 1638 387 1680; x_wconf 79' lang='lat' dir='ltr'>simpliciter,</span> <span class='ocrx_word' id='word_1_257' title='bbox 403 1647 464 1670; x_wconf 91' lang='lat' dir='ltr'>seu</span> <span class='ocrx_word' id='word_1_258' title='bbox 479 1638 594 1679; x_wconf 87' lang='lat' dir='ltr'>quoad</span> <span class='ocrx_word' id='word_1_259' title='bbox 616 1646 652 1669; x_wconf 87' lang='lat' dir='ltr'>se</span> <span class='ocrx_word' id='word_1_260' title='bbox 670 1637 864 1670; x_wconf 80' lang='lat' dir='ltr'>voluntaria</span> <span class='ocrx_word' id='word_1_261' title='bbox 880 1645 888 1676; x_wconf 89' lang='lat'>;</span> <span class='ocrx_word' id='word_1_262' title='bbox 903 1636 1062 1677; x_wconf 86' lang='lat' dir='ltr'>quamvis</span> <span class='ocrx_word' id='word_1_263' title='bbox 1082 1635 1274 1668; x_wconf 89' lang='lat' dir='ltr'>secundum</span> 
     </span>
     <span class='ocr_line' id='line_1_33' title="bbox 173 1683 1273 1726; baseline -0.004 -8"><span class='ocrx_word' id='word_1_264' title='bbox 173 1685 270 1726; x_wconf 86' lang='lat' dir='ltr'>quid,</span> <span class='ocrx_word' id='word_1_265' title='bbox 289 1694 349 1718; x_wconf 88' lang='lat' dir='ltr'>seu</span> <span class='ocrx_word' id='word_1_266' title='bbox 373 1685 593 1726; x_wconf 78' lang='lat' dir='ltr'>hypothetice</span> <span class='ocrx_word' id='word_1_267' title='bbox 619 1684 663 1716; x_wconf 88' lang='lat' dir='ltr'>sit</span> <span class='ocrx_word' id='word_1_268' title='bbox 682 1684 929 1716; x_wconf 84' lang='lat' dir='ltr'>involuntaria.</span> <span class='ocrx_word' id='word_1_269' title='bbox 952 1701 993 1706; x_wconf 94' lang='lat'>—</span> <span class='ocrx_word' id='word_1_270' title='bbox 1010 1683 1065 1715; x_wconf 85' lang='lat' dir='ltr'>IX.</span> <span class='ocrx_word' id='word_1_271' title='bbox 1084 1684 1190 1723; x_wconf 82' lang='lat' dir='ltr'>Leges</span> <span class='ocrx_word' id='word_1_272' title='bbox 1214 1691 1273 1723; x_wconf 88' lang='lat' dir='ltr'>po-</span> 
     </span>
     <span class='ocr_line' id='line_1_34' title="bbox 174 1728 1376 1764; baseline -0.003 0"><span class='ocrx_word' id='word_1_273' title='bbox 174 1732 285 1764; x_wconf 83' lang='lat' dir='ltr'>sitivae</span> <span class='ocrx_word' id='word_1_274' title='bbox 304 1732 392 1764; x_wconf 85' lang='lat' dir='ltr'>circa</span> <span class='ocrx_word' id='word_1_275' title='bbox 412 1731 565 1764; x_wconf 89' lang='lat' dir='ltr'>actiones</span> <span class='ocrx_word' id='word_1_276' title='bbox 584 1731 692 1763; x_wconf 73' lang='lat' dir='ltr'>iactas</span> <span class='ocrx_word' id='word_1_277' title='bbox 711 1739 751 1762; x_wconf 87' lang='lat' dir='ltr'>ex</span> <span class='ocrx_word' id='word_1_278' title='bbox 770 1734 866 1762; x_wconf 90' lang='lat' dir='ltr'>metu</span> <span class='ocrx_word' id='word_1_279' title='bbox 882 1751 1272 1761; x_wconf 87' lang='grc'><strong>........</strong></span> <span class='ocrx_word' id='word_1_280' title='bbox 1337 1728 1376 1760; x_wconf 78' lang='grc'>93</span> 
     </span>
    </p>
   </div>
   <div class='ocr_carea' id='block_1_6' title="bbox 515 1842 954 1882">
    <p class='ocr_par' dir='ltr' id='par_1_7' title="bbox 515 1842 954 1882">
     <span class='ocr_line' id='line_1_35' title="bbox 515 1842 954 1882; baseline -0.005 0"><span class='ocrx_word' id='word_1_281' title='bbox 515 1842 683 1882; x_wconf 65' lang='lat' dir='ltr'>CAPUT</span> <span class='ocrx_word' id='word_1_282' title='bbox 724 1842 954 1881; x_wconf 78' lang='lat' dir='ltr'>TERTIUM</span> 
     </span>
    </p>
   </div>
   <div class='ocr_carea' id='block_1_7' title="bbox 144 1922 1325 2029">
    <p class='ocr_par' dir='ltr' id='par_1_8' title="bbox 144 1922 1325 2029">
     <span class='ocr_line' id='line_1_36' title="bbox 144 1922 1325 1956; baseline -0.002 0"><span class='ocrx_word' id='word_1_283' title='bbox 144 1927 194 1956; x_wconf 76' lang='lat' dir='ltr'>DE</span> <span class='ocrx_word' id='word_1_284' title='bbox 218 1924 379 1955; x_wconf 75' lang='lat' dir='ltr'>AC&#39;rmus</span> <span class='ocrx_word' id='word_1_285' title='bbox 412 1924 585 1953; x_wconf 76' lang='lat' dir='ltr'>HUMANIS</span> <span class='ocrx_word' id='word_1_286' title='bbox 616 1924 656 1951; x_wconf 80' lang='lat' dir='ltr'>IN</span> <span class='ocrx_word' id='word_1_287' title='bbox 687 1922 829 1952; x_wconf 82' lang='lat' dir='ltr'><strong>ORDINE</strong></span> <span class='ocrx_word' id='word_1_288' title='bbox 860 1924 910 1951; x_wconf 82' lang='lat' dir='ltr'>AD</span> <span class='ocrx_word' id='word_1_289' title='bbox 943 1924 1077 1952; x_wconf 88' lang='lat' dir='ltr'><strong>EORUM</strong></span> <span class='ocrx_word' id='word_1_290' title='bbox 1103 1924 1325 1954; x_wconf 75' lang='lat' dir='ltr'>PRINCIPIUM</span> 
     </span>
     <span class='ocr_line' id='line_1_37' title="bbox 434 1992 1036 2029; baseline 0 -7"><span class='ocrx_word' id='word_1_291' title='bbox 434 1992 713 2029; x_wconf 71' lang='lat' dir='ltr'>mTRmssscuu,</span> <span class='ocrx_word' id='word_1_292' title='bbox 744 1992 815 2023; x_wconf 78' lang='lat' dir='ltr'>SEU</span> <span class='ocrx_word' id='word_1_293' title='bbox 848 1993 901 2023; x_wconf 74' lang='lat' dir='ltr'>DE</span> <span class='ocrx_word' id='word_1_294' title='bbox 934 1993 1036 2023; x_wconf 72' lang='lat' dir='ltr'><strong>LEGE</strong></span> 
     </span>
    </p>
   </div>
   <div class='ocr_carea' id='block_1_8' title="bbox 92 2084 1374 2125">
    <p class='ocr_par' dir='ltr' id='par_1_9' title="bbox 92 2084 1374 2125">
     <span class='ocr_line' id='line_1_38' title="bbox 92 2084 1374 2125; baseline -0.001 -8"><span class='ocrx_word' id='word_1_295' title='bbox 92 2084 255 2125; x_wconf 80' lang='lat' dir='ltr'>Prologus</span> <span class='ocrx_word' id='word_1_296' title='bbox 298 2104 1295 2118; x_wconf 89' lang='grc'><strong>...................</strong></span> <span class='ocrx_word' id='word_1_297' title='bbox 1338 2084 1374 2116; x_wconf 70' lang='grc' dir='ltr'>θε</span> 
     </span>
    </p>
   </div>
   <div class='ocr_carea' id='block_1_9' title="bbox 93 2141 1375 2421">
    <p class='ocr_par' dir='ltr' id='par_1_10' title="bbox 93 2141 1375 2421">
     <span class='ocr_line' id='line_1_39' title="bbox 93 2141 1276 2185; baseline 0 -10"><span class='ocrx_word' id='word_1_298' title='bbox 93 2146 170 2176; x_wconf 73' lang='lat' dir='ltr'>Am.</span> <span class='ocrx_word' id='word_1_299' title='bbox 181 2144 208 2176; x_wconf 89' lang='lat'>1.</span> <span class='ocrx_word' id='word_1_300' title='bbox 220 2143 269 2175; x_wconf 84' lang='lat' dir='ltr'>De</span> <span class='ocrx_word' id='word_1_301' title='bbox 283 2145 417 2175; x_wconf 85' lang='lat' dir='ltr'>natura</span> <span class='ocrx_word' id='word_1_302' title='bbox 432 2142 518 2185; x_wconf 61' lang='lat' dir='ltr'>legis</span> <span class='ocrx_word' id='word_1_303' title='bbox 529 2145 561 2175; x_wconf 85' lang='lat' dir='ltr'>et</span> <span class='ocrx_word' id='word_1_304' title='bbox 578 2141 802 2184; x_wconf 65' lang='lat' dir='ltr'>legislatoris.</span> <span class='ocrx_word' id='word_1_305' title='bbox 814 2159 856 2166; x_wconf 96' lang='lat'>—</span> <span class='ocrx_word' id='word_1_306' title='bbox 866 2141 897 2175; x_wconf 85' lang='lat'>1.</span> <span class='ocrx_word' id='word_1_307' title='bbox 919 2142 987 2175; x_wconf 85' lang='lat' dir='ltr'>Lex</span> <span class='ocrx_word' id='word_1_308' title='bbox 997 2146 1049 2175; x_wconf 87' lang='lat' dir='ltr'>est</span> <span class='ocrx_word' id='word_1_309' title='bbox 1062 2141 1194 2183; x_wconf 85' lang='lat' dir='ltr'>aliquid</span> <span class='ocrx_word' id='word_1_310' title='bbox 1207 2151 1276 2176; x_wconf 91' lang='lat' dir='ltr'>non</span> 
     </span>
     <span class='ocr_line' id='line_1_40' title="bbox 171 2188 1275 2231; baseline 0.001 -10"><span class='ocrx_word' id='word_1_311' title='bbox 171 2189 361 2222; x_wconf 77' lang='lat' dir='ltr'>voluntatis</span> <span class='ocrx_word' id='word_1_312' title='bbox 387 2189 448 2222; x_wconf 87' lang='lat' dir='ltr'>sed</span> <span class='ocrx_word' id='word_1_313' title='bbox 472 2188 628 2221; x_wconf 88' lang='lat' dir='ltr'>rationis.</span> <span class='ocrx_word' id='word_1_314' title='bbox 649 2206 688 2212; x_wconf 91' lang='lat'>-</span> <span class='ocrx_word' id='word_1_315' title='bbox 708 2188 751 2221; x_wconf 89' lang='lat'>11.</span> <span class='ocrx_word' id='word_1_316' title='bbox 778 2188 877 2221; x_wconf 86' lang='lat' dir='ltr'>Ratio</span> <span class='ocrx_word' id='word_1_317' title='bbox 900 2188 1014 2222; x_wconf 82' lang='lat' dir='ltr'>finalis</span> <span class='ocrx_word' id='word_1_318' title='bbox 1041 2189 1163 2222; x_wconf 87' lang='lat' dir='ltr'>ultima</span> <span class='ocrx_word' id='word_1_319' title='bbox 1189 2190 1275 2231; x_wconf 75' lang='lat' dir='ltr'>legis</span> 
     </span>
     <span class='ocr_line' id='line_1_41' title="bbox 173 2234 1278 2277; baseline 0.001 -10"><span class='ocrx_word' id='word_1_320' title='bbox 173 2241 227 2268; x_wconf 83' lang='lat' dir='ltr'>est</span> <span class='ocrx_word' id='word_1_321' title='bbox 245 2234 382 2269; x_wconf 84' lang='lat' dir='ltr'>&#39;bonum</span> <span class='ocrx_word' id='word_1_322' title='bbox 410 2244 594 2269; x_wconf 89' lang='lat' dir='ltr'>commune</span> <span class='ocrx_word' id='word_1_323' title='bbox 617 2243 750 2273; x_wconf 85' lang='lat' dir='ltr'>eorum,</span> <span class='ocrx_word' id='word_1_324' title='bbox 775 2235 901 2276; x_wconf 86' lang='lat' dir='ltr'>quibus</span> <span class='ocrx_word' id='word_1_325' title='bbox 930 2235 984 2269; x_wconf 85' lang='lat' dir='ltr'>lex</span> <span class='ocrx_word' id='word_1_326' title='bbox 1011 2235 1213 2277; x_wconf 86' lang='lat' dir='ltr'>imponitur.</span> <span class='ocrx_word' id='word_1_327' title='bbox 1235 2254 1278 2260; x_wconf 92' lang='lat'>—</span> 
     </span>
     <span class='ocr_line' id='line_1_42' title="bbox 173 2282 1276 2324; baseline 0 -8"><span class='ocrx_word' id='word_1_328' title='bbox 173 2282 232 2316; x_wconf 91' lang='lat'>111.</span> <span class='ocrx_word' id='word_1_329' title='bbox 253 2283 492 2316; x_wconf 82' lang='lat' dir='ltr'>corollarium.</span> <span class='ocrx_word' id='word_1_330' title='bbox 512 2300 553 2306; x_wconf 93' lang='lat'>——</span> <span class='ocrx_word' id='word_1_331' title='bbox 569 2283 628 2316; x_wconf 88' lang='lat' dir='ltr'>IV.</span> <span class='ocrx_word' id='word_1_332' title='bbox 650 2283 751 2316; x_wconf 89' lang='lat' dir='ltr'>Ratio</span> <span class='ocrx_word' id='word_1_333' title='bbox 781 2283 968 2324; x_wconf 81' lang='lat' dir='ltr'>cujuslibet</span> <span class='ocrx_word' id='word_1_334' title='bbox 999 2283 1170 2317; x_wconf 84' lang='lat' dir='ltr'>individui</span> <span class='ocrx_word' id='word_1_335' title='bbox 1206 2293 1276 2317; x_wconf 92' lang='lat' dir='ltr'>non</span> 
     </span>
     <span class='ocr_line' id='line_1_43' title="bbox 174 2329 1274 2372; baseline 0.002 -10"><span class='ocrx_word' id='word_1_336' title='bbox 174 2333 227 2362; x_wconf 86' lang='lat' dir='ltr'>est</span> <span class='ocrx_word' id='word_1_337' title='bbox 242 2330 366 2364; x_wconf 83' lang='lat' dir='ltr'>factiva</span> <span class='ocrx_word' id='word_1_338' title='bbox 378 2330 479 2369; x_wconf 73' lang='lat' dir='ltr'>legis.</span> <span class='ocrx_word' id='word_1_339' title='bbox 503 2347 543 2355; x_wconf 82' lang='lat'>-</span> <span class='ocrx_word' id='word_1_340' title='bbox 559 2330 600 2363; x_wconf 87' lang='lat' dir='ltr'>V.</span> <span class='ocrx_word' id='word_1_341' title='bbox 619 2330 667 2362; x_wconf 89' lang='lat' dir='ltr'>De</span> <span class='ocrx_word' id='word_1_342' title='bbox 685 2329 770 2372; x_wconf 82' lang='lat' dir='ltr'>legis</span> <span class='ocrx_word' id='word_1_343' title='bbox 783 2330 1075 2372; x_wconf 85' lang='lat' dir='ltr'>promulgatione.</span> <span class='ocrx_word' id='word_1_344' title='bbox 1088 2349 1130 2355; x_wconf 91' lang='lat'><strong>—</strong></span> <span class='ocrx_word' id='word_1_345' title='bbox 1144 2332 1197 2364; x_wconf 79' lang='lat' dir='ltr'>vl.</span> <span class='ocrx_word' id='word_1_346' title='bbox 1211 2331 1274 2364; x_wconf 88' lang='lat' dir='ltr'>Co·</span> 
     </span>
     <span class='ocr_line' id='line_1_44' title="bbox 175 2377 1375 2421; baseline 0.003 -10"><span class='ocrx_word' id='word_1_347' title='bbox 175 2377 323 2411; x_wconf 83' lang='lat' dir='ltr'>rollaria.</span> <span class='ocrx_word' id='word_1_348' title='bbox 345 2395 383 2402; x_wconf 95' lang='lat'><strong>—</strong></span> <span class='ocrx_word' id='word_1_349' title='bbox 407 2378 479 2411; x_wconf 81' lang='lat' dir='ltr'>vll.</span> <span class='ocrx_word' id='word_1_350' title='bbox 502 2377 550 2411; x_wconf 82' lang='lat' dir='ltr'>De</span> <span class='ocrx_word' id='word_1_351' title='bbox 567 2377 732 2420; x_wconf 81' lang='lat' dir='ltr'>qualitate</span> <span class='ocrx_word' id='word_1_352' title='bbox 752 2377 1041 2420; x_wconf 74' lang='lat' dir='ltr'>promulgationis</span> <span class='ocrx_word' id='word_1_353' title='bbox 1056 2377 1158 2421; x_wconf 68' lang='lat' dir='ltr'>legis.</span> <span class='ocrx_word' id='word_1_354' title='bbox 1201 2398 1214 2412; x_wconf 85' lang='lat'>.</span> <span class='ocrx_word' id='word_1_355' title='bbox 1256 2403 1266 2414; x_wconf 90' lang='lat'>.</span> <span class='ocrx_word' id='word_1_356' title='bbox 1331 2380 1375 2415; x_wconf 69' lang='lat' dir='ltr'>ib.</span> 
     </span>
    </p>
   </div>
  </div>
 </body>
</html>
