1554 2569
74 123 137 158 120
162 133 306 161 ETHICA.
323 135 393 161 LIB.
410 136 447 161 11.
469 136 544 162 CAP.
557 137 598 161 111
616 137 658 162 DE
671 136 911 162 ACTIBUSHUM.
930 137 965 162 IN
975 136 1055 162 om).
1072 135 1117 162 AD
1131 135 1265 169 EORUM,
1277 135 1350 162 ETc.

70 204 369 252 imputabilitate
394 211 549 243 actuum
577 208 837 243 humanorum
866 211 1050 253 servetur,
1084 211 1122 243 et
1149 206 1351 254 praemium

69 257 221 302 merito,
245 269 360 306 poena
379 258 566 296 demerito
590 260 783 296 tribuatur
804 271 812 296 ε
839 270 946 296 secus
969 259 1137 296 absurda
1156 262 1254 295 esset
1282 259 1351 293 im-

67 309 290 355 putabilitas
313 312 509 348 actionum
546 312 805 348 humanarum
831 316 869 348 et
894 312 1090 349 distinctio
1116 312 1216 347 inter
1240 311 1352 346 meri-

69 366 151 397 tum
172 367 209 398 et
223 362 468 409 demeritum,
489 365 521 400 si
542 365 701 412 aequalis
725 368 823 401 esset
843 364 1013 402 conditio
1034 364 1131 412 justi
1155 367 1192 400 et
1216 363 1350 410 iniqui.

69 413 169 460 Ergo
206 425 257 451 ex
294 419 431 451 natura
461 420 617 451 actuum
646 416 910 453 humanorum
941 417 1105 454 resultat
1142 417 1355 454 necessitas

68 467 280 503 sanctionis
301 468 399 514 legis
417 468 616 505 naturalis.

124 527 187 562 Ex
205 533 348 565 natura
373 530 465 576 sinis
489 535 641 566 actuum
664 530 930 569 humanorum.
959 533 1067 577 Nam,
1097 537 1139 567 ut
1167 532 1364 579 sapienter

65 580 330 619 ¹ratiocinatur
353 583 554 630 Angelicus
589 583 639 618 111
675 584 818 620 Contra
849 583 992 630 Gentes,
1020 584 1109 632 Cap.
1139 584 1238 629 CXL,
1264 595 1302 621 n.
1325 586 1360 628 2,

65 632 308 680 vubicumque
329 639 386 670 est
406 636 545 682 aliquis
561 635 714 672 debitus
734 635 829 672 ordo
849 636 897 672 ad
916 638 1049 681 finem,
1078 641 1232 684 oportet
1258 636 1361 683 quod

76 683 170 719 ordo
190 685 253 721 ille
276 685 324 721 ad
351 687 469 723 finem
497 687 624 733 ducat,
657 699 828 724 recessus
854 693 983 725 autem
1008 689 1055 724 ab
1082 688 1216 724 ordine
1245 689 1361 723 finem

75 737 266 775 excludat.
292 739 329 774 Si
356 741 460 776 enim
481 746 620 777 natura
648 742 736 777 finis
756 741 989 777 determinat
1016 746 1195 778 naturam
1218 741 1361 777 medio-

74 799 175 834 rum,
198 801 350 828 necesse
377 793 536 829 omnino
566 798 623 829 est
644 798 685 829 ut
705 793 833 830 media
849 794 914 829 illa
943 794 1070 830 debite
1102 793 1276 830 adhibita
1295 793 1362 829 du-

74 847 162 878 cant
182 843 220 879 in
235 844 324 880 finis
342 846 668 891 consecutionem,
686 857 763 882 non
783 846 957 882 adhibita
978 850 1108 882 autem
1135 847 1223 882 finis
1243 847 1362 893 ipsius

74 897 385 933 consecutionem
406 898 625 936 excludant.
648 899 763 945 Atqui
783 899 882 934 Deus
904 899 987 946 lege
1004 903 1154 934 naturae
1171 898 1363 934 ordinavit

74 948 274 985 hominem
295 950 334 985 in
361 951 479 987 finem
515 951 711 995 ultimum,
740 951 805 998 qui
831 956 889 987 est
914 951 1074 996 bonum,
1102 950 1362 987 mediantibus

75 1001 224 1037 actibus
244 1001 426 1039 humanis
446 1003 775 1050 consequendum.
794 1004 893 1051 Ergo
908 1004 939 1039 si
958 1014 1027 1051 per
1043 1007 1151 1040 actus
1170 1003 1362 1039 humanos

76 1053 171 1089 ordo
192 1054 231 1089 in
250 1055 368 1090 finem
383 1060 483 1092 recte
504 1056 554 1092 sit
574 1057 738 1103 positus,
759 1066 910 1092 necesse
928 1060 985 1092 est
1004 1061 1047 1091 ut
1064 1055 1242 1092 homines
1262 1056 1362 1092 ince-

73 1105 209 1142 dentes
233 1117 301 1154 per
323 1107 432 1143 illum
457 1108 631 1144 ordinem
661 1119 728 1156 per
752 1109 911 1144 virtutes
936 1108 1102 1144 morales
1129 1109 1246 1144 finem
1275 1108 1362 1143 ulti-

73 1168 181 1193 mum
222 1159 342 1206 ipsius
368 1160 527 1205 ordinis,
561 1171 699 1208 nempe
728 1161 875 1197 honum
907 1170 1133 1207 supremum
1169 1160 1272 1206 quod
1305 1165 1363 1196 est

75 1211 154 1257 ipse
174 1211 290 1255 Deus,
319 1218 604 1260 consequantur
626 1224 633 1249 ε
663 1217 701 1249 et
720 1213 793 1249 hoc
813 1218 871 1249 est
895 1213 1115 1260 praerniari;
1142 1212 1363 1249 recedentes

76 1267 207 1299 autem
228 1264 275 1300 ab
294 1264 359 1300 illo
381 1265 514 1302 ordine
532 1276 601 1313 per
611 1270 825 1313 peccatum,
842 1275 864 1301 a
880 1266 956 1301 fine
973 1265 1066 1301 boni
1081 1263 1335 1301 excludantur
1350 1275 1359 1300 ι

75 1315 179 1361 quod
200 1321 257 1352 est
286 1318 428 1364 puniri.
456 1317 581 1365 Igitur
604 1319 692 1354 finis
725 1319 805 1365 ipse
835 1322 992 1354 actuum
1018 1317 1280 1353 humanorum
1307 1327 1362 1352 re-

76 1368 194 1413 quirit
214 1370 427 1405 necessario
446 1371 684 1406 sanctionem
702 1370 797 1417 legis
817 1373 980 1406 naturae.
1003 1389 1048 1396 -
1067 1369 1169 1405 Alias
1192 1369 1363 1405 rationes

76 1420 162 1456 vide
177 1421 279 1468 apud
302 1421 338 1459 S.
362 1422 565 1467 Thomam,
589 1423 656 1469 Op.
679 1427 717 1458 et
743 1423 812 1458 loc.
835 1424 900 1459 cit.
932 1439 993 1447 —
1053 1448 1081 1451 ἡ
1107 1441 1118 1459 η
1148 1436 1221 1442 <2⁷

125 1498 178 1533 111
203 1498 426 1536 corollaria.
454 1518 498 1525 —
521 1498 781 1535 Corollarium
794 1498 979 1545 primum.
1010 1499 1164 1535 Sanctio
1183 1499 1278 1546 legis
1300 1510 1364 1535 na-

79 1550 215 1586 turalis
234 1550 396 1586 alteram
416 1551 536 1587 vitam
557 1551 803 1598 potissimum
824 1552 979 1599 respicit
1000 1552 1055 1596 (T.
1080 1553 1137 1596 31,
1158 1552 1222 1587 VII
1243 1551 1291 1588 ad
1311 1553 1360 1596 4).

78 1603 242 1638 Virtutes
257 1603 361 1638 enim
381 1607 471 1638 sunt
487 1603 616 1639 media
633 1614 701 1650 per
721 1614 759 1639 se
780 1608 818 1639 et
835 1604 960 1650 primo
983 1603 1161 1640 ordinata
1176 1603 1225 1640 ad
1245 1605 1362 1640 finem

79 1655 258 1690 ultimum
294 1659 480 1702 tanquam
510 1655 558 1691 ad
587 1666 721 1691 eorum
755 1657 983 1701 terminum
1020 1657 1118 1693 sicut
1152 1657 1243 1692 vitia
1274 1662 1364 1692 sunt

79 1706 205 1743 media
225 1717 311 1753 quae
327 1718 394 1754 per
412 1718 451 1743 se
472 1712 509 1743 et
544 1709 670 1754 primo
691 1719 713 1743 a
740 1709 816 1744 fine
837 1708 1059 1746 excludunt.
1097 1709 1198 1744 Finis
1233 1713 1362 1745 autem

78 1759 237 1794 ultimus
255 1769 331 1794 non
352 1759 518 1795 habetur
537 1760 584 1796 ab
608 1759 765 1796 homine
788 1761 827 1795 in
848 1761 921 1796 hac
940 1761 1019 1796 vita
1049 1771 1135 1808 quae
1158 1765 1216 1797 est
1233 1761 1296 1796 vta
1314 1761 1363 1797 ad

79 1812 288 1847 terminum
318 1813 366 1856 (7,
397 1812 459 1857 11).
486 1812 609 1859 Igitur
629 1817 666 1848 et
692 1813 838 1848 sanctio
867 1812 962 1859 legis
991 1813 1176 1849 naturalis
1202 1812 1363 1849 alteram

77 1864 197 1900 vitam
218 1864 466 1911 potissimum
486 1864 655 1911 respicit.

128 1934 386 1971 Corollarium
402 1934 577 1972 alterum.
590 1934 744 1971 Sanctio
763 1934 858 1982 legis
871 1934 1057 1970 naturalis
1069 1935 1261 1982 praecipue
1275 1945 1364 1972 con·

78 1986 179 2022 sistit
197 1987 237 2022 in
257 1987 528 2023 consecutione
547 1986 606 2023 vel
622 1987 830 2023 amissione
850 1987 978 2022 ultimi
995 1987 1097 2030 finis,
1117 1997 1256 2035 nempe
1272 1988 1358 2025 Dei.

81 2037 261 2085 Sequitur
287 2049 333 2074 ex
360 2039 600 2085 praecedente
631 2039 847 2076 corollario.
878 2038 916 2075 Si
936 2039 1039 2075 enim
1065 2043 1172 2075 actus
1203 2039 1365 2077 humani

79 2090 335 2127 essentialiter
364 2091 595 2127 ordinantur
625 2091 674 2128 ad
711 2093 830 2128 finem
870 2092 1066 2136 ultimum,
1099 2092 1166 2138 qui
1197 2096 1255 2127 est
1282 2093 1363 2139 ipse

77 2142 191 2188 Deus,
227 2153 382 2179 necesse
403 2147 473 2189 est,
494 2144 634 2180 ultima
653 2144 800 2180 sanctio
821 2143 916 2191 legis
937 2143 977 2179 in
1002 2144 1079 2179 fine
1113 2143 1234 2191 ipsius
1268 2143 1364 2191 legis

79 2196 276 2239 consistat,
294 2206 432 2242 nempe
452 2200 496 2232 ut
512 2195 714 2232 tendentes
739 2195 788 2233 ad
813 2197 931 2232 finem
951 2205 1020 2243 per
1037 2195 1198 2232 virtutes
1225 2206 1363 2232 secun-

80 2247 173 2284 dum
193 2248 288 2296 legis
299 2248 525 2295 praescripta
538 2248 820 2285 beatitudinem
841 2251 1140 2294 consequantur,
1152 2252 1365 2285 avertentes

82 2304 211 2337 autem
233 2311 273 2337 se
298 2311 321 2337 a
339 2301 416 2336 fine
443 2311 513 2348 per
539 2301 677 2337 vitium
704 2300 943 2338 beatitudine
970 2299 1217 2346 frustrentur,
1246 2304 1289 2336 ut
1317 2311 1364 2337 ex

83 2353 196 2391 tertia
213 2353 251 2391 S.
270 2353 429 2390 Thomae
450 2353 599 2390 ratione
617 2357 675 2390 est
694 2353 957 2393 manifestum.
