1584 2569
365 128 446 155 Ant.
474 129 529 154 111.
556 128 601 155 m:
626 126 870 155 Aneromuu
895 126 1033 153 socuu
1311 114 1379 150 235

95 205 212 238 tatem
232 200 447 248 publicam3
469 202 507 235 5⁰
534 211 624 248 ergo
658 201 697 236 in
725 199 974 236 multitudine
1000 202 1058 234 est
1073 201 1255 246 potestas,
1275 201 1318 232 ut
1340 197 1380 233 in

94 253 281 301 principio
298 263 366 290 seu
388 253 538 300 objecto
558 253 829 290 determinante
860 262 1064 300 personam
1089 261 1156 287 seu
1182 259 1377 298 personas,

93 315 180 353 quae
194 310 382 354 potestate
400 306 473 342 sibi
490 316 512 342 a
527 305 604 342 Deo
622 306 773 350 collata,
792 304 1071 353 rempublicam
1088 303 1316 352 gubernant.
1336 320 1381 327 -—

94 359 198 396 Hanc
215 369 296 395 esse
315 362 484 396 mentem
508 359 717 395 Doctorum
744 357 905 403 Scholae,
924 361 1068 405 aperte,
1090 357 1129 392 ni
1150 356 1273 400 fallor,
1295 365 1381 403 pro·

92 410 187 448 bant
204 411 320 448 verba
336 421 422 459 quae
438 422 555 460 supra
573 423 610 448 n.
629 411 712 448 VIII
731 411 843 448 retuli
860 422 906 448 ex
923 410 1091 447 Victoria
1107 414 1144 446 et
1164 409 1378 456 sequentia,

92 475 179 512 quae
194 464 262 512 Op.
281 469 318 501 et
330 464 464 502 Rclecc.
480 465 544 501 cit.
563 476 601 501 n.
621 466 642 501 8
656 464 772 501 habet
788 463 891 501 idem
904 465 1047 501 Auctor
1064 473 1072 499 :
1094 476 1112 496 ι(
1129 463 1218 507 Nos,
1240 462 1379 509 inquit,

93 527 182 554 cum
199 517 378 554 omnibus
394 517 631 566 sapientibus
651 517 788 555 melius
803 516 979 561 dicimus,
998 515 1280 559 monarchiam,
1302 515 1381 551 sive

94 570 240 618 regiam
259 574 488 617 potestatem
507 580 585 607 non
605 570 730 607 solum
747 571 895 618 justam
915 580 996 606 esse
1013 573 1051 606 et
1067 569 1297 617 legitimam.
1314 567 1382 604 sed

93 623 179 659 dico
199 633 307 671 reges
323 623 394 669 (vel
411 634 641 671 quocumque
664 623 746 660 alio
764 623 875 660 titulo
895 622 1119 670 reipublicae
1129 621 1379 669 praesideant)

94 676 211 712 etiam
232 686 255 712 a
263 676 350 723 ,iure
364 675 494 712 divino
516 681 554 712 et
574 676 741 713 naturali
762 676 901 713 habere
923 680 1166 724 potestatem,
1181 679 1218 710 et
1235 685 1311 709 non
1333 674 1379 709 ab

96 729 179 775 ipsa
197 727 416 775 Republica,
443 733 510 765 aut
523 737 681 776 prorsus
691 729 738 765 ab
759 728 993 765 hominibus.
1027 742 1043 761 ι
1072 748 1117 754 -
1144 728 1185 763 ln
1206 726 1381 762 multitu-

95 780 184 818 dine
200 780 319 828 igitur
337 784 380 816 ut
399 781 438 817 in
458 781 630 829 subjecto
648 792 725 818 non
748 785 805 817 est
824 785 994 829 potestas
1010 793 1019 826 3
1041 785 1079 817 et
1099 785 1227 816 tamen
1241 780 1383 814 Auctor

94 831 203 870 addit
228 831 332 880 quod
364 838 467 870 creat
497 833 727 880 respublica,
758 844 835 870 non
858 838 1095 880 potestatem,
1132 831 1198 869 sed
1235 832 1379 878 Reyem,

95 895 233 933 nempe
253 884 554 922 determinatum
580 886 810 934 subJectum.
832 886 922 922 Vult
947 897 1037 934 ergo
1062 886 1101 921 in
1133 883 1383 921 multitudine

95 949 174 975 esse
193 948 271 975 non
288 942 518 986 potestatem
539 938 838 976 determinatam
855 943 898 975 ut
916 940 954 975 in
969 939 1155 986 subjecto,
1173 937 1239 973 sed
1260 941 1382 984 potes-

95 995 214 1029 tatem
244 989 529 1028 determinandi
554 991 772 1039 subjectum
793 992 960 1039 politicae
982 991 1239 1028 auctoritatis.
1265 1009 1310 1016 -—
1327 989 1381 1024 Cf.

94 1043 325 1088 Liberatore,
338 1043 409 1081 Jus
427 1045 570 1081 sociale
589 1044 680 1092 Cap.
700 1044 764 1089 111,
785 1045 899 1081 Artic.
922 1045 954 1080 11
971 1056 979 1089 ;
1001 1043 1203 1091 Taparelli,
1236 1042 1383 1088 Sayyio

94 1097 138 1132 di
160 1095 297 1133 diritto
318 1097 509 1141 naturale,
537 1101 630 1134 nota
652 1097 810 1141 LXX1X;
839 1097 1009 1141 Audisio,
1037 1097 1147 1133 luris
1173 1099 1325 1132 naturoe
1350 1099 1383 1130 et

94 1149 275 1195 ymnum,
296 1149 376 1185 Lib.
398 1149 462 1194 111,
485 1149 613 1186 Titulo
631 1149 696 1194 111,
719 1161 757 1186 n.
778 1150 821 1185 X.

141 1201 186 1239 X.
201 1200 367 1248 Qwstio
383 1202 517 1240 tertia.
532 1203 749 1239 Auctoritas
764 1202 885 1239 civilis
900 1213 977 1239 non
994 1207 1051 1239 est
1061 1213 1107 1238 ex
1122 1202 1243 1238 libero
1258 1200 1381 1236 homi-

94 1264 190 1290 num
210 1257 320 1301 pacto
343 1251 413 1288 sed
431 1251 660 1289 immediate
676 1261 698 1287 a
718 1251 816 1296 Deo3
836 1251 1000 1298 insuper
1019 1250 1239 1298 subjectum
1258 1256 1387 1288 aucto-

93 1306 217 1343 ritatis
237 1315 315 1341 non
335 1309 461 1353 potest
481 1315 565 1341 esse
584 1303 805 1341 multitudo.
823 1303 912 1340 Haeo
930 1304 1006 1339 duo
1020 1308 1153 1340 contra
1167 1303 1386 1340 rationalis·

93 1365 150 1396 tas
170 1358 375 1406 hueusque
395 1357 763 1394 demonstravimus.
781 1355 896 1403 Atqui
913 1355 1131 1403 subjectum
1146 1356 1386 1393 auctoritatis

96 1409 135 1445 in
154 1408 335 1446 societate
354 1408 611 1447 determinata
629 1409 742 1447 debet
758 1420 839 1447 esse
858 1409 1158 1447 determinatum
1179 1414 1216 1446 et
1232 1419 1382 1446 concre-

99 1466 196 1506 tum,
228 1462 320 1508 quia
343 1462 580 1499 abstractum
614 1467 652 1499 et
686 1462 1026 1500 indeterminatum
1060 1474 1137 1500 non
1166 1464 1315 1508 existit3
1346 1466 1385 1500 et

99 1519 228 1551 tamen
247 1513 376 1551 nullus
394 1514 512 1551 homo
532 1520 676 1552 natura
696 1527 768 1553 sua
791 1517 965 1564 superior
985 1516 1150 1564 juridice
1174 1521 1231 1552 est
1253 1516 1382 1552 multi-

98 1566 244 1613 tudine,
262 1577 386 1614 neque
407 1568 472 1615 Jus
496 1569 810 1606 auctoritativum
837 1569 953 1606 habet
980 1570 1102 1617 ipsam
1129 1568 1382 1617 gubernandi.

98 1619 296 1657 Undenam
327 1631 418 1669 ergo
442 1621 591 1667 factum
621 1632 698 1670 quo
724 1627 792 1659 aut
818 1633 918 1660 unus
946 1627 1013 1659 aut
1045 1623 1172 1670 plures
1206 1622 1383 1658 homines

96 1673 381 1710 constituantur
410 1674 449 1710 in
469 1674 676 1722 Republica
701 1676 917 1724 principes?
942 1677 998 1713 En
1029 1676 1206 1724 quaestio.
1233 1676 1279 1712 Et
1298 1675 1383 1712 dico

98 1725 240 1762 factum
260 1736 268 1761 :
294 1726 385 1773 quia
407 1731 546 1763 natura
564 1729 820 1765 necessitatem
844 1729 1058 1765 existentiae
1077 1728 1196 1776 hujus
1215 1728 1274 1764 vel
1293 1717 1383 1765 ὧτε-

100 1777 183 1813 rius
201 1778 384 1826 principis
411 1778 656 1816 determinati
682 1791 760 1817 non
786 1780 1026 1828 suppeditat3
1056 1785 1094 1817 et
1115 1781 1206 1817 hinc
1225 1780 1385 1828 praefata

100 1830 303 1867 existentia
321 1830 503 1867 subaudit
519 1831 662 1868 factum
679 1832 876 1879 quoddam
895 1834 1135 1881 contingens,
1153 1833 1257 1880 quod
1279 1834 1384 1869 illam

100 1882 275 1930 explicet.
298 1883 345 1919 Ut
369 1883 532 1931 quisque
557 1888 687 1921 autem
708 1895 776 1932 per
803 1896 843 1921 se
865 1886 983 1931 videt,
1008 1885 1090 1922 baec
1114 1886 1275 1933 quaestio
1302 1891 1383 1923 toto

100 1935 195 1973 coelo
222 1935 350 1972 differt
378 1947 401 1973 a
425 1935 743 1984 praecedentibus,
769 1948 865 1985 quas
890 1949 979 1975 cum
994 1939 1246 1975 rationalistis
1263 1939 1386 1987 agita-

98 1989 223 2025 vimus
243 1999 252 2025 :
283 1999 374 2025 nam
394 1988 470 2026 111ae
498 1990 769 2027 auctoritatem
789 1991 947 2038 ejusque
973 1991 1190 2038 subjectum
1211 1992 1384 2028 naturale

97 2046 136 2077 et
154 2042 410 2078 necessarium
427 2043 683 2090 respiciebant
698 2055 707 2089 3
729 2044 803 2080 ista
821 2054 911 2080 vero
928 2044 1144 2092 subjectum
1165 2046 1384 2091 continqem

97 2098 136 2130 et
151 2093 449 2131 determinatum
467 2096 707 2133 auctoritatis
723 2095 953 2134 considerat.

143 2147 205 2183 11.
228 2148 453 2185 Sententiae.
474 2148 693 2185 Liberatore
713 2149 753 2185 in
768 2149 862 2186 Jure
880 2150 1024 2187 sociali
1038 2150 1129 2198 Cap.
1149 2150 1214 2194 111,
1230 2151 1344 2187 Artic.
1369 2150 1383 2188 1

97 2199 198 2236 hanc
221 2201 382 2237 assumit
401 2200 641 2249 probandam
668 2202 970 2250 propositionem
994 2213 1080 2250 quae
1106 2203 1144 2239 in
1169 2203 1302 2239 ordine
1328 2208 1385 2239 est

99 2252 235 2289 tertia:
260 2266 276 2285 ‹
299 2253 432 2299 Causa,
454 2264 540 2301 quae
562 2254 741 2302 primitus
757 2255 973 2302 subjectum
994 2256 1160 2303 politicae
1178 2257 1384 2292 auctorita-

101 2304 149 2341 tis
183 2305 415 2343 determinat
444 2318 513 2355 per
540 2318 579 2344 se
609 2313 666 2344 est
697 2308 947 2355 praevalentia
980 2309 1260 2357 praeexistentis
1284 2310 1383 2356 juris

102 2355 315 2406 domestici,
334 2370 402 2406 per
426 2359 600 2397 accidens
617 2371 703 2397 vero
723 2365 778 2397 est
798 2372 1016 2398 consensus.
1036 2377 1051 2395 ι
1082 2362 1172 2404 Quae
1196 2362 1384 2398 sententia
