1584 2569
171 120 232 152 362
636 132 733 156 rnnzx
762 132 1006 156 ALPHABETICUS

171 194 349 238 Fallacia,
373 198 412 232 L.
443 199 495 231 43.
523 199 552 231 1.
582 217 623 224 -
648 200 696 232 De
723 199 871 232 fallaciis
900 209 939 232 ex
969 203 1066 240 parte
1089 199 1278 232 dictionis:
1305 202 1455 240 aequivo-

214 249 317 284 catio,
340 246 611 288 amphibologia,
631 246 852 288 compositio,
869 246 1006 287 divisio,
1032 250 1196 279 accentus
1209 249 1244 278 et
1257 245 1367 287 figura
1388 245 1458 277 dic-

224 291 337 332 tionis,
358 292 422 327 111.
445 310 487 317 ·-
505 293 554 326 De
576 293 711 326 fallacia
731 301 771 325 ex
787 296 883 334 parte
904 301 1021 326 rerum
1044 302 1107 326 seu
1129 296 1223 325 extra
1243 291 1427 325 dictionem
1447 301 1457 322 ε

213 338 352 372 fallacia
370 339 579 379 accidentis;
595 339 730 373 fallacia
750 348 770 372 a
784 339 993 381 simpliciter
1006 340 1050 372 ad
1068 339 1263 372 secundum
1285 338 1382 381 quid,
1399 342 1461 371 eto

213 394 403 426 converso3
429 386 715 419 contradictionis
739 395 800 419 seu
826 385 1022 428 ignorantia
1043 386 1192 425 elenchi,
1216 385 1338 426 petitio
1364 385 1460 425 prin-

215 431 309 473 mpii,
332 433 593 474 consequentis,
612 442 682 466 non
699 442 812 467 causae
834 438 874 466 ut
893 442 1018 473 causae,
1041 431 1337 474 interrogationis,
1359 431 1417 465 IV.

176 495 349 530 falsitas.
387 497 437 531 De
454 498 625 538 falsitate,
655 499 698 533 O.
728 498 780 530 16.
809 515 851 522 —
871 498 973 530 Nulla
997 507 1052 530 res
1080 501 1133 530 est
1157 496 1351 530 formaliter
1376 496 1463 529 falsa

214 548 373 585 respectu
397 543 503 576 divini
530 544 742 584 intellectus,
762 545 821 577 IV.
846 562 886 568 —-
906 545 953 577 De
973 543 1124 577 salsitate
1146 544 1268 577 morali
1287 543 1324 575 in
1343 542 1464 576 ordine

216 591 258 622 ad
279 590 435 623 divinum
449 591 674 630 intellectum,
693 591 734 623 V.
751 608 792 615 —-
806 591 907 624 Nulla
921 601 975 624 res
992 595 1043 624 est
1054 600 1120 633 per
1137 601 1172 623 se
1189 591 1289 630 falsa,
1303 594 1462 631 respectu

215 636 411 669 intellectus
438 638 555 677 creati,
581 638 656 671 VII.
687 656 729 662 -
753 638 826 670 Per
854 637 1011 671 accidens
1034 642 1151 671 autem
1174 637 1293 679 aliqua
1325 645 1379 668 res
1407 645 1461 668 re-

217 687 334 723 spectu
355 683 554 717 intellectus
573 685 717 717 humani
735 688 848 725 potest
865 693 941 717 esse
963 685 1063 724 falsa,
1078 684 1170 716 vm.

174 741 283 774 Fama
309 741 362 775 vel
387 742 496 784 gloria
525 751 594 776 non
620 742 800 775 constituit
817 743 1069 776 beatitudinem
1087 742 1251 782 hominis,
1273 742 1318 774 M.
1341 741 1374 779 5,
1396 741 1460 775 111.

173 799 387 833 Famulatus
406 801 450 833 M.
474 801 526 840 48,
548 802 595 834 11.

173 856 374 891 Fatalistae.
395 859 435 891 P.
462 860 513 900 50,
537 860 599 892 111.

173 915 315 949 Fatum.
334 916 383 949 De
402 917 490 957 sato,
512 918 553 950 O.
578 918 633 951 53.
661 937 701 943 -
724 919 848 951 Fatum
868 922 1049 959 sumptum
1072 926 1134 958 pro
1156 917 1366 950 necessitate
1389 916 1463 948 ine·

213 963 366 995 luctabili
398 964 553 997 omnium
588 973 771 998 causarum
804 965 945 1001 omnino
979 968 1163 1005 repugnat,
1199 964 1245 996 11.
1277 981 1315 987 —
1341 963 1462 994 Fatum

213 1014 391 1050 sumptum
413 1019 475 1051 pro
495 1011 612 1043 divina
631 1011 849 1044 ordinatione
869 1019 1053 1044 causarum
1070 1010 1302 1043 secundarum
1324 1012 1376 1041 est
1406 1018 1461 1041 re-

212 1064 292 1088 vera
325 1057 591 1096 admittendum,
628 1066 697 1090 non
732 1058 873 1099 quidem
896 1061 930 1089 in
956 1058 1038 1096 Deo,
1069 1056 1130 1089 sed
1153 1056 1188 1088 in
1223 1056 1309 1096 ipsis
1349 1055 1464 1088 causis

212 1103 385 1143 secundis,
407 1104 466 1136 111.

172 1166 244 1199 Pel.
270 1167 407 1208 Species
427 1168 497 1207 irae,
518 1170 554 1200 P.
575 1170 628 1209 46,
648 1170 690 1203 V.

174 1225 358 1259 Felicitas.
380 1227 426 1259 M.
448 1228 468 1258 4
487 1232 521 1260 et
539 1236 639 1269 seqq.
665 1228 764 1268 (Vide
777 1228 1005 1270 Beatitudo.)

175 1283 296 1318 Fides.
329 1287 369 1318 L.
399 1286 451 1325 53,
476 1287 520 1318 11.
548 1304 587 1310 -
613 1287 660 1319 De
687 1286 944 1319 conditionibus
973 1286 1199 1325 auctoritatiS‚
1219 1285 1339 1318 utfide
1364 1284 1463 1317 dictis

215 1332 290 1372 ejus
305 1331 558 1371 adhaereamus,
573 1334 611 1365 L.
631 1334 683 1373 58,
697 1334 743 1367 11.
762 1334 862 1366 -De
878 1333 910 1365 vi
924 1333 1140 1366 auctoritatis
1155 1332 1278 1365 divinae
1298 1332 1341 1364 ad
1358 1331 1462 1363 fidem

215 1378 485 1419 producendam,
519 1380 646 1413 Iv-VI.
677 1380 777 1421 (Vide
800 1380 1083 1422 Mayiscerium.)
1113 1398 1150 1403 —-
1180 1379 1282 1412 Fides
1311 1387 1399 1411 caeca
1426 1379 1460 1409 in

214 1426 436 1458 veracitatem
462 1427 655 1460 naturalem
681 1427 884 1460 facultatum
913 1427 1226 1469 cognoscitivarum
1255 1434 1325 1458 non
1351 1429 1464 1466 potest

214 1481 290 1505 esse
323 1482 525 1513 supremum
556 1474 709 1507 veritatis
740 1474 930 1513 criterium,
960 1476 998 1508 L.
1032 1474 1084 1514 63,
1115 1474 1194 1507 VII.
1219 1491 1258 1496 —
1284 1473 1333 1505 De
1353 1472 1464 1505 coexi-

214 1519 341 1551 stentia
363 1520 501 1553 habitus
528 1520 610 1553 fidei
635 1529 715 1554 cum
738 1521 860 1554 habitu
889 1521 1042 1554 scientiae
1072 1521 1107 1553 in
1139 1521 1262 1553 eodem
1291 1519 1463 1560 subjecto,

214 1565 256 1597 Ο.
280 1565 332 1606 32,
349 1566 412 1598 VII
431 1570 464 1599 et
483 1567 575 1606 VIII,

174 1621 321 1665 Figura.
350 1623 484 1666 Figurae
503 1624 713 1667 syllogismi,
735 1626 769 1659 L.
794 1625 846 1659 34.
869 1624 968 1666 (Vide
987 1624 1255 1666 Sylloyismus.)
1280 1623 1459 1663 -Figura

215 1670 348 1711 species
367 1671 557 1712 qualitatis,
578 1671 605 1704 Ο
624 1671 676 1711 31,
694 1671 749 1704 lv.

173 1735 270 1768 filii.
295 1736 345 1769 De
367 1736 524 1777 filiorum
550 1736 683 1778 officiis
712 1746 797 1779 erqa
818 1740 997 1780 parentes,
1014 1737 1057 1769 M.
1085 1736 1136 1769 4¹1.
1160 1753 1200 1760 —
1225 1735 1397 1777 Principia
1423 1743 1463 1766 ex

215 1782 343 1823 quibus
362 1783 582 1817 determinari
603 1789 750 1825 possunt
770 1783 922 1817 filiorum
942 1784 1057 1817 officia
1077 1792 1160 1823 erga
1180 1786 1353 1824 parentes,
1375 1782 1400 1814 1.
1422 1801 1462 1805 —

214 1828 337 1862 Officia
356 1829 493 1867 amoris,
515 1829 736 1871 gratitudinis
755 1834 791 1865 et
810 1830 961 1872 pietatis,
979 1831 1022 1864 11.
1043 1847 1084 1855 —
1103 1829 1225 1862 Officia
1244 1828 1462 1868 obedientiae,

214 1876 274 1909 111.
302 1894 341 1899 —
369 1876 443 1909 Alia
469 1876 597 1917 officia,
623 1876 681 1910 IV.
712 1896 751 1901 —-
776 1877 942 1911 Filiorum
969 1877 1005 1910 in
1031 1881 1193 1919 parentes
1212 1875 1326 1910 officia
1346 1884 1386 1909 ex
1416 1876 1454 1909 S.

217 1923 402 1965 Scriptura,
423 1923 463 1956 V,

174 1986 286 2022 Finis.
317 1988 366 2022 De
392 1991 519 2022 natura
550 1998 662 2023 cam
686 1989 820 2031 finalis.
843 1990 881 2023 0.
901 1989 955 2023 50.
975 2006 1014 2012 -
1040 1988 1136 2022 Finis
1162 1989 1198 2022 in
1218 1988 1409 2022 intentione
1428 1991 1463 2021 et

214 2034 250 2067 in
269 2035 484 2076 executione,
507 2036 551 2069 11.
569 2052 609 2060 -
627 2036 722 2070 Finis
741 2035 848 2078 cujus
865 2039 900 2070 et
919 2036 989 2077 cui,
1011 2036 1070 2068 111.
1092 2053 1131 2060 —
1147 2035 1242 2068 Finis
1262 2035 1406 2068 ultimus
1427 2040 1461 2067 et

214 2081 455 2121 intermedius,
475 2082 528 2114 lv.
551 2100 588 2106 -
604 2082 700 2115 Finis
719 2082 919 2125 principalis
939 2087 974 2115 et
996 2082 1235 2122 secundarius,
1254 2082 1291 2115 V.
1311 2099 1353 2106 —
1368 2082 1463 2116 Finis

213 2128 328 2169 operis
356 2132 391 2161 et
415 2129 603 2169 operantis,
624 2129 680 2162 VI.
698 2147 739 2154 —
759 2130 851 2163 Finis
874 2128 1067 2171 objectivus
1090 2132 1123 2161 et
1142 2128 1309 2169 formalis,
1329 2128 1402 2161 VII.
1420 2147 1460 2152 —

213 2175 310 2207 Finis
325 2175 496 2209 naturalis
516 2181 550 2209 et
568 2177 858 2217 supernaturalis,
875 2177 966 2209 VIII.
981 2194 1020 2199 —
1040 2175 1134 2208 Finis
1153 2175 1190 2208 in
1208 2176 1329 2209 ordine
1345 2177 1461 2209 inten-

213 2221 321 2255 tionis
346 2225 399 2255 est
424 2231 502 2255 vere
528 2228 562 2255 et
587 2223 724 2265 proprie
753 2232 870 2264 causa,
895 2223 952 2257 11.
975 2241 1015 2247 —
1043 2225 1116 2256 1m0
1133 2221 1213 2256 finis
1232 2231 1301 2265 qua
1329 2222 1462 2257 rationo

215 2277 321 2302 causa
347 2273 411 2308 est,
435 2270 653 2310 praestantior
673 2274 726 2304 est
743 2270 865 2304 ceteris
885 2271 1012 2312 causis,
1035 2270 1076 2304 X.
1098 2289 1134 2295 -
1154 2272 1204 2303 De
1224 2269 1358 2303 ratione
1378 2277 1459 2303 cau-

215 2316 362 2349 salitatis
387 2316 468 2348 finis
493 2316 528 2349 in
555 2321 633 2350 actu
660 2318 784 2358 primo,
811 2318 869 2351 XI.
889 2334 968 2351 —...
988 2317 1024 2350 in
1043 2322 1122 2351 actu
1139 2317 1306 2357 secundo,
1322 2316 1394 2349 XII.
1417 2333 1459 2342 -

217 2363 265 2396 De
298 2364 563 2398 universalitate
595 2373 709 2398 causoe
742 2364 860 2400 finalis
896 2365 935 2398 0.
963 2365 1016 2398 51.
1041 2382 1083 2389 —
1109 2365 1219 2398 Omne
1247 2372 1355 2405 agens
1388 2363 1462 2405 agit
