1554 2569
162 97 228 133 ¹30
241 107 302 132 JUS
319 107 480 133 NATURAE.
500 107 569 132 Lm.
586 108 609 132 1.
626 107 705 132 CAP.
719 108 744 132 1.
761 108 806 133 DE
822 107 908 132 mna
925 108 967 132 ET
983 108 1058 134 ΟΥΕ.
1075 108 1274 134 GENERATm
1293 108 1435 133 SUMP‘H!

558 232 816 266 ARTIGULUS
846 231 1041 267 TERTIUS

759 315 830 357 (30)

374 396 429 433 De
448 396 540 443 jure
564 400 598 431 et
623 395 754 443 officio
781 395 881 431 inter
904 407 943 432 se
967 397 1216 443 comparatis.

202 505 231 540 1.
259 503 507 548 Quaestiones.
527 502 665 537 StatIm
684 512 726 537 ac
739 502 829 548 jura
845 506 882 538 et
897 502 1023 538 officia
1042 503 1142 538 inter
1158 513 1197 539 se
1216 513 1437 550 comparan-

158 561 232 602 tur,
254 560 429 592 movetur
448 555 624 602 quaestio,
647 553 843 601 quodnam
864 555 912 590 sit
932 555 1051 602 prius,
1068 555 1132 602 jus
1149 566 1286 602 nempe
1309 555 1368 592 vel
1389 555 1439 591 of-

158 610 288 646 ficium
315 619 323 644 ε
355 618 441 655 quae
470 607 626 655 quidem
661 607 824 654 quaestio
847 608 974 654 prima
999 608 1124 644 fronte
1149 608 1299 644 videtur
1324 607 1441 644 futilis

157 663 237 699 imo
267 666 303 698 et
333 660 531 698 absurda:
559 660 692 705 futilis,
723 661 814 707 quia
845 659 942 696 nihil
961 660 1008 696 ad
1038 661 1245 697 utilitatem
1274 661 1440 697 scientiae

159 714 329 751 conferre
349 712 500 749 videtur
523 712 627 760 quod
643 713 708 759 J'us
727 712 918 760 praecedat
950 713 1119 749 officium
1145 712 1204 748 vel
1235 723 1441 760 consequa-

160 773 223 803 tur
241 777 249 803 :
269 765 448 807 absurda,
474 766 565 812 quia
587 775 675 801 cum
697 765 761 813 jus
784 769 820 801 et
838 765 1009 801 officium
1028 766 1101 801 sibi
1125 766 1281 802 relative
1301 776 1442 802 corres-

161 819 369 868 pondeant,
397 818 513 854 simul
541 829 620 854 esse
641 817 793 854 debent.
821 818 961 854 Verum
982 829 1059 854 non
1089 818 1143 854 ita
1169 829 1207 854 se
1233 829 1293 855 res
1313 818 1443 864 habet,

160 877 202 909 ut
220 883 266 909 ex
283 870 453 908 dicendis
470 871 542 907 erit
561 870 823 907 manifestum.
844 871 1155 918 consequenter:
1186 874 1219 905 10
1242 871 1288 907 de
1305 882 1443 918 praece-

160 924 398 972 dentiaJ'uris
416 923 605 968 dicemus;
621 944 666 949 —
679 926 718 959 2⁰
732 923 778 959 de
801 923 1057 970 praecedentia
1082 923 1196 959 officii
1209 924 1247 959 in
1260 923 1418 959 homine
1434 935 1443 968 ;

158 998 203 1005 —
225 980 262 1014 3ο
285 977 330 1013 de
359 977 609 1024 suspensione
624 977 735 1023 juris.
757 976 813 1012 Sit
830 987 920 1023 ergo
940 977 1066 1023 prima
1086 976 1279 1012 conclusio
1303 988 1311 1011 ε

208 1032 255 1068 11.
276 1030 499 1075 ontoloqice
521 1029 712 1075 loquendo
737 1030 845 1075 prius
861 1030 997 1075 estius
1016 1039 1130 1074 quam
1150 1030 1337 1072 officium;
1361 1029 1445 1065 dico

163 1083 384 1131 ontoloqice,
413 1082 486 1118 hoc
511 1086 569 1118 est
594 1086 764 1129 spectata
784 1082 957 1117 absolute
983 1087 1122 1118 natura
1145 1086 1227 1117 tum
1244 1083 1343 1128 juris
1361 1087 1444 1117 tum

161 1136 289 1172 officii.
324 1135 368 1170 Et
400 1145 531 1171 revera
566 1134 691 1170 officia
715 1135 846 1170 omnia
874 1144 960 1181 quae
987 1134 1025 1170 in
1052 1134 1203 1170 entibus
1235 1134 1447 1170 moralibus

160 1189 296 1226 creatis
322 1191 411 1224 sunt
429 1191 466 1223 et
482 1197 562 1223 esse
579 1191 756 1234 possunt,
777 1198 799 1223 a
818 1187 894 1223 Deo
913 1197 981 1234 per
998 1187 1122 1234 legem
1140 1191 1338 1231 aeternam,
1360 1197 1446 1234 quae

161 1243 241 1289 ipse
258 1241 358 1277 Deus
378 1244 446 1285 est,
469 1238 682 1287 procedunt
703 1241 776 1284 (29,
798 1239 858 1284 11).
879 1239 921 1275 In
937 1239 1014 1275 Deo
1033 1244 1162 1276 autem
1186 1250 1263 1276 non
1283 1244 1373 1276 sunt
1393 1240 1447 1275 of-

161 1295 259 1339 ficia,
282 1303 405 1340 neque
431 1296 605 1339 respectu
627 1292 807 1339 suipsius,
829 1292 921 1338 quia
943 1292 1069 1328 officia
1089 1296 1178 1327 sunt
1198 1291 1245 1328 ad
1268 1292 1445 1336 alterum,

161 1356 283 1394 neque
304 1349 478 1393 respectu
504 1348 766 1381 creaturarum
800 1344 938 1390 quibus
959 1344 1057 1380 nihil
1085 1344 1296 1391 exjustitia
1321 1343 1446 1389 debet,

163 1405 199 1435 et
219 1409 304 1446 quae
326 1398 458 1434 omnia
478 1397 619 1433 debent
637 1397 736 1442 Deo;
766 1396 830 1432 sed
852 1398 891 1432 in
915 1398 998 1443 ipso
1018 1401 1074 1433 est
1100 1396 1344 1433 solummodo
1363 1397 1446 1443 jus.

163 1452 260 1499 Ergo
278 1450 494 1498 ontologice
520 1449 712 1496 loquendo
731 1450 836 1496 prius
857 1454 912 1485 est
923 1449 992 1497 jus
1012 1460 1129 1496 quam
1149 1450 1333 1497 officium.
1357 1450 1448 1491 Quae

107 1522 109 1524 ·
162 1505 300 1541 veritas
323 1504 578 1539 confirmatur
599 1513 643 1537 ex
664 1503 862 1548 utriusque
883 1507 1021 1538 natura
1043 1513 1051 1538 :
1074 1502 1244 1538 officium
1269 1503 1370 1538 enim
1392 1507 1449 1538 est

163 1556 349 1603 obliqatio
363 1565 448 1602 quae
460 1554 679 1590 nullatenus
696 1554 913 1601 concipitur
926 1555 998 1590 nisi
1016 1554 1269 1591 subaudiatur
1288 1554 1448 1591 facultas

164 1608 353 1655 exigendi,
376 1607 449 1643 hoc
469 1607 600 1654 estJus
618 1607 657 1642 in
677 1606 820 1653 aliquo.

208 1662 274 1698 111.
303 1662 484 1697 Attamen
509 1661 550 1696 in
568 1669 733 1705 persona
754 1660 893 1695 morali
917 1663 1048 1696 creata
1069 1660 1177 1704 prius
1200 1662 1260 1696 est
1280 1659 1449 1696 officium

165 1724 277 1760 quam
296 1714 369 1760 jus.
394 1713 440 1748 Et
467 1722 597 1749 revera
620 1713 789 1759 primum
813 1711 915 1759 quod
943 1712 981 1747 in
1002 1711 1159 1747 homine
1185 1712 1372 1748 existente
1393 1713 1448 1747 in-

165 1767 314 1804 venitur
346 1768 397 1812 (et
431 1765 533 1802 idem
569 1764 718 1801 dicatur
756 1764 802 1800 de
834 1765 964 1811 quavis
995 1764 1071 1801 alia
1112 1775 1275 1812 persona
1311 1765 1450 1800 morali

163 1820 303 1864 creata)
322 1823 379 1854 est
395 1828 476 1854 esse
493 1822 690 1862 creaturoe,
710 1816 812 1864 quod
834 1817 1086 1854 essentialiter
1108 1818 1292 1865 importat
1311 1816 1451 1865 depen-

165 1873 334 1909 dentiam
370 1876 453 1907 tum
482 1870 680 1919 physicam
714 1876 795 1906 tum
822 1870 1009 1906 moralem
1030 1881 1051 1906 a
1071 1870 1263 1915 Creatore,
1289 1875 1332 1906 ut
1351 1871 1450 1917 ejus-

165 1927 252 1961 dem
273 1925 374 1972 leges
395 1924 583 1969 observet,
603 1923 778 1959 ordinem
799 1924 837 1959 in
859 1924 976 1960 finem
1001 1923 1048 1960 ab
1074 1934 1117 1959 eo
1136 1925 1338 1970 praefixum
1358 1922 1451 1958 iide-

163 1979 251 2015 liter
267 1976 462 2014 sectando.
481 1977 609 2012 Posito
629 1976 701 2012 hoc
728 1976 854 2012 officio
875 1976 1070 2023 primitivo
1090 1981 1128 2012 et
1151 1976 1343 2012 essentiali
1363 1976 1451 2023 jura

165 2035 397 2067 enascuntur
425 2031 543 2066 vitam
574 2029 823 2066 conservandi
856 2034 894 2065 et
919 2028 1161 2073 defendendi,
1192 2029 1320 2064 media
1345 2028 1450 2064 adhi-

165 2083 279 2120 bendi
314 2083 526 2119 necessaria
556 2082 602 2118 ad
630 2093 710 2118 sese
739 2081 1015 2130 perficiendum
1038 2086 1076 2117 et
1107 2081 1154 2118 ad
1174 2082 1291 2117 finem
1323 2092 1450 2117 conse·

166 2135 376 2184 quendum,
402 2140 438 2171 et
464 2136 539 2171 alia
565 2134 816 2182 hujusmodi3
846 2139 886 2170 at
913 2144 1060 2170 semoto
1087 2134 1151 2170 illo
1184 2135 1378 2181 primitivo
1415 2140 1451 2169 et

167 2187 358 2226 essentiali
377 2187 518 2233 officio,
543 2189 632 2234 J'ura
652 2188 784 2223 omnia
799 2191 984 2224 corruunt
1009 2188 1100 2234 quia
1116 2186 1294 2223 rationali
1316 2186 1450 2222 funda-

167 2245 298 2279 mento
320 2240 504 2276 destituta
526 2251 533 2275 :
563 2240 665 2287 quod
686 2239 840 2276 aliunde
861 2251 905 2276 ex
927 2240 1037 2276 dictis
1059 2241 1130 2285 (29,
1153 2240 1199 2285 II)
1223 2240 1339 2276 etiam
1361 2250 1450 2275 con-

171 2298 259 2331 stat.
279 2293 384 2330 Unde
399 2298 441 2329 ut
454 2293 685 2340 principium
704 2294 972 2329 inconcussum
990 2292 1233 2329 retinendum
1251 2297 1307 2329 est
1326 2303 1334 2328 ε
1352 2293 1452 2329 Jura

170 2348 337 2384 humana
351 2356 395 2383 ecc
413 2345 559 2394 officiis
575 2356 667 2392 erqa
687 2346 806 2382 Deum
820 2346 1014 2383 oriuntur.
1419 2342 1424 2345 ’
