1584 2569
492 131 573 156 aar.
596 132 621 156 1.
650 130 692 156 ως
712 129 907 155 RELIGIONE
933 129 970 153 m
991 128 1030 153 ss
1339 119 1400 152 139
1428 119 1433 124 '

119 203 314 240 erroribus
332 206 446 249 atque
470 202 732 238 deliramentis
754 200 1001 237 vehementer
1025 199 1247 243 reluctatur,
1267 203 1302 235 et
1327 199 1401 234 seli-

49 305 54 310 .
119 267 194 302 ees,
223 260 266 292 ut
291 255 346 291 ita
370 254 508 299 dicam,
532 254 853 291 contradictiones
877 256 1031 301 generat
1058 253 1096 287 in
1124 251 1280 288 homine
1306 252 1403 287 vitiis

120 313 157 344 et
177 307 370 344 erroribus
389 312 584 355 corrupto.

167 361 424 398 Corollarium
443 360 617 396 alterum.
637 361 758 408 Igitur
776 358 943 396 absurda
962 363 1018 395 est
1046 358 1241 395 distinctio
1262 357 1403 404 peccati

121 415 158 449 in
166 412 682 461 peccatumphilosophicum
693 416 932 459 etpeccacum
944 411 1207 457 theologicum,
1221 414 1257 445 et
1270 410 1404 445 merito

123 466 281 514 praefata
304 465 498 502 distinctio
529 465 712 501 damnata
745 469 800 501 est
835 465 881 500 ab
910 464 1124 500 Alexandro
1151 463 1247 498 VIII.
1271 483 1314 489 —-
1337 463 1407 498 No-

123 520 224 555 mine
240 519 385 566 peccati
394 518 663 566 philosophici
676 518 905 566 intelligitur
921 521 1028 553 actus
1046 516 1238 553 humanus
1255 516 1319 562 qui
1336 515 1408 550 soli

122 571 287 608 hominis
311 572 490 608 naturali
510 571 660 607 rationi
684 571 933 615 adversatur;
962 570 1119 606 nomine
1148 580 1235 605 vero
1264 568 1408 615 peccati

122 624 325 671 tlzeoloyici
340 625 568 672 intelligitur
586 629 692 660 actus
711 624 903 660 humanus
926 623 992 670 qui
1012 623 1238 659 adversatur
1254 621 1332 657 Deo
1348 632 1408 656 seu

124 678 198 724 leqi
215 677 369 713 divinoe.
397 697 441 704 —
473 677 715 713 Manifestum
741 680 797 712 est
828 680 958 712 autem
986 675 1224 722 impossibile
1251 674 1409 710 omnino

123 741 202 766 esse
225 729 328 776 quod
351 729 468 765 homo
491 730 608 766 libere
631 733 759 777 peccet
785 732 918 765 contra
943 729 1147 773 rationem,
1183 738 1252 763 seu
1279 730 1410 762 contra

124 783 248 829 legem
264 782 492 827 naturalem,
508 783 601 829 quin
621 793 666 818 eo
684 783 766 829 ipso
787 786 915 829 peccet
932 785 1065 818 contra
1080 781 1205 828 legem
1226 784 1410 816 aeternam

124 835 247 882 (cujus
266 834 327 870 lex
354 839 501 871 naturae
525 839 580 871 est
601 835 857 882 participatio)
883 838 920 870 et
938 833 1022 870 ideo
1044 838 1177 869 contra
1196 833 1318 868 Deum
1340 832 1410 867 Le-

125 887 345 935 gislatorem
362 899 369 923 :
385 892 663 935 consequenter
676 887 839 924 habetur
850 891 1049 934 peccatum
1065 886 1315 932 theoloyz'cum
1332 895 1411 920 rea·

127 941 212 977 liter
227 941 480 988 inseparabile
501 952 523 976 a
539 945 692 987 peceato
707 940 978 987 philosophico
996 944 1033 976 et
1052 940 1131 976 vice
1148 949 1256 974 versa

172 1047 234 1084 VI.
258 1046 363 1082 NOTA
383 1046 410 1082 Ι.
430 1046 677 1083 Puffendorfii
694 1055 855 1082 errores.
878 1045 919 1080 In
944 1045 1062 1093 priori
1089 1043 1256 1080 editione
1283 1043 1414 1090 Operis

128 1099 180 1135 De
191 1098 283 1145 jure
302 1103 452 1135 naturoe
465 1103 498 1135 et
513 1099 682 1145 yentium
701 1097 982 1134 Puffendorfius
1001 1096 1300 1144 praetermiserat
1319 1100 1412 1131 trac-

128 1155 252 1186 tatum
272 1150 318 1187 de
339 1151 474 1187 officiis
491 1151 660 1188 hominis
680 1161 770 1199 erga
789 1151 923 1195 Deum,
952 1150 1084 1185 inanes
1105 1149 1272 1184 rati0nes
1293 1147 1413 1184 addu-

127 1215 215 1239 cens
234 1208 276 1240 ut
290 1215 312 1239 a
331 1204 467 1240 lacuna
482 1204 700 1240 voluntaria
716 1215 796 1240 sese
810 1207 1008 1239 excusaret
1025 1213 1033 1238 :
1056 1202 1163 1249 quasi
1178 1212 1315 1249 nempe
1331 1212 1415 1248 pos-

128 1257 235 1293 sibile
249 1256 347 1292 foret
361 1267 472 1304 agere
488 1257 533 1293 de
554 1257 810 1304 Metaphysica
826 1256 979 1304 speciali
992 1256 1072 1291 sine
1088 1255 1304 1301 Ontologia,
1321 1258 1357 1290 et
1372 1253 1416 1289 de

127 1309 337 1345 ratiociniis
356 1310 416 1346 vel
433 1309 478 1346 de
498 1311 658 1346 veritate
678 1308 946 1356 consequenda
970 1309 1049 1344 sine
1070 1308 1290 1355 cognitione
1313 1307 1413 1353 prin-

127 1362 316 1410 cipiorum
345 1366 382 1399 et
405 1363 660 1399 criteriorum.
684 1363 870 1404 Quocirca
893 1363 972 1409 ipse
997 1359 1278 1396 Puffendorfius
1299 1360 1336 1395 vi
1356 1370 1410 1394 ve·

129 1415 253 1452 ritatis
269 1419 423 1451 coactus
445 1416 485 1452 in
506 1416 625 1463 Opere
647 1416 704 1452 De
723 1414 867 1462 officiis
888 1414 1056 1451 hominis
1076 1418 1110 1449 et
1129 1412 1224 1449 civis
1247 1413 1336 1459 Cap.
1357 1412 1415 1456 IV,

128 1467 321 1515 agendum
347 1468 547 1504 constituit
566 1469 622 1504 De
641 1469 786 1516 officiis
807 1468 1001 1504 hominum
1018 1477 1109 1513 erya
1122 1466 1254 1510 Deum,
1277 1465 1355 1501 sive
1374 1465 1418 1500 de

128 1520 314 1567 reliqione
327 1521 514 1558 naturali.
534 1521 593 1567 At,
611 1525 721 1557 notat
741 1521 894 1566 Roselli,
907 1520 1065 1564 Ethica,
1085 1519 1154 1561 Qu.
1173 1518 1270 1562 vul,
1289 1518 1367 1552 Art.
1388 1517 1416 1561 1,

129 1585 168 1610 n.
190 1575 272 1620 643,
300 1575 338 1610 in
364 1579 457 1620 not„
485 1579 744 1622 praeterquam
769 1573 872 1621 quod
900 1572 1101 1620 plerosque
1125 1576 1232 1607 actus
1258 1570 1418 1618 Religio·

130 1627 189 1662 nis
206 1627 364 1672 omittit,
383 1627 576 1664 concludit
603 1628 633 1672 ξ.
650 1627 732 1663 VIII
755 1637 763 1663 :
784 1626 832 1663 Id
851 1630 991 1663 certum
1018 1630 1083 1669 est,
1111 1625 1281 1671 effectum
1301 1622 1419 1670 hujus

130 1679 342 1726 Religionis
357 1680 552 1716 naturalis
566 1680 728 1726 proecz‘se
744 1684 777 1715 et
784 1690 860 1726 pro
871 1678 1057 1725 praesenti
1076 1677 1271 1714 hominum
1294 1675 1419 1712 condi-

130 1733 231 1768 tione
244 1733 506 1776 consideratae,
519 1733 626 1769 intra
636 1732 827 1779 sphoeram
840 1731 958 1779 hujus
972 1732 1061 1767 vilae
1078 1729 1292 1766 terminari.
1306 1729 1421 1776 Cujus

132 1785 316 1821 doctrinae
336 1785 553 1822 absurditas
569 1786 701 1832 agnita
720 1785 791 1820 fuit
812 1785 858 1820 ab
880 1785 962 1832 ipso
984 1784 1233 1830 Barbeyracio
1255 1783 1293 1817 in
1309 1782 1419 1817 Nota-

132 1837 301 1873 tionibus
321 1837 368 1873 ad
389 1849 451 1885 op.
472 1842 509 1874 et
528 1838 601 1874 loc.
623 1837 694 1873 Cit.
710 1836 958 1873 Puffendorfii
975 1841 1033 1882 3at
1049 1836 1203 1882 sequela
1219 1839 1348 1870 tamen
1364 1838 1420 1870 est

131 1889 316 1926 doctrinae
336 1890 585 1927 Puffendorfii
601 1890 870 1926 constituentis
887 1889 1120 1936 principium
1141 1888 1369 1924 moralitatis
1384 1892 1421 1924 et

131 1943 225 1989 iuris
245 1947 393 1980 naturae
414 1944 453 1980 in
474 1943 645 1979 humana
661 1942 872 1979 socialitate
885 1943 957 1987 (12,
978 1942 1034 1988 V).
1058 1941 1097 1977 Si
1117 1946 1246 1976 autem
1267 1940 1422 1977 effectus

132 1995 338 2043 Religionis
373 1996 559 2033 naturalis
601 1996 702 2032 intra
740 1995 854 2042 hujus
891 1995 980 2030 vitae
1015 1993 1209 2041 sphaeram
1244 1993 1422 2029 termina-

133 2051 249 2093 retur,
280 2048 398 2085 homo
425 2048 630 2085 destitutus
654 2048 850 2095 Religione
876 2047 1056 2091 revelata,
1083 2045 1181 2082 nihil
1209 2050 1336 2093 posset
1363 2056 1423 2082 cu-

133 2110 215 2136 rare
238 2100 284 2137 de
305 2102 384 2137 vita
410 2101 562 2137 sutura:
589 2100 692 2148 quod
719 2105 775 2136 est
800 2101 901 2135 viam
922 2100 1070 2147 apertre
1097 2098 1326 2134 latissimam
1353 2098 1424 2133 im-

134 2152 278 2200 pietati.
301 2154 395 2190 Cum
412 2165 500 2190 vero
523 2153 803 2190 Puffendorfius
825 2153 878 2188 ait
901 2153 1091 2188 rationem
1112 2151 1326 2187 naturalem
1347 2161 1423 2186 non

136 2204 257 2241 valere
286 2207 502 2255 pertingere
528 2207 576 2243 ad
603 2205 909 2254 cognoscendam
938 2208 974 2240 et
1004 2203 1283 2250 assequendam
1307 2203 1424 2238 vitam

135 2260 320 2294 aeternam
352 2259 433 2295 sine
466 2260 588 2307 gratia
616 2258 836 2303 Salvatoris,
870 2256 1072 2294 confundit
1105 2256 1366 2304 cogniti0nem
1388 2259 1423 2291 et

135 2311 416 2347 assecutionem
440 2322 538 2348 verae
565 2311 698 2347 salutis
725 2314 879 2346 aeternae
903 2309 1082 2357 repositae
1110 2309 1148 2343 in
1171 2308 1237 2344 Dei
1262 2308 1421 2352 visione,

137 2368 228 2399 cum
253 2364 472 2412 cognitione
497 2368 535 2400 et
561 2362 763 2399 existentia
786 2362 941 2400 alterius
966 2362 1069 2405 vitae,
1094 2361 1133 2397 in
1163 2371 1238 2408 qua
1263 2360 1422 2408 praemia
