1584 2569
174 73 240 106 290
258 82 313 107 sus
333 83 495 112 NArunAE.
517 86 586 113 Lm.
606 88 647 114 11.
667 88 745 115 mr.
766 90 819 116 iv.
839 89 884 116 nn
904 89 1092 118 socruum
1107 91 1224 122 aare.
1240 94 1277 122 m
1299 95 1339 122 sn
1357 94 1449 123 span.

173 163 211 187 n.
232 155 289 198 20,
312 153 394 191 haec
420 157 550 194 scribit
569 169 578 194 :
608 173 625 192 ι
653 160 736 197 Scio
759 161 1022 200 excellentiam
1049 167 1171 209 tuam,
1193 165 1451 211 quorumdam

172 207 318 253 perpeti
333 207 654 248 obstinatissimas
666 213 997 258 contradictiones,
1011 216 1075 263 qui
1089 221 1291 264 propterea
1300 221 1448 265 putant,

172 259 228 293 vel
247 261 373 306 putari
392 262 523 299 volunt
543 264 799 303 Christianam
821 266 1033 305 doctrinam
1051 269 1204 306 utilitati
1224 281 1300 306 non
1321 281 1451 309 conve·

173 311 253 347 nire
273 313 504 360 reipublicae,
523 316 616 362 quia
632 318 766 356 nolunt
779 323 881 356 stare
897 320 1167 368 rempublicam
1180 323 1360 370 firmitate
1375 325 1451 362 vir·

173 367 305 408 tutum,
325 366 391 405 sed
416 368 643 420 impunitate
660 371 854 408 vitiorum.
878 387 894 406 ι
1120 366 1134 371 ”
1191 366 1212 373 ”

581 487 833 526 ARTICULUS
859 491 1046 530 TERTIUS

779 571 854 618 (63)

538 650 596 687 De
615 656 796 699 potestate
820 653 1088 694 ecclesiastica.

218 743 247 779 1.
269 742 435 788 Quaestio
462 745 599 790 prima.
624 746 790 783 Ecclesia
812 747 963 792 Christi,
985 759 1050 785 seu
1074 749 1240 787 Ecclesia
1259 749 1452 789 catholica

173 806 258 831 vcra
278 799 313 832 et
330 797 606 844 perfectissima
625 803 680 835 est
697 800 871 846 societas,
894 801 1071 848 religiosa
1090 801 1260 849 quidem,
1282 803 1347 839 sed
1365 803 1449 841 visi·

171 848 267 894 bilis,
291 854 327 885 et
353 851 462 898 cujus
488 856 661 890 membra
680 856 769 890 sunt
796 854 924 891 fideles
946 864 1092 893 omnes.
1118 857 1234 903 Atqui
1259 856 1362 893 nulla
1388 867 1449 893 so-

171 901 287 937 cietas
314 901 396 938 dari
421 906 546 950 potest
571 905 651 942 sine
681 915 749 942 suo
776 905 963 942 elemento
989 905 1139 944 formali
1166 908 1238 953 (49,
1261 909 1322 953 11),
1348 908 1450 956 quod

171 958 226 989 est
249 964 429 1001 suprema
449 958 656 994 auctoritas
675 962 859 1005 potestate
876 961 957 995 tum
981 959 1196 1006 lapi-stativa
1215 964 1298 998 tum
1320 970 1451 998 execu-

172 1007 250 1043 tiva
271 1009 353 1044 tum
373 1007 600 1055 judiciaria
623 1011 844 1049 societatem
866 1011 989 1059 ipsam
1014 1022 1150 1060 regens
1175 1016 1290 1060 atque
1312 1012 1445 1060 guber·

171 1070 266 1096 nans
281 1071 289 1104 ;
313 1061 422 1107 cujus
440 1063 679 1101 auctoritatis
699 1064 912 1111 subiectum
929 1064 1091 1111 visibile,
1107 1065 1242 1103 Christi
1258 1065 1449 1103 voluntate

172 1113 429 1160 designatum,
446 1118 502 1151 est
515 1116 614 1152 Petri
628 1118 801 1165 Apostoli
815 1118 853 1153 in
869 1128 1031 1155 romana
1045 1117 1228 1155 cathedra
1243 1128 1449 1164 successor,

171 1166 364 1203 Romanus
388 1167 575 1204 Pontifex.
597 1169 683 1206 Haec
709 1170 746 1206 in
772 1169 1074 1216 praecedentibus
1097 1170 1267 1207 articulis
1294 1169 1449 1208 demon-

171 1218 388 1255 stravimus,
408 1219 480 1256 Sed
497 1221 683 1268 quaeritur
696 1222 820 1270 primo
832 1222 878 1258 de
892 1226 1029 1260 natura
1042 1223 1156 1270 huJus
1170 1223 1382 1270 potestatis.
1395 1223 1451 1261 Ad

172 1281 288 1319 quam
304 1272 470 1320 primam
486 1274 739 1320 quaestionem
755 1274 968 1323 respondeo
988 1276 1163 1323 sequenti
1182 1275 1421 1313 conclusione
1441 1287 1449 1312 :

216 1327 262 1365 11.
278 1329 454 1365 Potestas
465 1326 731 1364 ecclesiastica
740 1327 781 1364 in
791 1327 957 1366 Romano
972 1328 1156 1366 Pontifice
1168 1330 1214 1365 ut
1225 1329 1267 1366 in
1280 1328 1451 1374 subiecto

170 1381 355 1426 residens,
363 1382 425 1418 est
431 1382 573 1417 natura
583 1390 652 1417 sua
664 1381 816 1418 omnino
823 1380 1082 1427 independens
1090 1391 1115 1419 a
1126 1383 1321 1427 potestate
1331 1381 1450 1418 civili.

170 1434 267 1470 Nota
288 1434 327 1469 in
351 1435 590 1469 antecessum
611 1433 801 1479 duplicem
822 1437 1052 1481 potestatem
1072 1434 1110 1471 in
1130 1434 1296 1472 Ecclesia
1316 1433 1452 1471 Christi

171 1485 368 1534 distingui,
390 1496 507 1522 unam
528 1495 614 1533 quae
640 1485 779 1522 dicitur
805 1485 978 1531 Ordinis,
1002 1489 1039 1523 et
1059 1486 1174 1524 aliam
1195 1497 1280 1534 quae
1299 1490 1454 1523 vocatur

170 1538 477 1576 Jurisdictionis.
498 1538 627 1575 Prima
646 1538 848 1577 ordinatur
873 1538 921 1575 ad
943 1539 1194 1576 Sacramenta
1217 1538 1453 1576 conficienda

172 1602 239 1638 per
264 1601 349 1638 quae
381 1591 510 1627 anima
543 1590 706 1637 gratiam
739 1590 899 1637 percipit
929 1600 1005 1637 qua
1032 1590 1302 1627 sanctificatur.
1327 1589 1454 1628 Altera

171 1655 258 1681 vero
284 1644 484 1680 ordinatur
504 1643 553 1679 ad
575 1643 828 1679 socialitatem
854 1642 1026 1680 fidelium
1050 1641 1363 1687 conservandam,
1386 1651 1454 1677 au-

173 1697 358 1744 gendam,
386 1695 647 1744 dirigendam,
673 1706 717 1732 eo
745 1695 861 1733 modo
890 1706 964 1742 quo
985 1695 1088 1732 intra
1111 1695 1288 1743 proprios
1314 1695 1454 1730 limites

173 1750 384 1787 dictumest
409 1749 454 1785 de
480 1758 660 1797 suprema
680 1750 869 1796 potestate
883 1747 995 1785 civili.
1021 1749 1104 1784 Non
1120 1747 1315 1795 loquimur
1330 1746 1453 1794 depo-

173 1805 308 1839 testate
329 1801 488 1839 Ordinis
508 1801 599 1849 quia
621 1801 666 1837 de
686 1800 750 1837 illa
771 1811 814 1837 ex
835 1800 960 1837 officio
982 1803 1101 1848 agunt
1117 1799 1299 1847 theologi,
1322 1799 1386 1836 sed
1409 1797 1454 1835 de

172 1856 359 1901 potestate
383 1852 676 1900 jurisdictionis.
698 1874 743 1879 -
766 1852 898 1889 Thesis
917 1857 1050 1889 nostra
1070 1852 1233 1901 probata
1257 1855 1386 1888 manet
1410 1861 1455 1887 ex

174 1908 217 1943 iis
244 1918 329 1955 quae
355 1906 402 1943 de
426 1906 607 1943 socictate
637 1905 815 1953 religiosa
841 1906 878 1942 in
905 1915 1042 1952 genere
1069 1914 1186 1952 supra
1215 1903 1454 1940 definivimus

176 1962 243 2005 (61,
256 1959 316 2005 Vl)
334 1971 342 2003 ;
361 1959 548 2007 probatur
561 1961 691 1995 autem
705 1958 744 1995 in
759 1958 882 2006 specie
897 1957 1025 2005 quoad
1039 1960 1269 2004 potestatem
1282 1956 1455 1994 Ecclesiae

174 2012 390 2055 Catholicae,
419 2011 555 2048 iisdem
577 2011 775 2058 principiis
801 2010 1024 2048 insistendo.
1052 2010 1202 2046 Etenim
1228 2012 1366 2046 natura
1390 2019 1454 2045 cu-

172 2065 327 2111 juslibet
346 2064 548 2112 potestatis
564 2062 717 2100 socialis
733 2074 779 2100 ex
802 2063 876 2100 fine
894 2062 942 2100 ad
959 2072 1074 2109 quem
1092 2061 1342 2099 essentialiter
1358 2061 1456 2097 ordi-

175 2121 290 2154 natur
310 2119 346 2152 et
366 2119 523 2164 propter
544 2126 659 2163 quem
682 2115 790 2152 unice
811 2116 989 2152 instituta
1013 2119 1083 2160 est,
1104 2114 1316 2151 necessario
1340 2112 1456 2150 desu-

175 2170 306 2205 mitur.
323 2168 421 2205 Finis
433 2172 563 2205 autem
575 2167 767 2205 societatis
781 2167 1045 2204 ecclesiasticae
1060 2165 1283 2203 immediate
1297 2169 1353 2202 est
1369 2174 1456 2201 vera

177 2221 323 2269 religio,
345 2220 512 2258 mediate
530 2230 618 2256 vero
636 2223 693 2256 est
711 2220 789 2256 vita
813 2222 968 2262 aeterna,
991 2228 1076 2265 quae
1096 2221 1152 2255 est
1172 2218 1375 2266 praemium
1395 2227 1456 2253 re-

178 2273 328 2321 ligionis
348 2277 385 2310 et
410 2272 605 2310 beatitudo
628 2271 798 2309 hominis
817 2281 1008 2320 suprema.
1031 2270 1102 2307 Sed
1129 2269 1350 2317 hujusmodi
1370 2270 1457 2306 finis

181 2331 234 2363 est
255 2326 427 2363 absolute
453 2324 711 2372 independens
729 2335 751 2361 a
767 2334 1007 2372 quacumque
1027 2328 1178 2360 terrena
1197 2324 1397 2370 potestate,
1420 2326 1457 2358 et
