1554 2569
171 121 250 146 Αιιτ.
278 120 303 146 ι.
331 119 376 144 οε
401 119 577 144 nomi-Am
601 119 643 143 m·
667 119 814 143 muru
840 119 1021 144 Acrxoxmx
1049 119 1274 144 nummnuu
1323 111 1366 145 33

88 191 291 228 voluntatis
315 200 391 226 non
411 194 468 226 est
494 190 532 226 in
553 190 697 226 bonum
719 189 988 236 quodcumque
1015 190 1081 226 scd
1102 190 1139 225 in
1161 191 1304 226 honum
1326 195 1368 226 ut

86 243 360 292 praecognitum
383 245 420 278 et
441 242 658 289 judicatum
679 253 701 278 a
727 243 874 278 ratione
901 244 975 287 (Ps.
998 244 1056 287 48,
1083 244 1126 287 I).
1152 243 1244 279 Hinc
1269 245 1366 279 actio

87 297 205 333 libera
221 295 487 332 consideratur
505 297 547 330 ut
563 296 773 331 constituta
792 306 839 330 ex
857 295 1021 331 materia
1040 299 1077 331 et
1095 295 1235 341 forma,
1257 296 1316 332 vel
1336 297 1367 331 si

85 349 222 387 melius
247 348 383 396 placet,
412 348 659 384 constituitur
677 348 717 384 in
745 358 815 383 sua
840 348 1005 384 essentia
1030 359 1076 384 ex
1103 352 1189 384 actu
1211 347 1366 384 electivo

85 401 294 440 voluntatis
306 400 422 448 quasi
439 402 614 445 materia,
629 404 664 436 et
678 411 723 436 ex
735 400 880 447 judicio
900 401 1066 448 practico
1080 401 1243 437 rationis
1259 404 1368 448 quasi

83 457 224 502 forma.
246 454 340 491 Esse
359 457 489 490 autem
514 453 716 500 cujuslibet
738 453 791 489 rei
810 464 855 489 ex
877 454 1040 489 materia
1059 456 1096 489 et
1115 453 1240 489 forma
1259 464 1367 489 com-

84 507 234 555 positae,
256 509 313 542 cst
332 517 355 543 a
379 506 503 542 forma
522 506 578 552 (Ο,
601 507 659 551 49,
679 506 738 551 ΙΙ).
765 507 863 553 Ergo
884 506 1085 542 moralitas
1113 506 1368 543 essentialiter

83 560 258 598 consistit
279 559 316 595 in
336 562 424 595 actu
440 558 562 594 libero
580 558 770 604 (materia)
784 562 826 593 ut
844 558 1052 604 informato
1071 570 1092 594 a
1112 559 1283 604 ratione3
1300 570 1367 595 seu

83 625 159 650 esse
189 611 334 649 morale
363 611 557 647 actionum
589 611 848 647 humanarum
878 615 935 647 est
967 612 1137 659 ipsarum
1171 613 1367 648 actionum

84 665 270 702 habitudo
292 675 357 701 seu
380 663 474 700 ordo
493 664 541 700 ad
562 665 766 700 rationem.

131 717 203 754 Sed
219 716 372 754 attende
389 714 493 763 quod
511 715 607 752 ratio
624 719 755 752 nostra
772 718 827 751 est
841 715 999 763 quidem
1015 718 1285 763 cognoscitiva‚
1302 718 1367 754 sed

84 782 162 807 non
183 772 240 806 est
259 769 396 805 factiva
413 769 583 804 veritatis
605 770 678 814 (Ps.
696 771 755 813 27,
774 769 802 804 V
821 772 858 804 et
878 769 1025 816 seqq.):
1048 771 1149 806 ratio
1170 771 1271 806 enini
1293 770 1368 806 sac-

85 825 162 859 tiva
179 822 350 858 veritatis
375 825 434 856 est
456 821 565 856 Ratio
593 821 721 856 divina
741 821 797 866 (Ο.
824 823 878 863 15,
902 822 1007 866 VIII).
1030 823 1150 869 Igitur
1169 824 1267 859 ratio
1294 823 1367 858 hu-

84 885 201 912 mana
219 878 346 922 potest
365 883 444 909 esse
469 876 574 909 recta
598 874 655 909 vel
684 884 759 909 non
781 879 898 919 recta,
922 885 1009 911 vera
1031 875 1088 911 vel
1112 875 1219 921 falsa
1243 876 1368 911 forma

85 932 192 964 actus
210 926 429 962 voluntatis.
452 926 650 972 Repugnat
671 930 799 962 autem
824 926 927 973 quod
953 927 1133 973 perfectio
1153 928 1208 964 rei
1235 929 1283 964 sit
1296 939 1368 974 per

84 992 121 1017 se
141 991 163 1016 a
176 979 364 1026 falsitate,
380 988 467 1024 quae
485 981 542 1013 est
562 979 816 1013 essentialiter
829 979 1078 1024 imperfectio.
1096 980 1194 1027 Ergo
1216 981 1368 1016 bonitas

84 1032 241 1069 moralis
259 1035 316 1068 est
335 1029 451 1067 liberi
467 1034 574 1067 actus
590 1030 798 1066 voluntatis
818 1032 1068 1075 conformitas
1087 1043 1170 1068 cum
1189 1037 1291 1069 recta
1308 1044 1368 1068 ra-

84 1086 206 1130 tione;
220 1088 258 1120 et
274 1085 565 1130 consequenter,
582 1083 730 1119 malitia
744 1084 903 1119 moralis
917 1088 974 1119 est
991 1084 1245 1121 essentialiter
1259 1085 1369 1121 lz'beri

83 1142 190 1174 actus
199 1135 408 1173 voluntatis
422 1135 659 1182 difformitas
669 1146 753 1172 cum
764 1141 866 1172 recta
879 1137 1041 1173 ratione.
1054 1157 1099 1163 —
1110 1138 1225 1174 Recta
1238 1143 1366 1174 autem

83 1201 150 1226 seu
170 1192 259 1225 v'era
277 1189 377 1225 ratio
397 1192 454 1224 est
474 1188 629 1235 quando
649 1188 912 1225 conformatur
929 1190 1079 1225 veritati
1100 1190 1169 1234 rei,
1186 1193 1222 1226 et
1241 1200 1367 1226 conse-

82 1246 245 1289 quenter
270 1241 421 1277 rationi
451 1240 606 1285 divinoe,
634 1250 721 1287 quae
749 1245 807 1277 est
835 1251 1017 1277 mensura
1050 1242 1176 1278 omnis
1201 1243 1367 1278 veritatis

83 1295 140 1341 (O.
164 1296 221 1339 15,
243 1294 324 1329 VIII
343 1296 381 1328 et
395 1294 533 1340 seqq.).
549 1294 647 1339 Ergo
665 1292 816 1329 bonitas
833 1293 891 1329 vel
910 1293 1057 1330 malitia
1077 1295 1235 1330 moralis
1253 1296 1368 1331 actio-

82 1347 141 1382 nis
157 1346 353 1390 humamn,
374 1345 583 1381 ultimatim
606 1350 643 1381 et
657 1356 729 1391 per
747 1356 786 1382 se
804 1346 1051 1382 constituitur
1070 1358 1137 1393 per
1157 1348 1367 1393 conformi-

81 1403 193 1435 tatem
208 1397 267 1434 vel
282 1407 359 1434 non
377 1397 681 1443 conformitatem
701 1408 787 1433 cum
809 1398 959 1434 ratione
975 1398 1123 1435 divina.

127 1451 169 1486 V.
197 1450 419 1487 Corollaria.
446 1450 565 1497 Igitur
585 1449 781 1497 plenitudo
807 1451 955 1487 essendi
979 1451 1107 1487 debita
1127 1453 1266 1488 actioni
1294 1452 1366 1487 hu-

81 1514 219 1549 manae,
247 1507 304 1539 est
331 1506 374 1538 ut
399 1503 450 1538 sit
476 1502 576 1539 actio
600 1502 721 1539 libera
746 1503 955 1539 conformis
980 1507 1092 1540 rectae
1118 1505 1273 1546 rationi,
1302 1516 1366 1540 seu

79 1556 229 1603 objecto
249 1559 363 1592 rectae
379 1555 521 1591 rationi
541 1560 767 1602 comparato
781 1568 789 1602 ;
805 1577 851 1583 —
867 1558 1039 1593 carentia
1057 1562 1188 1594 autem
1205 1558 1369 1604 plenitu-

81 1609 181 1645 dinis
207 1607 357 1645 essendi
385 1607 525 1644 debitae
552 1608 694 1644 actioni
718 1609 900 1646 humanae
926 1614 984 1646 est
1011 1610 1184 1657 ejusdem
1205 1611 1367 1647 actionis

79 1660 313 1697 difformitas
332 1659 382 1696 ab
398 1659 546 1707 obJecto
567 1664 682 1697 reotae
701 1661 843 1698 rationi
862 1667 1102 1710 comparato.

132 1712 386 1751 corollarium
425 1712 600 1749 alterum.
639 1713 764 1750 Causa
802 1719 931 1750 autem
970 1716 1130 1752 actionis
1169 1717 1366 1753 humanae.

79 1775 215 1812 nempe
246 1764 410 1802 liberum
439 1765 658 1811 arbitrium,
685 1770 818 1814 utpote
847 1767 1072 1811 limitatum,
1100 1773 1158 1804 est
1189 1769 1366 1806 deficiens

79 1821 162 1853 tum
178 1827 224 1853 ex
246 1820 356 1864 parte
371 1817 542 1853 veritatis
556 1817 706 1863 judicii,
728 1821 811 1854 tum
832 1829 878 1855 ex
896 1824 1005 1866 parte
1021 1819 1217 1857 electionis
1235 1822 1366 1857 volun-

80 1870 182 1905 tatis,
202 1869 302 1916 Ergo
323 1869 423 1905 actio
447 1879 470 1904 a
492 1868 669 1905 libertate
692 1870 902 1916 procedens
925 1874 1052 1919 potest
1072 1883 1154 1909 esse
1176 1877 1289 1910 rectae
1309 1885 1367 1909 ra-

79 1921 174 1957 tioni
202 1920 433 1966 conformis,
463 1923 500 1956 et
533 1925 659 1968 potest
691 1921 851 1958 deficere
883 1933 906 1958 a
936 1924 1095 1970 praefata
1125 1925 1365 1962 rectitudine.

78 1974 363 2019 Consequenter
377 1975 478 2009 recte
496 1973 666 2010 actiones
687 1973 869 2010 humanoe
886 1974 1110 2012 dividuntur
1129 1978 1308 2024 primitus
1329 1979 1367 2014 in

76 2026 198 2061 bonas
216 2025 277 2062 vel
297 2024 420 2061 malas
438 2025 650 2063 moralitei.
770 2024 817 2029 ”W

123 2078 183 2113 VI.
199 2078 312 2113 Non.
328 2077 511 2114 Doctrina
529 2078 566 2114 S.
583 2079 749 2115 Thomae.
767 2079 947 2121 Quaerens
963 2081 999 2117 S.
1018 2082 1185 2118 Thomas
1201 2084 1280 2121 1·11.
1297 2085 1366 2127 Qu.

75 2130 204 2165 XVIII.
218 2129 335 2165 Artic.
349 2130 379 2167 Ι.
399 2129 533 2167 Utrum
546 2131 669 2166 omnis
683 2131 851 2168 humana
868 2132 970 2169 actio
986 2135 1038 2169 sic
1054 2134 1151 2171 bona
1164 2135 1220 2171 vel
1233 2136 1369 2184 aliqua

76 2182 195 2227 mala,
214 2181 297 2218 haec
314 2181 508 2228 sapienter
527 2182 643 2219 habet
660 2193 668 2218 :
687 2197 703 2216 ‹
726 2185 950 2232 Respondeo
973 2185 1177 2223 dicendum
1199 2190 1303 2236 quod
1322 2189 1368 2225 de

77 2234 177 2270 bono
199 2238 238 2269 et
265 2233 369 2270 malo
389 2234 428 2270 in
454 2234 668 2271 actionibus
688 2241 840 2282 oportet
864 2237 985 2285 loqui,
1008 2238 1105 2274 sicut
1132 2239 1178 2276 de
1203 2241 1304 2277 bono
1332 2246 1370 2277 et

77 2286 181 2322 malo
197 2285 236 2321 in
255 2285 384 2330 rebus,
406 2296 451 2322 eo
469 2287 574 2334 quod
592 2298 835 2336 unaquaeque
855 2300 915 2326 res
932 2291 1049 2327 talem
1072 2292 1262 2329 actionem
1283 2305 1367 2340 pro·

75 2337 194 2382 ducit,
215 2337 341 2385 qualis
357 2342 416 2375 est
430 2338 527 2386 ipsa.
544 2339 585 2375 In
607 2340 722 2376 rebus
742 2345 870 2378 autem
891 2344 1195 2391 unumquodque
1215 2348 1366 2382 tantum
