1584 2569
204 67 272 102 312
293 77 352 102 JUS
373 76 536 104 NATURAE.
563 77 634 102 LIB.
655 77 696 103 11.
719 77 795 103 CAP-
812 77 849 103 Υ.
868 76 911 103 DE
929 76 1059 103 unwls
1077 76 1268 104 marion.
1289 76 1391 104 INTER
1406 78 1484 107 mc·

203 158 300 194 quos
315 148 472 184 damnat
485 147 681 184 Catholica
700 148 879 193 Ecclesia,
895 148 1078 184 damnare
1099 148 1210 185 debet
1228 150 1266 186 et
1285 149 1426 195 Status,
1447 151 1484 186 et

202 200 468 247 magisterium
486 199 696 237 doctrinale
713 200 888 236 Ecclesiae
909 201 1112 248 suscipere.

250 253 581 300 objectioquarta.
600 254 671 288 Per
683 253 897 289 libertatem
912 252 1075 289 docendi
1097 264 1173 290 non
1190 252 1344 290 laeditur
1352 254 1416 301 jus
1434 255 1483 290 ci-

199 307 319 351 vium,
352 306 492 352 quibus
523 306 562 341 in
594 309 776 353 promptu
806 309 864 342 est
895 306 1051 353 rejicere
1078 306 1270 343 doctrinas
1290 317 1480 343 erroneas.

201 359 311 401 Quod
331 361 458 394 autem
479 358 619 394 nullius
635 357 742 394 laedit
761 358 859 404 iura,
877 362 933 395 est
951 358 1266 405 permittendum.
1285 360 1381 406 Ergo
1401 369 1483 407 per-

199 410 390 447 mittenda
409 414 465 446 est
479 410 639 447 docendi
657 410 826 447 libertaS.

245 466 353 510 Resp.
374 465 476 511 Nego
494 463 690 510 maJ‘orem.
715 464 772 500 Ad
793 463 875 510 ejus
893 468 1022 501 autem
1043 465 1311 512 probationem
1328 473 1483 512 respon-

201 516 271 553 deo
289 517 478 563 imprimis
496 515 613 563 quod,
625 516 714 552 dato
732 517 848 553 etiam
867 517 970 564 quod
989 518 1252 565 unusquisque
1270 520 1401 565 posset
1419 516 1481 553 de-

199 573 327 617 tegere
352 568 511 605 insidias
536 568 799 615 sophistarum
825 570 882 606 vel
915 571 1139 613 errantium,
1171 581 1246 606 uon
1280 573 1483 617 propterea

197 622 259 668 Jus
279 621 393 668 hujus
413 622 672 669 aggressionis
689 626 789 658 esset
809 622 1090 660 admittendum
1110 624 1231 668 ;sicut
1247 633 1324 658 non
1344 621 1483 658 admit·

198 674 359 711 tendum
373 679 430 710 est
445 674 510 719 jus
529 675 568 710 in
589 674 732 721 inJ‘usto
758 684 982 722 aggressore
1002 675 1152 712 etiamsi
1172 675 1331 711 facultas
1358 674 1482 721 repel-

198 726 301 763 lendi
320 727 396 763 vim
415 731 514 763 esset
535 727 571 762 in
596 727 810 772 innocente,
830 727 940 775 cujus
959 727 1016 764 vis
1036 727 1084 764 ad
1107 726 1367 774 repellendam
1386 727 1480 772 inju-

198 780 298 816 riam
332 790 410 815 non
451 779 591 815 minuit
631 779 861 827 injustitiam
888 780 1141 827 aggressoris.
1181 799 1227 808 -—
1262 779 1483 827 Respondeo

198 832 368 868 secundo
388 832 528 868 falsum
550 843 631 869 esse
652 833 755 880 quod
774 832 953 870 omnibus
972 833 1011 869 in
1025 835 1206 880 promptu
1227 832 1274 868 sit
1292 842 1423 869 cavere
1435 832 1483 867 ab

196 884 347 921 insidiis
372 884 650 932 sophistarum,
674 886 887 933 praesertim
908 896 997 922 cum
1023 885 1262 933 sophismata
1286 885 1483 932 passiones

197 938 324 974 fovent
341 948 350 974 :
371 938 544 985 quinimo
566 939 740 975 videmus
760 938 933 986 quotidie
958 939 1135 975 homines
1155 948 1232 975 non
1251 937 1336 974 dico
1356 937 1481 974 solum

197 990 313 1026 rudes
330 990 396 1027 sed
417 991 636 1038 ingeniosos
655 991 762 1028 falsis
783 990 965 1028 doctrinis
984 991 1137 1027 irretiri.

245 1042 416 1090 Objectio
438 1044 588 1090 quinta.
609 1044 774 1081 Ecclesia
796 1045 880 1091 ipsa
905 1044 1122 1080 libertatem
1143 1043 1303 1079 docendi
1322 1041 1415 1087 vult,
1446 1045 1483 1078 et

195 1095 280 1142 Jure
301 1096 470 1143 postulat
496 1096 567 1132 sibi
593 1107 616 1133 a
636 1097 746 1133 Statu
762 1097 862 1133 civili
887 1095 1055 1133 concedi.
1078 1097 1161 1132 Non
1180 1098 1306 1142 potest
1325 1105 1415 1142 ergo
1435 1094 1479 1129 li·

198 1148 325 1184 bertas
348 1148 508 1185 docendi
522 1160 598 1185 non
619 1160 702 1186 esse
723 1149 892 1186 bonum
882 1159 921 1185 m
947 1148 1082 1186 ordine
1098 1148 1210 1195 civili,
1231 1158 1317 1196 quae
1334 1148 1480 1184 bonum

200 1205 256 1237 est
273 1201 311 1237 in
333 1201 467 1238 ordine
480 1202 672 1248 religioso.

246 1254 354 1300 Hesp.
374 1254 570 1301 Distinguo
585 1255 829 1292 antecedens:
849 1256 1016 1294 Ecclesia
1033 1255 1114 1293 vult
1130 1265 1259 1293 veram
1267 1255 1481 1292 libertatem

201 1305 373 1350 docendi,
393 1308 551 1344 concedo
563 1320 578 1353 ‚·
598 1308 678 1344 vult
697 1309 834 1345 falsam
850 1309 1011 1346 docendi
1025 1309 1254 1353 libertatem,
1271 1308 1316 1344 de
1336 1318 1413 1356 qua
1427 1310 1484 1342 est

200 1361 284 1394 tota
310 1362 443 1396 nostra
461 1361 640 1407 quaestio,
666 1372 769 1408 neqo.
795 1362 962 1399 Ecclesia
981 1373 1180 1409 nunquam
1200 1372 1283 1398 sese
1304 1361 1483 1409 opposuit

203 1410 373 1447 libertati
387 1412 572 1458 veritatis,
593 1414 659 1449 sed
680 1414 817 1450 merito
830 1426 912 1451 sese
926 1415 1085 1463 opponit
1100 1415 1267 1451 libertati
1281 1424 1347 1450 seu
1360 1413 1484 1448 verius

202 1463 367 1500 licentiae
387 1466 543 1501 erroris.
563 1466 651 1501 Jure
671 1471 801 1503 autem
817 1478 886 1514 pro
907 1478 946 1503 se
967 1467 1138 1514 postulat
1151 1467 1323 1503 absolute
1333 1465 1483 1502 liberta-

202 1520 280 1551 tem
301 1517 473 1562 docendi,
490 1519 581 1564 quia
596 1519 691 1564 ipsa,
710 1519 826 1555 velint
840 1520 963 1555 nolint
975 1520 1196 1559 adversarii,
1221 1524 1278 1556 est
1297 1519 1483 1565 magistra

201 1568 383 1605 veritatis.
406 1589 451 1595 —
471 1569 605 1610 Quoad
630 1580 717 1606 vero
738 1570 955 1608 libertatem
976 1572 1138 1608 docendi
1160 1572 1197 1608 in
1218 1582 1331 1607 sensu
1355 1570 1489 1606 adver-

203 1620 405 1663 sariorum,
426 1632 513 1658 eam
532 1623 711 1668 Ecclesia,
737 1624 830 1668 vult,
854 1624 951 1661 sicut
976 1625 1055 1661 vult
1073 1625 1285 1661 libertatem
1311 1623 1482 1659 cultuum

205 1673 668 1722 1'·A7tic.66);quatenus
696 1686 834 1723 nempe
866 1678 1164 1724 injustissimum
1190 1681 1247 1713 est
1272 1676 1376 1724 quod
1401 1686 1484 1711 ma-

203 1726 402 1772 gisterium
425 1727 600 1763 Ecclesiae
626 1728 731 1774 quod
755 1733 813 1764 est
836 1739 1026 1777 organum
1049 1729 1236 1789 veritatis,
1261 1728 1486 1765 excludatur

203 1776 251 1812 ab
270 1777 336 1812 illa
355 1778 531 1815 libertate
557 1790 643 1825 quoe
663 1789 732 1827 per
752 1780 856 1827 leges
875 1781 1002 1817 civiles
1019 1782 1138 1818 errori
1159 1782 1229 1829 ipsi
1249 1780 1480 1817 conceditur.

201 1829 390 1866 Audiatur
409 1831 510 1867 hac
500 1843 539 1867 in
556 1843 596 1868 re
623 1833 686 1868 SS.
709 1834 751 1869 D.
772 1834 861 1870 Pius
882 1835 986 1881 Papa
1006 1835 1055 1871 IX
1077 1835 1115 1870 in
1137 1834 1308 1881 Epistola
1324 1833 1371 1869 ad
1391 1833 1486 1869 Feli-

200 1892 284 1918 cem
307 1884 534 1930 Dupanloup
560 1885 790 1933 Episcopum
815 1887 1132 1923 Aurelianensem
1160 1888 1218 1933 (19
1247 1886 1334 1923 Julii
1365 1886 1482 1930 1875),

200 1935 302 1971 circa
320 1935 481 1972 docendi
500 1937 717 1974 libertatem
733 1949 852 1986 quam
874 1940 913 1975 in
934 1940 1055 1976 Gallia
1080 1939 1256 1976 catholici
1275 1949 1374 1975 anno
1395 1939 1485 1974 1875

201 1991 240 2023 et
263 1989 517 2035 quaesiverant
546 1994 584 2025 et
609 1990 856 2027 obtinuerant
876 2002 899 2028 a
924 1992 1061 2039 gallico
1083 1992 1273 2029 Gubernio
1293 2003 1304 2029 t
1332 2005 1350 2024 ‹
1383 1992 1484 2027 Licet

202 2041 354 2077 aeternis
375 2042 537 2088 justitiae
556 2042 706 2090 legibus
729 2044 879 2091 ipsique
902 2047 1014 2082 rectae
1040 2046 1180 2082 rationi
1199 2045 1423 2091 refragetur,
1445 2044 1484 2080 in

202 2092 339 2129 eodem
364 2093 498 2130 haberi
517 2105 632 2131 censu
650 2107 784 2132 verum
804 2107 847 2133 ac
868 2097 1021 2142 falsum,
1044 2100 1080 2133 et
1098 2098 1247 2144 utrique
1271 2097 1380 2144 paria
1397 2106 1485 2132 con-

200 2144 283 2181 cedi
295 2145 397 2190 jura,
412 2156 501 2182 cum
517 2149 648 2183 tamen
665 2148 850 2196 iniquitas
869 2153 1087 2196 temporum
1104 2150 1182 2196 jus,
1201 2152 1335 2196 suapte
1347 2152 1487 2185 natura

202 2198 401 2244 proprium
421 2199 534 2234 unius
554 2201 644 2243 veri,
667 2201 715 2236 ad
736 2201 877 2238 falsum
898 2203 1150 2247 transtulerit,
1173 2205 1223 2245 et,
1244 2202 1337 2237 satis
1356 2202 1483 2237 incon-

201 2250 373 2287 veniente
395 2250 586 2287 libertatis
614 2253 816 2298 vocabulo,
839 2257 1070 2300 potestatem
1088 2255 1121 2290 ei
1145 2254 1275 2290 fecerit
1297 2254 1484 2290 suadendi

203 2314 273 2350 pro
293 2303 430 2350 lubitu,
451 2304 647 2352 vulgandi,
669 2305 831 2342 docendi
856 2310 1074 2343 commenta
1099 2317 1193 2349 sua;
1222 2307 1381 2343 solerter
1400 2317 1485 2342 om·
