1584 2569
215 104 280 136 2le
297 109 357 134 ms
374 106 538 134 numm.
557 105 630 130 Lm.
645 104 682 129 11.
699 103 777 130 cn.
796 103 836 128 11.
859 101 902 128 DE
923 100 1115 127 socmnn:
1131 100 1202 126 clv.
1218 100 1256 126 n(
1272 99 1312 126 SE
1327 100 1501 127 suumn

213 181 311 226 fuit3
332 183 374 215 ut
397 179 518 226 possit
534 174 683 213 institui
700 172 954 221 comparatio,
975 181 1063 219 quae
1080 171 1144 218 jus
1160 170 1331 207 conferat
1347 171 1499 208 conclu-

215 232 331 270 dendi
350 234 485 268 contra
505 227 837 275 exemplaritatem
858 235 983 273 poenae
1004 223 1192 272 capitalis.
1204 224 1251 259 At
1264 223 1420 260 secundi
1439 234 1503 261 ne-

216 297 290 334 que
300 287 546 321 recensentur
553 290 677 328 neque
694 281 856 328 possunt
869 278 1068 322 recenseri,
1082 277 1219 324 quiain
1226 276 1418 324 judicium
1426 287 1504 313 non

217 342 415 376 vocantur.
435 335 569 372 Verior
584 333 772 370 statistica
791 331 858 368 illa
875 334 946 376 est,
976 340 1094 378 quam
1114 340 1249 366 omnes
1268 328 1505 366 cordatiores

219 392 287 428 viri
311 390 526 439 deplorant,
557 384 792 423 incredibilis
818 394 957 431 nempe
986 383 1215 420 delictorum
1238 381 1504 430 augmentatio

216 451 253 482 et
288 443 451 481 audacia
484 440 616 489 cynica
653 438 959 475 facinorosorum
994 440 1201 484 postquam
1240 434 1344 484 apud
1377 435 1506 483 plures

218 498 393 534 nationes
413 498 480 531 aut
505 492 665 530 omnino
692 495 760 528 aut
784 490 894 538 quasi
920 489 1065 526 abolita
1090 488 1163 525 fuit
1181 499 1297 536 poena
1319 487 1506 536 capitalis.

265 549 436 597 Objectio
455 545 633 583 secunda.
654 544 755 580 Satis
775 547 1013 591 praecavetur
1025 542 1128 578 bono
1145 541 1277 578 sociali
1294 545 1332 578 et
1343 540 1509 577 consuli-

220 609 283 639 tur
298 602 371 650 ipsi
388 599 562 637 societati
583 595 791 634 auferendo
812 596 886 632 reis
901 595 1120 632 libertatem
1142 594 1320 640 nocendi,
1340 604 1406 631 eos
1422 604 1504 642 per-

220 660 336 703 petuo
357 653 405 690 ad
431 653 607 689 triremes
632 649 868 686 damnando.
892 649 1007 696 Atqui
1032 648 1194 684 societas
1216 658 1263 684 ex
1283 647 1385 683 bono
1405 657 1508 684 com-

221 708 329 744 muni
349 704 593 754 procurando
618 714 689 739 sua
709 703 799 750 jura
824 701 1003 738 desumit.
1031 700 1129 747 Ergo
1156 700 1239 747 eJ'us
1257 700 1347 747 jura
1371 709 1450 735 non
1469 709 1510 735 se

221 759 435 797 extendunt
454 757 502 794 ad
520 766 676 805 poenam
702 754 922 803 capitalem.

267 819 376 866 Resp.
397 817 501 865 Nego
521 815 721 862 maJ‘orem.
739 814 822 850 Non
849 814 953 853 enim
973 817 1186 854 abstractas
1205 827 1250 853 ac
1268 827 1385 853 vanas
1401 816 1507 853 theo-

225 873 298 908 rias
307 870 416 918 sequi
425 869 537 906 debet
545 866 815 917 philosophus,
828 868 894 905 sed
903 869 1002 905 facta
1019 869 1103 916 ipsa
1115 868 1370 906 considerare.
1388 869 1507 905 Porro

224 931 476 974 quoadusque
494 923 725 960 criminosus
744 922 850 966 vivit,
868 923 961 959 vivit
979 922 1199 958 membrum
1216 922 1389 958 societati
1409 922 1511 958 noci-

226 990 315 1016 vum
334 991 344 1024 ;
362 978 524 1014 societas
543 981 674 1013 autem
690 976 755 1023 jus
775 975 892 1011 habet
912 974 1061 1011 vivendi
1080 975 1120 1011 in
1149 985 1241 1022 pace
1269 975 1351 1011 sine
1372 975 1511 1012 timore

225 1030 460 1069 nocumenti.
480 1029 545 1065 Est
572 1033 702 1065 autem
725 1029 844 1064 timor
868 1038 1068 1075 quousque
1099 1028 1330 1064 criminosus
1354 1028 1448 1064 vivit
1473 1029 1513 1064 in

225 1084 460 1127 triremibus,
480 1081 539 1118 vel
555 1080 780 1129 deportatus
800 1081 838 1115 in
852 1080 981 1127 aliqua
1001 1080 1138 1125 insula,
1158 1091 1205 1116 ex
1224 1081 1364 1127 quibus
1384 1084 1514 1128 potest

226 1136 399 1181 evadere,
417 1136 495 1171 imo
513 1138 550 1170 et
566 1132 798 1180 quandoque
815 1132 942 1169 evadit
958 1132 1007 1168 ad
1020 1132 1096 1169 alia
1113 1133 1304 1180 patranda
1323 1132 1509 1169 facinora.

226 1212 269 1217 —
286 1188 397 1232 Quod
413 1188 445 1224 si
464 1186 513 1223 ad
534 1186 729 1222 duriorem
745 1186 865 1221 vitam
885 1186 924 1221 in
947 1196 1097 1222 carcere
1113 1190 1180 1222 aut
1197 1186 1236 1222 in
1256 1186 1350 1222 locis
1370 1185 1512 1222 insalu-

230 1242 361 1279 bribus
380 1240 563 1287 adigitur,
586 1237 720 1286 procul
739 1237 857 1274 dubio
877 1238 953 1274 alia
969 1238 1030 1275 via
1046 1238 1118 1286 ipsi
1138 1243 1305 1275 mortem
1326 1238 1441 1275 infert
1453 1249 1512 1275 so-

227 1297 355 1333 cietas.
372 1294 447 1329 Aut
466 1293 586 1340 igitur
601 1292 763 1328 societas
788 1301 913 1338 neque
931 1292 995 1338 Jus
1009 1290 1125 1328 habet
1153 1291 1353 1339 infligendi
1384 1291 1512 1338 hujus·

228 1347 333 1385 modi
364 1356 500 1394 poenas
533 1344 749 1381 causativas
768 1344 919 1389 mortis,
940 1348 978 1380 et
1006 1344 1046 1380 in
1066 1343 1139 1381 hoc
1167 1355 1270 1390 casu,
1303 1344 1512 1381 fatentibus

226 1400 467 1443 adversariis,
498 1397 662 1434 habetur
684 1397 895 1445 impunitas
924 1395 1148 1433 detestenda
1171 1397 1399 1434 delictorum
1416 1408 1426 1443 3
1444 1401 1512 1434 aut

228 1456 309 1502 ejus
325 1454 389 1501 jus
410 1451 622 1500 porrigitur
640 1460 761 1497 usque
777 1448 826 1486 ad
844 1460 1000 1497 poenam
1023 1450 1243 1497 capitalem.

275 1504 444 1553 objectio
458 1504 585 1539 tertia.
605 1502 643 1538 Si
661 1502 824 1538 crimina
840 1507 1031 1550 augentur
1050 1503 1089 1538 in
1109 1503 1304 1548 societate,
1326 1502 1365 1539 id
1382 1513 1512 1551 prove·

229 1560 286 1597 nit
305 1569 352 1595 ex
371 1557 554 1593 societate
573 1556 669 1602 ipsa,
688 1565 774 1602 quae
791 1555 955 1591 crimina
966 1554 1121 1592 deberet
1134 1556 1359 1602 praevenire,
1378 1566 1514 1604 propa-

230 1611 355 1661 gando
372 1614 410 1646 et
428 1607 656 1645 inculcando
677 1617 832 1643 morum
852 1607 1109 1644 honestatem.
1129 1608 1213 1644 Non
1244 1619 1336 1656 ergo
1356 1609 1519 1646 societas

230 1667 356 1713 potest
374 1662 510 1710 punire
527 1671 643 1709 poena
662 1659 817 1707 capitali
839 1660 1016 1705 crimina,
1034 1670 1122 1707 quae
1147 1664 1215 1696 aut
1233 1661 1316 1708 eJus
1338 1661 1515 1705 inscitiae,

229 1722 295 1754 aut
315 1716 398 1763 ejus
418 1713 576 1750 incuriae
596 1712 798 1750 debentur.
826 1712 904 1748 Hoc
929 1716 1203 1760 argumentum
1229 1717 1340 1760 urget
1358 1713 1517 1750 Torom-

229 1771 326 1814 bert,
346 1767 549 1813 Principes
575 1765 627 1801 du
648 1765 754 1801 droit
779 1765 981 1812 potitique,
1010 1765 1091 1803 Lib.
1111 1765 1158 1802 11.
1190 1767 1221 1811 ἓ.
1252 1765 1311 1802 IV.
1342 1767 1519 1813 quamvis

229 1823 342 1871 plura
361 1820 512 1868 egregie
524 1818 687 1855 disserat
700 1822 835 1854 contra
852 1817 1098 1855 Contractum
1112 1819 1292 1855 socialem
1309 1819 1517 1856 Rousseau.

276 1876 385 1921 Resp.
416 1870 686 1919 Retorquendo
715 1875 989 1919 argumentum
1025 1870 1099 1908 hoc
1128 1871 1268 1908 modo:
1295 1872 1334 1908 Si
1359 1873 1521 1909 crimina

232 1931 423 1976 augentur
438 1926 477 1961 in
497 1924 680 1961 societate
699 1922 737 1959 id
759 1924 936 1971 provenit
954 1934 1000 1960 ex
1025 1924 1208 1961 societate
1228 1925 1323 1972 ipsa,
1345 1935 1433 1972 quae
1449 1925 1519 1961 cri-

232 1982 339 2017 mina
358 1978 470 2015 debet
499 1977 724 2025 praevenire‚
753 1975 1004 2024 propagando
1039 1981 1078 2014 et
1107 1976 1334 2013 inculcando
1363 1987 1518 2013 morum

232 2034 488 2071 honestatem.
503 2030 602 2078 Ergo
616 2030 778 2066 societas
791 2029 941 2066 nullum
953 2030 1098 2066 crimen
1109 2034 1236 2077 potest
1247 2030 1396 2078 punire,
1415 2030 1519 2077 quod

232 2091 299 2123 aut
315 2086 397 2132 eJus
414 2083 573 2119 inscitiae
590 2087 657 2118 aut
674 2082 756 2130 eJus
771 2082 929 2119 incuriae
945 2081 1118 2119 debetur.
1139 2083 1229 2125 Quae
1243 2083 1518 2130 consequentia

233 2150 311 2176 non
339 2137 560 2173 admittitur
578 2146 601 2171 a
625 2135 742 2171 citato
769 2136 946 2172 Auctore.
979 2135 1101 2183 Igitur
1134 2136 1215 2183 ejus
1243 2140 1517 2183 argumentum

234 2191 332 2229 nihil
342 2190 494 2238 probat.
513 2209 559 2215 -
571 2189 712 2225 Revera
727 2189 888 2225 societas
902 2188 1015 2225 debet
1031 2189 1220 2237 sapientes
1236 2189 1338 2237 leges
1353 2189 1463 2234 ferre,
1479 2194 1518 2225 et

235 2254 368 2282 curare
386 2247 429 2279 ut
447 2242 547 2279 cives
567 2241 677 2278 bonis
697 2242 871 2278 moribus
892 2241 1119 2278 imbuantur
1137 2246 1174 2278 et
1200 2241 1426 2290 religionem
1446 2242 1517 2278 im-

235 2307 352 2346 pense
379 2294 508 2332 colant
535 2293 637 2330 unde
663 2294 795 2331 omnia
817 2293 944 2331 officia
973 2293 1196 2331 dimanant:
1221 2295 1282 2331 cui
1313 2294 1464 2330 muneri
1484 2295 1516 2330 si

237 2350 348 2395 desit,
369 2347 538 2385 maxime
557 2345 757 2394 culpabilis
778 2350 835 2383 est
854 2358 862 2392 ;
881 2345 947 2383 sed
965 2346 1163 2384 moraliter
1182 2350 1239 2384 est
1257 2347 1330 2390 ipsi
1345 2347 1507 2389 impossi
