1554 2569
181 112 226 148 34
251 123 379 149 ETmCA
392 124 462 149 Lm.
477 125 519 150 11.
532 125 609 151 CAP.
624 126 647 150 l.
661 126 705 151 DE
718 127 865 151 ACTIBUS
882 126 1017 151 ttUMAN.
1031 126 1069 151 IN
1084 124 1208 151 SEIPSIS
1222 124 1469 150 consmERATts

179 193 295 230 hahet
315 195 360 231 de
387 195 487 232 bono
509 201 696 243 quantum
718 198 833 233 habet
853 198 898 233 de
920 208 1000 234 esse
1024 209 1031 233 :
1056 198 1199 233 bonum
1220 197 1322 233 enim
1345 199 1382 232 et
1401 206 1468 232 ens

180 252 466 290 convertuntur,
483 254 524 283 ut
545 249 582 285 in
602 251 731 286 Primo
749 251 789 296 (Ι.
812 251 852 293 P,
871 249 938 295 Qu.
956 251 996 295 V,
1015 250 1137 286 Artic.
1154 251 1231 294 III).
1254 249 1397 285 dietum
1413 253 1469 283 est

181 299 237 344 (O.
263 302 318 345 17,
343 300 415 347 lV).
439 301 549 337 Solus
568 307 696 339 autem
715 304 813 338 Deus
835 302 950 339 habet
970 307 1093 338 totam
1114 301 1390 350 plenitudinem
1409 297 1468 336 sui

180 362 262 387 esse
295 354 504 389 secundum
531 354 678 401 aliquid
706 366 825 390 unum
853 360 889 391 et
922 356 1108 401 simplex;
1138 364 1380 401 unaquaeque
1409 364 1469 389 res

179 414 268 440 vero
298 405 414 441 habet
444 407 721 453 plenitudinem
749 407 899 443 essendi
924 408 995 444 sibi
1021 407 1311 444 convenientem
1339 417 1469 442 secun-

181 457 274 492 dum
296 457 456 494 diversa.
476 459 581 495 Unde
603 461 640 495 in
664 461 856 506 aliquibus
872 461 1070 508 contingit,
1086 460 1190 507 quod
1211 463 1400 507 quantum
1422 459 1470 494 ad

182 509 326 556 aliquid
347 511 491 547 habent
509 523 603 555 esse,
621 515 656 548 et
677 517 806 548 tamen
822 513 875 548 eis
894 512 1037 559 aliquid
1059 512 1185 549 deficit
1203 512 1250 548 ad
1268 511 1472 559 plenitudi-

182 573 269 598 nem
284 563 433 599 essendi
455 565 508 600 eis
526 564 692 601 debitam
707 576 714 608 ς
732 566 829 601 sicut
844 566 891 601 ad
912 565 1191 613 plenitudinem
1207 575 1288 600 esse
1309 562 1468 600 humani

183 616 390 662 requiritur
413 616 516 663 quod
537 617 584 653 sit
606 617 803 664 quoddam
830 618 1089 665 compositum
1110 628 1156 654 ex
1177 618 1307 654 anima
1327 620 1363 652 et
1383 626 1471 651 cor-

182 678 274 714 pore
297 668 442 705 habens
463 680 596 706 omnes
623 671 814 718 potentias
842 674 878 706 et
903 671 1159 707 instrumenta
1179 669 1408 717 cognitionis
1435 670 1472 703 et

183 724 324 756 motus.
352 721 455 757 Unde
476 723 507 757 si
533 722 676 769 aliquid
696 723 835 759 horum
857 722 1007 760 deficIat
1031 723 1142 759 alicui
1163 722 1324 767 homini,
1347 721 1472 758 deficit

182 773 215 807 ei
242 772 387 819 aliquid
410 773 455 809 de
476 774 713 820 plenitudine
731 776 789 811 sui
814 786 907 812 esse.
935 776 1129 818 Quantum
1155 775 1272 821 igitur
1288 773 1405 809 habet
1426 772 1472 808 de

182 835 278 869 esse,
302 830 452 861 tantum
473 826 589 863 habet
610 827 656 863 de
682 827 877 871 honitate;
900 829 1131 875 inquantum
1155 838 1243 863 vero
1265 825 1412 872 aliquid
1438 825 1473 860 ei

184 876 309 912 deficit
336 878 380 913 de
407 878 642 925 plenitudine
669 880 832 925 essendi,
861 880 1052 916 intantum
1081 879 1208 916 deficit
1235 889 1257 914 a
1285 878 1470 919 bonitate,

183 933 219 964 et
236 929 376 965 dicitur
396 931 562 975 malum3
581 932 678 967 sicut
698 932 815 968 homo
836 942 957 968 caecus
975 931 1091 967 habet
1109 932 1154 967 de
1176 931 1348 967 bonitate
1369 928 1472 976 quod

184 982 285 1026 vivit,
311 985 346 1017 et
367 983 511 1019 malum
533 987 589 1019 est
610 985 641 1019 ei
661 985 764 1031 quod
788 989 892 1021 caret
912 986 1008 1022 visu.
1032 984 1069 1020 Si
1090 994 1177 1020 vero
1198 983 1294 1019 nihil
1313 982 1474 1019 haberet

183 1035 228 1069 tle
248 1035 405 1071 entitate
426 1036 483 1072 vel
504 1037 685 1077 bonitate,
710 1048 833 1084 neque
855 1037 1001 1073 malum
1024 1036 1081 1082 (Ο.
1109 1039 1164 1080 18,
1185 1037 1242 1081 V),
1265 1045 1387 1082 neque
1408 1035 1474 1070 ho·

184 1096 275 1122 num
298 1087 371 1122 dici
396 1093 538 1134 posset.
558 1109 602 1115 —-
623 1089 695 1125 Sed
717 1091 809 1136 quia
832 1089 877 1125 de
897 1090 1046 1126 ratione
1067 1089 1157 1124 boni
1177 1091 1234 1124 est
1254 1089 1338 1135 ipsa
1357 1087 1474 1134 pleni-

184 1139 276 1174 tudo
298 1140 448 1176 essendi
465 1152 473 1185 3
493 1142 523 1176 si
546 1141 702 1188 quidem
723 1142 835 1178 alicui
854 1141 999 1188 aliquid
1021 1140 1183 1177 defuerit
1204 1140 1249 1177 de
1270 1139 1399 1177 debita
1419 1150 1474 1175 es-

183 1191 291 1227 sendi
312 1192 563 1238 plenitudine,
580 1204 657 1229 non
679 1194 826 1230 dicetur
839 1194 1066 1240 simpliciter
1081 1195 1159 1239 (seu
1178 1192 1359 1235 absolute,
1375 1191 1474 1239 quod

182 1244 379 1291 siynifceat
392 1245 683 1292 plenitudinem)
701 1247 859 1291 bonum,
876 1247 941 1283 sed
963 1246 1174 1283 seeundum
1192 1245 1297 1293 quid,
1314 1246 1474 1291 inquan-

184 1302 266 1331 tum
287 1302 343 1332 est
363 1308 430 1333 ens
447 1309 454 1333 ε
474 1299 615 1345 poterit
635 1302 765 1335 tamen
782 1299 853 1335 dici
876 1299 1101 1346 simpliciter
1115 1309 1196 1340 effi,
1212 1302 1249 1334 et
1262 1296 1473 1333 secundum

184 1348 277 1394 quid
296 1350 353 1394 (ese
373 1361 447 1396 qua
461 1355 576 1396 parte
591 1361 720 1397 nempe
739 1356 792 1388 est
811 1351 987 1398 deficiens
1004 1351 1045 1386 in
1061 1350 1299 1397 plenitudine
1313 1348 1474 1392 essendi)

185 1411 359 1446 non-ens,
383 1407 423 1437 ut
449 1403 485 1437 in
513 1403 638 1449 primo
665 1405 718 1448 (P.
748 1405 775 1439 Ι.
805 1403 875 1445 Qu.
903 1404 945 1440 V.
965 1404 1081 1439 Artic.
1098 1402 1139 1448 l.)
1160 1402 1306 1438 dictum
1333 1403 1402 1436 est.
1430 1420 1474 1427 —

190 1453 248 1488 Sic
265 1454 381 1500 igitur
401 1454 605 1490 dicendum
627 1458 683 1491 est
702 1455 805 1502 quod
827 1455 954 1491 omnis
976 1454 1087 1499 actio,
1106 1455 1338 1501 inquantum
1359 1453 1476 1489 habet

191 1505 335 1551 aliquid
355 1505 400 1542 de
414 1517 501 1550 esse,
519 1507 711 1543 intantum
726 1507 842 1543 habet
863 1507 909 1544 de
927 1507 1120 1551 bonitate;
1139 1507 1370 1553 inquantum
1386 1515 1475 1541 vero

189 1558 317 1594 deficit
332 1559 366 1594 ei
384 1560 530 1606 aliquid
547 1560 593 1596 de
614 1560 851 1607 plenitudine
869 1560 1034 1604 essendi,
1051 1569 1135 1606 quae
1157 1559 1317 1595 debetur
1334 1558 1475 1595 actioni

189 1610 382 1654 humanae,
404 1612 596 1648 intantum
626 1612 752 1649 deficit
779 1623 802 1648 a
829 1613 1012 1654 bonitate,
1036 1616 1073 1647 et
1099 1612 1152 1648 sic
1182 1611 1322 1647 dieitur
1347 1610 1474 1653 mala3

189 1667 295 1708 puta,
310 1664 340 1699 si
353 1663 505 1700 deficiat
519 1665 552 1700 ei
568 1664 825 1701 determinata
839 1665 1033 1711 quantitas
1047 1664 1256 1700 secundum
1271 1663 1472 1701 rationem,

190 1715 245 1750 vel
268 1715 420 1751 debitus
440 1716 559 1761 locus,
585 1717 644 1752 vel
667 1717 812 1762 aliquid
833 1717 1069 1763 hujusmodi.
1090 1730 1106 1749 ι
1130 1736 1174 1743 -
1194 1716 1248 1752 Cf.
1271 1717 1433 1753 loannes
1455 1725 1478 1751 a

189 1768 224 1802 S.
247 1767 391 1805 Thomu
407 1769 446 1804 in
466 1771 544 1805 1-11.
566 1770 758 1816 Disputat.
782 1771 876 1814 VIII,
897 1770 1015 1805 Artic.
1034 1770 1065 1804 Ι.

570 1881 823 1918 ARTICULUS
856 1881 1092 1917 SECUNDUS

791 1951 864 1997 (ιο)

227 2031 281 2067 De
301 2031 456 2068 eriterz'o
476 2031 684 2068 extrinseco
704 2031 940 2068 moralitatis
956 2032 1149 2067 actionum
1167 2030 1425 2066 humanarum

236 2131 263 2166 1.
285 2131 462 2174 Quaeszio.
485 2132 696 2166 Statuimus
718 2131 755 2166 in
779 2130 1010 2177 praecedenti
1031 2129 1192 2165 articulo
1215 2130 1382 2165 actiones
1404 2129 1478 2165 hu·

189 2192 326 2219 manas
343 2184 382 2218 in
395 2194 470 2219 esse
490 2183 620 2225 moris,
638 2194 702 2218 seu
725 2183 890 2218 morales
907 2182 1120 2218 formaliter
1132 2182 1314 2218 constitui
1331 2186 1370 2217 et
1390 2192 1480 2217 con-

190 2237 392 2283 sequenter
412 2235 594 2271 honestas
615 2236 673 2271 vel
699 2238 828 2282 turpes
853 2245 935 2270 esse
963 2245 1007 2270 ex
1036 2234 1169 2270 ordine
1197 2233 1479 2270 conformitatis

191 2288 248 2323 vel
266 2287 529 2323 difformitatis
546 2287 594 2323 ad
616 2291 759 2323 rectam
773 2288 977 2323 rationem.
998 2287 1069 2323 Sed
1091 2286 1284 2323 undenam
1302 2289 1358 2322 est
1372 2285 1478 2333 quod

193 2341 386 2377 nonnullae
419 2341 586 2377 actiones
615 2341 692 2377 sint
716 2344 829 2377 rectoe
859 2340 999 2376 rationi
1027 2339 1255 2379 conformes.
1284 2338 1479 2375 nonnullae
