1584 2569
418 107 498 132 Αιιτ.
535 106 586 132 111.
618 107 663 133 nr,
687 105 930 133 Aceronia-ue
955 106 1091 132 secum
1334 95 1402 129 229

110 189 200 228 ergo
220 182 355 216 contra
372 182 551 215 naturam
569 182 690 226 agunt
709 178 775 225 qui
794 178 913 213 vitam
945 177 1156 214 solitariam
1175 182 1334 223 ducunt,
1359 181 1402 213 ut

109 232 258 279 antiqui
284 231 549 275 anachoretae3
580 241 677 278 quos
697 235 827 267 tamen
851 230 987 268 laudat
1011 231 1200 267 catholica
1219 231 1384 267 Ecclesia

152 285 264 332 Resp.
279 285 382 333 Nego
400 284 612 320 illationem
631 289 670 320 et
687 285 928 331 suppositum
952 285 1171 332 argumenti
1194 295 1203 319 :
1224 284 1396 320 Anacho-

110 342 201 373 retae
214 338 318 374 enim
335 347 413 374 non
429 341 540 374 erant
565 336 836 384 misanfflropi,
858 336 930 373 hoc
949 341 1007 373 est
1027 336 1173 373 inimici
1189 337 1395 382 societatis,

110 389 175 425 sed
192 390 362 425 maxime
377 390 512 435 amici;
536 394 574 425 et
593 390 625 425 si
645 389 825 425 vivebant
843 390 1009 437 separati
1029 389 1284 425 materialiter
1303 400 1325 425 a
1341 399 1397 425 so-

109 442 259 488 cietate,
285 446 396 478 erant
421 446 551 478 tamen
583 442 681 478 uniti
702 442 901 478 moraliter
919 452 987 489 per
1009 452 1079 478 sua
1105 442 1294 490 exempla,
1314 452 1398 478 ora-

112 495 249 540 tiones,
271 494 413 540 studia,
446 500 484 531 et
515 495 591 531 alia
621 495 764 531 similia
795 505 924 543 opera.
947 494 1053 532 SIcut
1078 506 1169 543 ergo
1202 506 1280 531 non
1301 499 1399 531 esset

108 547 400 595 misanthropus
417 547 534 584 homo
555 548 621 594 qui
656 558 737 584 sese
754 547 1007 585 materialiter
1022 552 1218 595 separaret
1237 559 1259 584 a
1281 549 1397 584 socie-

109 604 188 636 tate
221 605 264 636 ut
291 600 609 648 contemplationi
641 601 813 637 veritatis
845 605 950 638 totus
969 601 1222 646 incumberet,
1251 602 1304 637 ita
1329 612 1399 637 nec

109 652 343 689 anachoreta
360 653 427 700 qui
446 653 566 689 vitam
583 653 797 689 solitariam
813 653 918 690 ducit
929 658 972 689 ut
990 664 1071 690 sese
1089 653 1217 689 tradat
1228 657 1397 690 contem-

109 704 284 751 plationi⁷
305 706 512 741 virtutibus
537 706 768 751 excolendis,
799 710 837 743 et
870 711 914 743 ut
939 707 1170 743 sacrificium
1200 708 1258 743 sui
1279 707 1398 754 ipsius

105 758 253 806 jugiter
272 759 407 795 offerat
419 759 583 806 justitiae
603 758 742 795 divinae
759 770 828 807 pro
847 761 1012 807 peccatis
1031 760 1240 797 societatis.

509 882 766 919 ARTICULUS
802 882 999 919 TERTIUS

715 966 789 1011 (51)

511 1045 566 1085 De
593 1048 824 1084 auctoritate
841 1048 996 1084 sociali.

158 1142 187 1179 1.
205 1141 463 1179 Auctoritatis
483 1142 638 1178 socialis
666 1144 787 1179 notio.
807 1143 1055 1179 Auctoritatis
1071 1143 1222 1179 socialis
1239 1143 1399 1180 necessi-

112 1199 232 1231 tatem
244 1194 291 1230 ad
305 1194 615 1230 constituendam
626 1196 848 1231 societatem
864 1195 1211 1231 demonstravimus
1229 1197 1265 1232 in
1286 1197 1400 1242 hujus

110 1246 256 1294 Capitis
283 1246 445 1283 articulo
475 1247 602 1294 primo
631 1257 670 1282 n.
691 1247 736 1283 11.
757 1247 823 1282 Est
841 1252 971 1284 autem
997 1249 1213 1284 Auctoritas
1234 1250 1398 1294 socialis,

110 1300 222 1346 juxta
239 1309 486 1336 communem
506 1309 751 1345 consensum,
773 1304 942 1346 potestas
961 1311 1027 1338 seu
1041 1301 1226 1346 facultas,
1249 1313 1314 1338 seu
1329 1302 1399 1349 jus

114 1351 353 1399 quom-nandi
370 1351 666 1399 Rempublicam.
686 1353 778 1394 Quae
792 1352 966 1389 definitio
982 1354 1076 1390 satis
1091 1354 1208 1390 etiam
1226 1354 1329 1390 clara
1344 1358 1397 1391 est

110 1415 158 1441 ex
176 1403 287 1442 dictis
307 1405 346 1441 in
365 1405 484 1442 citato
504 1405 680 1442 articulo.

158 1457 206 1493 11.
236 1457 405 1502 Quaestio
431 1458 568 1503 prima.
600 1458 715 1505 Atqm
744 1459 937 1495 declarata
974 1459 1216 1495 auctoritatis
1249 1459 1400 1496 socialis

110 1514 263 1555 natura,
291 1521 311 1546 e
339 1510 501 1558 vestigio
533 1510 722 1557 quaeritur
748 1510 795 1546 de
823 1511 906 1557 ejus
926 1511 1102 1559 origine:
1131 1522 1216 1558 quae
1238 1513 1400 1559 quaestio

110 1563 247 1598 intime
265 1563 508 1599 connectitur
525 1573 614 1599 cum
634 1563 845 1610 quaestione
866 1564 967 1600 circa
996 1564 1186 1612 originem
1207 1565 1326 1612 ipsius
1343 1575 1400 1601 so-

111 1616 273 1652 cietatis.
287 1615 438 1652 Etenim
452 1616 518 1662 qui
534 1620 690 1663 pactum
704 1615 844 1652 sociale
861 1627 949 1653 cum
964 1616 1158 1653 Rousseau
1175 1616 1400 1661 admittunt,

111 1678 159 1705 ex
189 1668 271 1715 ipso
305 1673 417 1716 pacto
448 1668 623 1705 derivant
654 1673 736 1704 tum
765 1669 1003 1713 societatem,
1041 1674 1144 1715 tum,
1178 1674 1217 1705 et
1245 1670 1401 1717 quidem

111 1720 248 1768 logice,
294 1721 564 1758 auctoritatem
605 1721 779 1758 societati
814 1721 1093 1758 constituendae
1135 1724 1400 1759 necessariam.

111 1771 322 1808 Audiamus
340 1772 548 1808 Rousseau.
571 1773 740 1809 Societas
760 1773 931 1810 humana
947 1773 1112 1810 habetur
1126 1785 1225 1821 per«
1245 1776 1401 1811 totalem

113 1824 401 1868 alienationem,
421 1835 538 1871 quam
556 1826 717 1872 quisque
731 1826 857 1862 socius
870 1826 959 1862 facit
974 1827 1148 1862 omnium
1159 1828 1174 1873 j
1181 1828 1307 1863 urium
1320 1839 1401 1863 suo-

113 1886 200 1912 rum
220 1876 293 1912 toti
319 1877 591 1913 communitati
613 1888 652 1922 »3
680 1877 783 1914 unde
801 1891 818 1910 ‹
850 1879 1011 1925 quisque
1037 1883 1213 1914 nostrum
1237 1880 1345 1926 ponit
1365 1880 1402 1915 in

113 1930 313 1966 communi
333 1940 443 1966 suam
465 1941 684 1977 personam,
711 1941 944 1977 omnemque
966 1941 1075 1966 suam
1103 1933 1314 1979 potentiam
1334 1933 1404 1969 sub

112 1992 294 2029 suprema
320 1981 532 2019 directione
562 1983 773 2019 voluntatis
796 1983 1007 2030 generalis-,-
1024 1988 1061 2020 et
1078 1994 1148 2020 nos
1167 1986 1402 2031 conjunctim

113 2035 320 2083 recipimus
362 2034 563 2082 quodlibet
605 2035 824 2072 membrum
863 2040 907 2072 ut
940 2040 1089 2084 partem
1133 2036 1404 2073 indivisibilem

114 2087 233 2124 totius
253 2101 287 2123 ι.
315 2087 438 2136 Igitur
466 2089 679 2125 auctoritas
711 2088 864 2136 publica
895 2099 961 2125 seu
990 2089 1142 2126 socialis
1170 2094 1227 2125 est
1252 2100 1406 2126 summa

113 2138 336 2176 libertatum
355 2151 422 2177 seu
437 2140 682 2177 voluntatum
703 2140 1004 2186 individuorum,
1022 2153 1107 2189 quae
1127 2152 1280 2178 summa
1296 2142 1404 2178 effor-
1442 2170 1444 2172 v

114 2196 197 2228 mat
213 2192 453 2230 voluntatem
474 2193 707 2241 generalem,
729 2203 816 2240 quae
837 2198 893 2229 est
910 2194 993 2241 ipsa
1008 2196 1237 2238 auctoritas,
1267 2199 1403 2239 status,
1443 2222 1446 2223 γ

114 2248 202 2289 etc.‚
222 2245 433 2282 secundum
453 2246 557 2293 quod
576 2246 678 2282 varie
707 2245 984 2282 consideratur.
1014 2261 1031 2280 «
1054 2247 1193 2282 Statim
1214 2247 1297 2282 loco
1322 2258 1403 2294 per-

114 2306 219 2333 sonae
239 2297 441 2345 peculiaris
454 2300 639 2345 quusque
650 2299 914 2335 contrahentis
934 2299 997 2336 hic
1013 2304 1120 2336 actus
1138 2300 1403 2336 associationis

116 2351 348 2396 (contractus
371 2351 545 2396 socialis)
566 2350 745 2400 producit
759 2362 900 2400 corpus
919 2352 1065 2390 morale
1084 2361 1123 2389 et
1144 2352 1400 2395 collectivum,
