1554 2569
193 134 239 171 28
265 144 394 170 ETmCA
413 143 485 169 LIB.
498 144 522 170 1.
544 144 624 169 CAP-
647 144 686 169 11.
702 143 744 168 BE:
758 143 900 169 NATURA
919 144 1041 169 mmm
1063 145 1156 170 FINIS
1171 146 1327 172 HUMANAE
1351 147 1439 173 VITAE

193 217 296 254 enim
318 215 466 262 aliquid
488 215 637 251 deesset
658 215 706 250 ad
726 215 1000 250 rationabilem
1021 215 1190 252 hominiS
1211 217 1483 264 perfectionem

194 269 400 316 pertinens,
425 267 657 304 desiderium
680 267 888 302 voluntatis
909 267 1012 313 quod
1034 270 1189 316 respicit
1209 274 1334 305 totum
1356 271 1484 307 homi-

195 333 281 358 nem
306 320 582 368 perficiendum
611 322 683 366 (Ps.
707 322 765 364 42,
788 320 830 366 V)
851 330 928 355 non
948 325 1046 356 esset
1065 323 1274 368 expletum,
1296 328 1333 359 et
1359 325 1480 360 beati-

195 375 286 410 tudo
307 385 383 410 non
404 374 622 418 haberetur,
646 378 687 408 ut
705 376 810 419 patet
831 383 876 408 ex
895 373 1007 409 dictis
1026 374 1126 410 circa
1141 376 1380 412 conditiones
1398 378 1480 413 bea-

193 427 383 462 titudinis.
413 440 429 459 α
467 427 676 462 Praemium
707 425 872 470 virtutis,
903 426 1026 472 inquit
1061 427 1098 462 S.
1128 429 1377 474 Augustinus,
1413 431 1481 466 erit

195 481 275 527 ipse
296 480 361 527 qui
382 479 560 514 virtutem
583 479 700 521 dedit,
721 478 845 524 eique,
869 488 908 513 se
931 479 1070 525 ipsum,
1090 491 1166 526 quo
1189 481 1325 517 melius
1345 486 1382 518 et
1402 493 1484 519 ma-

191 533 253 578 jus
274 533 366 567 nihil
387 532 508 579 possit
522 542 617 573 esse,
636 531 826 577 promisit.
847 530 946 572 Quid
968 534 1024 567 est
1044 534 1146 567 enim
1166 533 1269 569 aliud
1292 535 1396 581 quod
1416 546 1483 583 per

193 585 427 632 Prophetam
448 584 558 628 dixit,
579 584 660 619 Ero
676 584 832 619 illorum
851 583 966 629 Deus,
981 589 1016 620 et
1036 585 1115 631 ipsi
1133 591 1242 621 erunt
1262 587 1362 623 mihi
1375 588 1483 634 plebs

196 639 324 683 (Levit.
357 637 474 681 XXVI,
512 637 588 684 12);
618 637 704 682 nisi,
740 637 818 682 Ego
848 647 913 672 ero
944 638 1045 674 unde
1075 639 1274 684 satientur,
1306 642 1383 687 Ego
1418 652 1483 677 ero

194 701 448 737 quaecumque
473 690 519 725 ab
541 689 763 725 hominibus
791 689 951 725 honeste
973 689 1253 735 desiderantur,
1278 696 1313 728 et
1334 694 1425 739 vita,
1447 699 1485 730 et

195 744 312 786 salus,
328 746 364 779 et
378 743 513 785 victus,
535 746 572 778 et
589 742 713 789 copia,
736 745 773 777 et
788 741 923 788 gloria,
941 745 977 778 et
989 742 1125 788 honor,
1147 746 1181 778 et
1198 754 1286 790 pax,
1305 749 1342 780 et
1354 747 1484 782 omnia

195 797 318 832 bona?
337 796 395 831 Sic
416 796 518 830 enim
534 798 570 830 et
584 794 678 830 illud
695 797 795 830 recte
814 794 1055 840 intelligitur,
1074 795 1179 842 quod
1195 796 1247 831 ait
1262 798 1482 844 Apostolus,

194 853 235 883 ut
259 848 311 883 sit
335 847 436 883 Deus
459 847 589 882 omnia
610 846 652 882 in
677 845 863 882 omnibus.
886 847 969 894 Ipse
997 847 1083 882 finis
1110 848 1182 882 erit
1202 848 1484 887 desideriorum

194 905 429 943 nostrorum,
457 901 522 946 qui
550 900 630 935 sine
658 899 732 935 fine
758 899 962 944 videbitur,
987 901 1067 935 sine
1094 900 1248 937 fastidio
1275 903 1482 949 amabitur,

195 954 275 988 sine
297 952 519 999 fatigatione
540 951 776 988 laudabitur.
802 952 879 987 Hoc
896 962 1050 995 munus,
1073 951 1134 987 hic
1158 953 1328 999 affectus,
1347 954 1409 990 hic
1428 966 1484 991 ac-

195 1011 256 1042 tus
266 1005 434 1052 profecto
450 1005 520 1041 erit
531 1005 725 1047 omnihus,
740 1006 837 1040 sicut
849 1005 933 1052 ipsa
943 1006 1020 1040 vita
1032 1008 1190 1051 aeterna,
1209 1008 1443 1043 communis.
1466 1024 1480 1041 2

195 1079 239 1086 —
260 1060 315 1095 De
334 1058 487 1095 civilate
507 1057 591 1101 Dei,
612 1057 691 1093 Lib.
714 1058 821 1102 XXII,
842 1059 930 1105 Cap.
952 1059 1060 1100 XXX,
1081 1069 1118 1093 n.
1144 1061 1175 1094 1.

241 1112 283 1147 V.
298 1112 564 1148 Praenotamen
574 1111 748 1147 tertium.
765 1110 885 1156 Igitur
905 1115 988 1146 tota
1001 1112 1164 1158 quaestio
1181 1116 1238 1147 est
1257 1112 1302 1148 de
1321 1113 1482 1149 beatitu-

195 1165 281 1200 dine
308 1164 459 1200 sormali
482 1162 611 1211 quoad
636 1164 837 1199 essentiam
861 1174 868 1198 :
898 1167 934 1198 et
960 1164 1050 1210 quia
1070 1164 1269 1200 beatitudo
1296 1165 1481 1210 formalis,

194 1220 236 1253 ut
261 1217 402 1264 pluries
432 1217 575 1252 dictum
604 1218 674 1260 est,
708 1220 765 1251 est
790 1216 874 1262 ipsa
899 1216 1051 1262 adeptio
1076 1227 1141 1252 seu
1170 1219 1382 1254 consecutio
1403 1220 1481 1263 Dei.

195 1270 349 1317 adeptio
371 1273 501 1306 autem
522 1268 579 1304 vel
599 1269 820 1304 consecutio
842 1279 910 1315 per
929 1269 1116 1305 actionem
1128 1268 1312 1316 habetur3
1334 1276 1480 1307 constat

195 1324 387 1370 imprimis
404 1322 507 1369 quod
529 1321 727 1358 beatitudo
745 1321 919 1357 formalis
935 1322 1062 1369 quoad
1076 1324 1282 1358 essentiam
1296 1324 1333 1358 in
1352 1335 1484 1371 opera-

197 1377 299 1413 tione
318 1376 508 1412 consistit.
531 1375 603 1411 Sed
621 1375 789 1411 actiones
805 1375 943 1422 quibus
960 1375 1091 1410 anima
1111 1378 1237 1422 potest
1257 1377 1377 1412 Deum
1395 1388 1483 1413 con-

196 1430 304 1476 sequi
336 1432 424 1464 sunt
444 1428 501 1464 vel
529 1428 699 1464 actiones
725 1428 939 1463 intellectus
970 1427 1027 1463 vel
1056 1428 1225 1464 actiones
1256 1430 1481 1476 voluntatis3

196 1493 285 1529 crgo
303 1481 466 1528 quaestio
482 1480 700 1516 definienda
714 1483 783 1524 est,
804 1484 933 1515 utrum
952 1480 1149 1516 beatitudo
1165 1481 1340 1518 formalis
1357 1485 1482 1530 quoad

195 1534 402 1570 essentiam
432 1534 480 1568 sit
501 1537 606 1568 actus
627 1532 857 1577 intellectus,
884 1532 941 1568 vel
962 1535 1070 1568 actus
1096 1533 1318 1578 voluntatis,
1347 1536 1404 1571 vel
1434 1537 1483 1571 si-

196 1587 274 1622 mul
295 1591 401 1622 actus
420 1587 621 1631 utriusque
642 1585 840 1632 potentiae.
865 1585 920 1621 Sit
940 1586 1069 1632 itaque
1085 1587 1279 1622 conclusio
1301 1600 1308 1624 :

240 1639 300 1674 VI.
312 1639 515 1675 Beatitudo
525 1639 698 1675 formalis
706 1638 873 1674 hominis
882 1639 1009 1683 quoad
1021 1640 1230 1675 essentiam
1239 1641 1407 1677 habetur
1416 1652 1482 1687 per

195 1695 326 1728 actum
338 1693 575 1735 intellectus,
585 1691 652 1736 qui
666 1694 777 1726 actus
789 1694 849 1727 est
858 1702 954 1726 v1s10
965 1701 1039 1736 qua
1053 1692 1281 1728 intellectus
1294 1694 1484 1731 humanus

195 1746 312 1781 Deum
330 1745 451 1780 videt..
480 1745 517 1780 S.
544 1743 712 1780 Thomas
734 1745 815 1781 Ι-ΙΙ.
841 1744 910 1786 Qu.
939 1745 1002 1781 111.
1031 1744 1274 1781 demonstrat
1293 1747 1411 1783 Artic.
1439 1749 1483 1785 11.

196 1797 299 1844 quod
315 1797 511 1833 beatitudo
525 1795 699 1832 formalis
710 1799 768 1832 est
782 1798 955 1843 operatio
970 1807 977 1832 :
995 1797 1085 1844 quia
1100 1798 1299 1834 beatitudo
1312 1799 1485 1836 formalis

196 1855 253 1886 est
272 1850 408 1886 ultima
422 1850 590 1886 hominis
605 1849 805 1896 perfecti03
820 1849 1124 1896 unumquodque
1139 1856 1270 1886 autem
1291 1853 1485 1889 intantum

197 1903 406 1950 perlectum
427 1908 484 1938 est
510 1903 740 1949 inquantum
765 1906 822 1938 est
843 1907 930 1938 actu
952 1903 1010 1949 (O.
1032 1904 1066 1948 8,
1092 1903 1137 1950 X)
1164 1915 1171 1939 :
1200 1915 1292 1940 nam
1313 1906 1486 1952 potentia

195 1956 276 1992 sine
294 1960 380 1992 actu
397 1955 619 2001 imperfecta
633 1959 701 1990 est.
720 1955 877 2001 Oportet
894 1965 984 2002 ergo
1000 1955 1278 1992 beatitudinem
1294 1958 1333 1992 in
1348 1958 1484 1994 ultimo

196 2011 284 2045 actu
301 2007 469 2044 hominis
480 2008 702 2044 consistere.
721 2007 963 2044 Manifestum
978 2010 1033 2043 est
1047 2013 1178 2044 autem
1194 2009 1298 2055 quod
1310 2011 1484 2057 operatio

197 2063 252 2096 est
270 2060 428 2096 ultimus
448 2064 555 2097 actus
575 2060 819 2107 operantis...
835 2061 990 2095 Necesse
1011 2064 1068 2095 est
1082 2071 1187 2107 ergo,
1207 2062 1485 2099 beatitudinem

197 2112 365 2148 hominis
375 2113 639 2160 operationem
648 2123 743 2148 esse.
754 2132 800 2138 —
809 2112 951 2148 DeInde
960 2113 1076 2149 Artic.
1086 2114 1135 2148 III
1145 2113 1281 2160 probat
1290 2114 1393 2161 quod
1403 2114 1486 2150 haec

197 2165 370 2211 operatio
383 2169 441 2201 est
456 2175 532 2201 non
545 2165 735 2201 sensitivae
750 2165 816 2201 sed
838 2165 1077 2201 intellectivae
1097 2167 1231 2213 partis.
1249 2186 1295 2193 —
1313 2167 1484 2214 Denique

199 2217 311 2254 Artic.
333 2218 394 2262 lv,
415 2217 515 2254 hanc
536 2221 711 2253 nostram
737 2217 1020 2254 conclusionem
1042 2217 1102 2254 his
1128 2219 1253 2255 verbis
1274 2220 1449 2256 enuntiat
1471 2231 1481 2256 ι

199 2270 291 2306 Dico
312 2281 415 2317 erqo,
438 2269 550 2317 quod,
578 2275 760 2317 quantum
780 2270 832 2306 ad
852 2269 893 2306 id
919 2270 1023 2317 quod
1045 2274 1101 2306 est
1126 2271 1381 2309 essentialiter
1399 2273 1484 2321 ipsa

196 2322 410 2368 beatitudo,
428 2322 663 2369 impossibile
681 2327 747 2366 est,
766 2322 868 2369 quod
885 2324 1069 2359 consistat
1092 2324 1134 2358 in
1153 2328 1241 2360 actu
1258 2324 1486 2363 voluntatis.

195 2376 295 2423 Ergo
311 2374 486 2412 consistit
502 2376 541 2411 in
562 2378 649 2412 actu
664 2375 892 2412 intellectus,
913 2375 1185 2424 Conseqyentia
1201 2379 1318 2424 patet.
1341 2377 1482 2414 Proba-
