1584 2569
154 134 219 169 306
244 143 303 168 ms
318 141 481 168 sarens.
503 141 572 166 Lm.
594 140 632 166 11.
651 139 729 164 mr.
749 139 788 164 v.
813 138 856 164 ng
867 137 997 164 MUTL'IS
1024 136 1215 162 aenariox.
1240 136 1340 162 ixrssn
1361 137 1435 162 erc.

156 220 355 263 praeterea.
372 214 558 250 Concessa
583 210 733 248 homini
752 210 929 246 libertate
949 208 1137 253 cultuum,
1167 208 1337 244 aufertur
1365 209 1440 244 Deo

158 271 327 316 potestas
356 264 581 314 imponendi
614 263 913 301 determinatum
947 261 1093 297 cultum
1132 260 1366 306 hominibus,
1404 270 1442 301 et,

154 321 365 367 imponitur
386 320 462 355 Deo
489 317 666 366 quaedam
687 315 870 364 obligatio
896 314 1119 362 acceptandi
1134 314 1192 349 vel
1218 314 1355 350 saltem
1373 325 1440 362 ap-

154 373 342 421 probandi
370 371 579 420 quemlihet
603 369 750 406 cultum
777 369 850 405 sibi
879 379 901 404 a
923 368 1069 404 ratione
1095 367 1266 404 humana
1297 367 1442 404 exhibi.

156 434 251 463 tum.
279 426 429 462 Etenim
455 425 487 460 si
515 424 614 459 Deus
640 424 765 469 potest
799 421 1006 469 praecipere
1039 419 1199 463 cultum,
1233 420 1264 456 si
1295 426 1442 459 constet

156 480 260 529 quod
301 480 380 527 ipse
412 488 543 514 revera
583 475 728 513 cultum
768 474 1066 511 determinatum
1108 475 1376 521 praecripserit‚
1409 477 1441 512 si

155 533 260 569 nulla
285 532 432 567 ratione
453 533 604 567 tenetur
624 531 822 575 acceptare
843 526 1068 563 arbitrarios
1083 525 1286 563 hominum
1300 528 1440 573 cultus,

155 586 331 621 homines
359 584 440 619 sine
480 581 684 618 manifesta
714 579 930 627 irreligione
951 588 1018 616 seu
1045 579 1241 625 impietate
1264 591 1339 616 non
1358 592 1443 628 pos·

157 642 246 674 sunt
272 637 337 672 Dei
362 635 564 684 praeccptis
595 643 826 681 repugnare,
845 636 881 668 et
901 642 1036 668 eorum
1054 632 1193 676 cultus,
1218 632 1443 670 arbitrarius

157 694 214 726 est
238 691 305 725 Dei
326 699 414 725 vera
434 688 557 724 irrisio
576 691 613 722 et
629 685 802 722 cultuum
824 684 982 721 libertas
1009 687 1064 720 est
1081 683 1303 730 superstitio
1317 689 1354 721 et
1374 686 1445 722 im·

158 743 296 790 pietas.
324 741 395 777 Sed
421 751 467 776 ex
485 740 560 776 alia
581 741 690 787 parte
707 738 885 785 impietas
902 742 958 773 est
979 737 1165 783 denegare
1185 738 1261 773 Deo
1279 737 1444 774 faculta-

157 800 236 831 tem
260 793 543 831 determinandi
571 791 732 837 cultum,
765 795 803 827 et
829 791 1027 837 imponere
1054 789 1342 836 quodammodo
1363 791 1444 827 osti-

159 849 261 883 cium
295 845 537 894 approbandi
571 843 761 893 quoslibet
792 842 1131 879 indiscriminatim
1162 842 1299 879 cultus.
1326 845 1446 892 Igitur

158 901 333 936 cultuum
361 899 517 936 libertas
556 902 613 934 est
638 895 820 933 absurda.
847 915 891 922 --
913 896 968 932 Sit
988 896 1145 943 insuper
1168 895 1336 932 secunda
1359 906 1446 934 con·

160 954 300 989 clusio:

209 1007 273 1042 111.
297 1005 475 1050 Quamvis
498 1004 654 1041 socialis
679 1003 894 1040 auctoritas
926 1002 1052 1038 civilis
1074 1002 1198 1047 possit
1218 1003 1446 1048 quandoque

163 1060 329 1095 tolerare
347 1059 524 1094 cultuum
539 1056 775 1100 libertatem,
794 1064 877 1092 eam
892 1058 1022 1092 tamen
1041 1055 1126 1100 lege
1149 1055 1280 1100 aliqua
1296 1057 1447 1092 sancire

159 1113 384 1148 nullatenus
411 1112 553 1156 potest.
588 1109 638 1144 De
659 1107 864 1144 tolerantia
890 1106 986 1143 nihil
1011 1106 1234 1142 addendum
1264 1112 1334 1151 est,
1361 1112 1448 1155 post

163 1165 264 1200 dicta
291 1164 336 1200 de
363 1162 567 1199 tolerantia
590 1160 780 1197 libertatis
810 1159 1069 1196 conscientiae.
1094 1160 1285 1196 Probatur
1319 1161 1449 1207 itaque

160 1217 280 1253 thesis
296 1215 425 1264 quoad
445 1216 569 1261 legem
599 1213 893 1261 approbativam
923 1212 980 1248 vel
1000 1213 1281 1259 praeceptivam.
1304 1213 1449 1250 Proba-

161 1271 285 1306 vimus
306 1279 422 1316 supra
441 1277 658 1315 repugnare
678 1266 836 1302 omnino
867 1265 1098 1301 atheismum
1121 1265 1329 1311 politicum.
1351 1268 1449 1314 Ergo

163 1324 259 1359 sicut
279 1322 439 1370 quilibet
453 1321 544 1356 civis
560 1320 612 1356 ita
628 1323 665 1355 et
682 1319 845 1355 societas
865 1318 950 1365 ipsa
969 1318 1097 1365 prouti
1123 1317 1248 1354 induit
1260 1320 1451 1356 rationem

164 1385 339 1423 personae
358 1373 528 1418 moralis,
545 1372 594 1409 ad
613 1371 811 1419 religionis
829 1375 975 1407 etverae
991 1370 1188 1417 refigionis
1204 1370 1330 1407 officia
1347 1372 1451 1408 stric-

164 1429 312 1463 tissimo
340 1430 489 1463 naturae
516 1429 707 1473 praecepto
730 1424 994 1470 adstringitur.
1019 1423 1090 1459 Sed
1113 1423 1247 1471 religio
1268 1424 1452 1470 importat

165 1481 280 1516 etiam
291 1480 437 1516 cultum
454 1483 669 1514 externum.
690 1478 787 1524 Ergo
807 1476 855 1513 ad
877 1478 1001 1523 ipsum
1020 1476 1314 1521 observandum,
1336 1478 1451 1513 incul-

164 1532 331 1569 candum
349 1535 385 1567 et
403 1529 708 1578 promovendum
731 1528 939 1564 auctoritas
965 1527 1098 1570 civilis,
1127 1528 1234 1573 cujus
1263 1534 1319 1563 est
1339 1530 1453 1564 socie-

165 1591 283 1621 tatem
317 1584 494 1631 dirigere,
526 1582 765 1618 strictissime
793 1581 1008 1627 obligatur:
1044 1579 1092 1616 ad
1127 1581 1274 1616 cultum
1294 1582 1453 1628 inquam

166 1638 374 1674 auctoritas
397 1635 517 1672 civilis
550 1637 701 1670 tenetur
721 1637 1028 1670 consentaneum
1058 1633 1196 1668 rationi
1215 1634 1451 1677 socialitatis,

167 1701 302 1737 nempe
325 1688 536 1736 publicum,
569 1686 762 1730 socialem,
786 1686 986 1733 proprium
1018 1684 1181 1731 denique
1203 1686 1393 1723 societatis
1415 1691 1455 1722 ut

167 1743 331 1779 societas
355 1744 425 1786 est,
460 1751 527 1776 seu
548 1742 589 1775 ut
606 1739 759 1787 publica
786 1742 823 1774 et
851 1738 1010 1774 moralis
1040 1738 1308 1784 personalitas.
1340 1740 1455 1786 Atqui

166 1795 285 1832 salsus
298 1794 422 1830 cultus
443 1803 521 1829 non
540 1792 673 1839 religio
695 1796 764 1836 est,
789 1790 854 1828 sed
876 1791 1096 1838 superstitio
1118 1796 1155 1826 et
1179 1796 1456 1839 consequenter

168 1859 274 1884 error
296 1850 410 1894 atque
442 1846 636 1893 impietas.
669 1844 822 1881 Sancire
843 1854 933 1891 ergo
954 1843 1173 1879 libertatem
1201 1843 1374 1881 cultuum
1401 1850 1457 1881 est

171 1901 318 1937 sancire
340 1900 594 1946 impietatem,
614 1898 767 1944 negatio
788 1907 876 1933 vcro
900 1897 1062 1943 alicujus
1083 1897 1205 1933 cultus
1232 1898 1384 1933 socialis
1401 1902 1457 1933 est

169 1954 320 2001 HCaniO
350 1952 547 2000 religionis
563 1953 599 1986 in
621 1951 804 1987 societate
832 1954 875 1985 ut
891 1950 1052 1986 societas
1077 1953 1146 1986 est.
1180 1951 1278 1997 Ergo
1306 1951 1458 1987 socialis

170 2007 391 2049 auctoritas,
410 2004 582 2052 quamvis
601 2003 764 2040 tolerare
783 2001 991 2050 aliquando
1010 2003 1130 2049 possit
1159 2002 1332 2038 cultuum
1350 2003 1459 2039 liber-

171 2063 302 2104 tatem,
316 2069 402 2094 eam
419 2062 549 2093 tamen
561 2056 643 2103 lege
658 2056 805 2093 sancire
815 2055 1032 2091 nullatenus
1048 2059 1186 2102 potest.
1201 2074 1245 2081 —
1262 2056 1348 2091 Haec
1363 2056 1459 2091 mihi

171 2111 360 2148 evidentia
378 2115 481 2154 sunt,
503 2115 540 2146 et
560 2110 678 2146 miror
694 2119 740 2146 ea
759 2109 891 2155 negari
911 2108 1053 2144 nedum
1075 2119 1096 2144 a
1116 2108 1379 2153 rationalistis‚
1394 2107 1461 2153 qui

170 2175 258 2201 caum
280 2165 403 2200 Deum
424 2167 491 2199 aut
508 2162 682 2210 explicite
704 2165 842 2208 negent
865 2164 931 2197 aut
955 2171 1046 2196 voce
1069 2160 1316 2196 solummodo
1346 2160 1459 2196 relin-

173 2220 304 2266 quant,
326 2217 448 2264 logice
467 2218 651 2262 respuunt
664 2214 712 2252 ab
733 2213 927 2250 individuo
949 2216 984 2249 et
999 2224 1021 2250 a
1039 2214 1219 2250 societate
1234 2224 1388 2249 omnem
1403 2224 1459 2250 re-

173 2271 369 2318 ligionem,
387 2268 453 2305 sed
471 2278 493 2304 a
512 2267 747 2304 liberalismo
763 2268 828 2314 qui
843 2266 1057 2303 catholicus
1076 2266 1149 2303 dici
1165 2266 1257 2302 vult.
1275 2266 1458 2302 Isteenim

173 2324 266 2360 scire
297 2322 451 2358 deberet
489 2322 611 2357 Deum
638 2330 726 2356 vero
755 2320 859 2356 cultu
886 2319 1089 2356 colendum
1111 2329 1206 2363 esse,
1232 2323 1346 2365 atque
1373 2318 1458 2354 ideo

174 2386 250 2413 non
270 2386 380 2423 posse
398 2373 603 2422 approbari
621 2372 769 2410 cultum
785 2372 943 2418 salsum3
974 2373 1093 2408 Deum
1116 2372 1284 2407 locutum
1311 2370 1462 2409 homini
