1584 2569
210 107 274 141 168
300 115 358 141 ms
372 116 533 141 nunna.
552 116 623 143 Lm.
647 117 672 142 1.
695 116 773 141 car.
797 116 849 142 111.
873 115 916 140 nr„
940 116 1015 140 orr.
1035 116 1075 140 ετ
1094 116 1170 140 sua.
1193 116 1281 141 non.
1302 117 1394 142 ERGA
1412 117 1497 142 SEtP.

205 198 419 224 connexam
441 199 528 224 cum
552 189 638 235 J'ure
660 188 852 223 abstracto
881 187 1127 234 proprietatis
1147 198 1154 222 :
1178 199 1255 223 non
1279 189 1382 224 enim
1401 188 1500 224 valet

207 241 453 277 ratiocinium
475 252 483 277 :
506 241 573 276 Jus
594 240 768 276 naturale
786 240 882 274 mihi
904 244 960 275 est
974 240 1196 286 acquirendi
1217 241 1393 276 stabilem
1413 252 1498 288 pro-

208 294 433 340 prietatem3
456 304 546 341 ergo
568 293 651 329 haec
672 294 889 340 proprietas
915 293 944 327 A
964 303 1051 329 mea
1065 297 1134 329 est.
1156 293 1254 340 Ergo
1274 293 1502 329 determina-

206 347 260 383 tio
283 347 383 393 juris
412 346 594 383 abstracti
621 345 669 381 ad
696 345 992 382 determinatam
1023 347 1298 393 proprietatem
1325 346 1500 382 stabilem

205 400 427 436 estfactum
455 399 694 446 contingens.
715 399 812 440 Quia
837 409 923 434 vero
951 398 1094 434 sactum
1118 400 1345 447 contingens
1367 399 1502 446 juridi-

204 463 294 489 cum
321 464 401 488 esse
431 464 507 489 non
538 457 664 500 potest
692 452 764 487 nisi
798 451 890 498 quid
921 452 1080 497 morale,
1110 457 1146 488 et
1175 457 1454 499 consequenter
1480 463 1503 489 a

206 504 329 541 libera
344 505 567 549 voluntate3
591 505 765 551 sequitur
789 503 892 551 quod
914 504 1185 541 determinatio
1202 506 1300 552 J'uris
1321 505 1502 541 abstracti

207 559 258 594 sit
282 569 305 595 a
326 558 447 594 libera
473 558 642 594 hominis
668 557 866 593 voluntate
893 558 1109 605 applicante
1130 569 1242 594 suum
1260 560 1324 605 Jus
1347 558 1395 594 ad
1421 569 1501 594 rem

207 622 273 647 seu
303 612 578 659 proprietatem
619 611 931 646 determinatam.
970 612 1149 647 Attamen
1182 611 1265 648 haec
1296 611 1502 659 applicatio

208 665 476 712 praesupponit
508 664 622 700 aliam
663 663 960 710 applicationem
999 664 1046 699 ab
1079 664 1199 700 altero
1232 664 1388 700 homine
1425 675 1503 700 non

207 728 288 753 esse
312 717 475 761 factam3
499 728 605 752 secus
627 728 703 752 non
725 720 852 762 posset
877 716 960 751 sieri
989 717 1069 752 sine
1089 716 1246 753 laesione
1267 717 1423 752 alterius
1444 718 1504 763 J'u-

209 770 274 815 ris,
294 769 397 817 quod
413 775 469 805 est
484 770 699 805 immorale.
716 769 815 816 Ergo
836 769 1038 815 acquisitio
1061 770 1308 816 proprietatis
1322 770 1505 817 supponit

210 833 291 858 rem
313 822 587 869 acquirendam
611 833 690 858 esse
710 822 870 858 nullius.
894 822 971 858 Hoc
993 823 1132 869 posito,
1156 821 1273 858 homo
1294 827 1443 859 exercet
1463 822 1505 858 li-

212 877 298 912 bere
319 887 433 912 suum
451 877 528 922 Jus‚
551 875 724 911 tribuens
751 875 804 911 rei
831 875 1076 922 acquirendae
1097 875 1242 922 aliquid
1272 886 1351 911 suae
1376 886 1504 922 perso-

210 928 393 973 nalitatis,
433 933 475 964 ut
505 928 673 964 diximus
704 929 741 963 in
779 929 890 964 tertio
921 932 1149 975 argumento
1180 939 1248 975 pro
1276 928 1504 964 stabiliendo

205 983 292 1028 J'ure
310 982 476 1017 naturali
498 981 716 1028 possidendi
735 992 742 1016 :
762 985 799 1016 et
816 992 883 1027 per
896 980 996 1017 hanc
1015 981 1312 1028 applicationem
1328 992 1387 1017 res
1403 985 1503 1017 tran-

208 1035 258 1070 sit
279 1035 332 1070 ita
353 1035 391 1070 in
405 1033 623 1069 dominium
641 1034 767 1077 unius,
792 1038 834 1068 ut
860 1044 937 1069 non
961 1034 1010 1069 sit
1035 1033 1206 1070 alterius.
1232 1054 1277 1061 —
1301 1034 1395 1070 Hinc
1415 1045 1504 1070 con-

208 1087 389 1123 ciliantur
414 1087 614 1133 principia,
637 1097 722 1133 quae
749 1087 874 1134 prima
894 1086 1020 1122 fronte
1044 1097 1216 1133 pugnare
1237 1086 1428 1132 videntur,
1457 1087 1507 1123 ad

208 1139 482 1175 stabiliendum
504 1139 647 1175 factum
672 1139 912 1186 primitivum
934 1138 1267 1175 determinationis
1290 1140 1389 1186 juris
1418 1150 1504 1187 pro-

208 1193 394 1240 prietatis.
417 1192 567 1227 Etenim
587 1193 604 1227 J
611 1192 856 1227 urisconsulti
877 1192 1029 1227 romani
1050 1192 1174 1239 magis
1194 1191 1434 1229 attendentes
1454 1193 1503 1228 ad

208 1246 483 1293 proprietatem
502 1245 686 1291 objective
707 1249 916 1291 sumptam,
936 1244 1117 1280 dixerunt
1134 1255 1201 1292 per
1217 1245 1503 1292 occupationem

208 1299 456 1334 determinari
479 1297 573 1333 illud
587 1298 652 1344 J'us
672 1302 709 1333 et
726 1308 784 1333 res
806 1297 896 1344 fieri
912 1297 1035 1344 primi
1054 1301 1298 1344 occupantis;
1319 1299 1503 1335 recentio-

210 1362 268 1387 res
294 1355 423 1386 autem
443 1349 722 1386 OEconomistae
750 1349 1034 1385 considerantes
1060 1350 1189 1397 potius
1216 1355 1394 1386 naturam
1421 1361 1507 1398 pro-

212 1403 383 1450 prietatis
403 1403 611 1449 subjective
637 1407 818 1449 spectatae
843 1402 1024 1438 dixerunt
1045 1403 1277 1450 principium
1305 1403 1399 1439 illud
1426 1414 1507 1440 esse

212 1456 442 1492 industriam
463 1455 704 1502 personalem
727 1455 773 1500 (il
791 1455 948 1500 lavoro).
971 1455 1054 1491 Sive
1072 1460 1202 1492 autem
1225 1467 1300 1492 uno
1322 1457 1398 1492 sive
1415 1456 1507 1492 alte-

215 1520 258 1545 ro
279 1507 396 1544 modo
417 1507 580 1552 dicatur,
601 1518 734 1543 verum
752 1512 807 1543 est
825 1507 1189 1544 determinationem
1203 1509 1302 1554 juris
1323 1509 1518 1545 naturalis-

215 1561 380 1609 pendere
401 1571 423 1596 a
439 1560 560 1595 libera
580 1560 772 1596 activitate
793 1571 869 1606 qua
889 1560 1006 1595 homo
1028 1563 1303 1607 proprietatem
1324 1561 1395 1597 sibi
1416 1572 1508 1608 quo·

214 1612 424 1650 dammodo
449 1614 534 1648 unit
554 1613 711 1659 aliquali
735 1613 1085 1649 communicatione
1108 1614 1274 1661 propriae
1302 1614 1508 1661 personali-

215 1668 319 1703 tatis.

261 1720 340 1756 VII.
363 1719 481 1756 NOTA.
502 1719 714 1756 Solvuntur
735 1719 1001 1755 difficultates.
1026 1740 1069 1746 —
1095 1719 1261 1764 objectio
1276 1720 1422 1766 prima.
1447 1720 1509 1756 Se-

215 1772 384 1808 cundum
414 1772 478 1818 jus
511 1771 685 1807 naturale
718 1772 850 1807 omnia
881 1777 970 1807 sunt
1007 1772 1242 1808 communia.
1278 1773 1391 1819 Atqui
1421 1772 1510 1809 huic

216 1825 486 1862 communimti
519 1824 780 1860 contrariatur
818 1825 1034 1871 proprietas
1073 1825 1370 1871 possessionum.
1410 1824 1508 1873 Ergo

217 1878 430 1926 proprietas
450 1877 737 1924 possessionum
755 1878 1013 1913 contrariatur
1028 1877 1107 1924 juri
1128 1882 1290 1914 naturae.

262 1931 371 1978 Resp.
394 1930 594 1978 Distinguo
615 1929 798 1977 majorem
821 1941 833 1966 .·
860 1929 1070 1966 secundum
1093 1930 1158 1977 jus
1183 1930 1358 1967 naturale
1379 1932 1509 1967 omnia

217 1984 481 2030 suntpositive
498 1983 734 2027 communia,
750 1993 866 2029 neyo5
884 1988 973 2019 sunt
990 1983 1161 2029 neyative
1175 1984 1410 2024 communia,
1426 1994 1509 2020 con-

217 2037 317 2074 cedo.
354 2050 372 2070 ι(
406 2036 673 2073 Communitas
703 2047 832 2072 rerum
862 2036 1087 2072 attribuitur
1113 2036 1193 2082 juri
1224 2037 1405 2081 naturali,
1432 2047 1509 2072 non

218 2090 309 2136 quia
333 2089 396 2135 jus
429 2088 603 2125 naturale
633 2088 750 2125 dictet
780 2089 970 2136 (positive)
1008 2089 1140 2124 omnia
1168 2099 1248 2124 esse
1280 2089 1511 2136 possidenda

219 2141 478 2179 communiter
496 2142 553 2186 (ut
573 2141 833 2178 communistoe
851 2142 999 2186 volunt)
1021 2146 1057 2176 et
1077 2141 1173 2176 nihil
1195 2151 1274 2178 esse
1292 2142 1399 2188 quasi
1424 2152 1509 2188 pro-

219 2195 347 2242 prium
377 2193 681 2241 possidendum3
710 2194 775 2231 sed
797 2195 888 2242 quia
908 2193 1119 2230 secundum
1145 2194 1209 2240 jus
1238 2194 1412 2230 naturale
1432 2205 1509 2231 non

220 2251 277 2283 est
297 2248 398 2294 (erqo
417 2247 602 2293 negative)
622 2246 816 2283 distinctio
835 2248 1134 2295 possessionum,
1153 2245 1219 2282 sed
1237 2248 1360 2295 magis
1381 2258 1509 2284 secun·

219 2300 313 2337 dum
334 2299 549 2337 humanum
571 2299 806 2345 condictum,
827 2299 930 2347 quod
952 2300 1117 2347 pertinet
1135 2299 1183 2335 ad
1201 2300 1264 2346 jus
1286 2301 1506 2347 positivum,

223 2358 264 2389 ut
289 2364 407 2402 supra
432 2353 579 2391 dictum
605 2359 661 2390 est
687 2354 768 2399 (Qu.
798 2354 904 2398 LVII,
926 2354 1039 2389 Artic.
1070 2353 1101 2388 ΙΙ
1125 2358 1160 2389 ct
1186 2354 1264 2389 ΙΙΙ).
1291 2353 1395 2390 Unde
1421 2365 1508 2401 pro-
