1584 2569
390 173 470 197 aar.
500 172 533 197 x.
563 171 605 197 nn
631 172 761 197 orrum
788 171 971 196 REGlfflNtS
997 171 1115 197 romu
1329 164 1398 200 26⁹

111 258 187 284 non
213 246 383 294 physica,
418 256 495 280 non
522 255 589 291 per
609 255 648 280 se
667 244 742 280 'sed
778 255 843 292 per
873 243 1063 288 accidens,
1092 249 1129 280 et
1160 255 1248 280 cum
1271 245 1399 291 plures

111 301 160 336 ad
192 300 353 335 invicem
388 298 536 345 possint
569 297 785 342 dissentire,
818 298 897 333 imo
939 297 984 332 de
1018 297 1118 333 facili
1155 298 1399 341 dissentiant,

111 356 248 388 mutuo
275 362 356 388 sese
378 351 416 386 in
437 350 585 386 actione
603 350 829 397 impediunt.
852 351 959 386 Patet
980 354 1110 386 autem
1132 350 1234 397 quod
1255 354 1400 398 quanto

111 406 236 452 magis
263 404 494 452 principium
529 407 587 439 est
612 414 732 439 unum
761 407 798 438 et
828 403 993 439 liberum
1024 404 1063 439 in
1089 414 1159 439 sua
1191 405 1399 450 activitate,

111 462 220 494 tanto
247 458 371 504 magis
400 459 525 502 potest
553 455 701 492 efficere
729 460 766 491 et
791 466 1017 492 conservare
1044 457 1246 492 unitatem.
1282 458 1401 503 Igitur

111 510 339 547 monarchia
366 510 490 556 magis
521 508 730 556 respondet
757 509 822 544 fini
854 510 1062 545 societatis.
1095 530 1140 535 --
1169 511 1205 546 S.
1239 510 1322 553 Th.,
1348 510 1403 546 De

112 564 296 610 reyimine
314 562 556 609 Principum,
581 563 660 598 Lib.
685 564 712 597 Ι.
731 562 822 607 Cap.
838 563 882 598 II.

158 616 390 652 Monarchia
409 626 454 651 ea:
473 615 640 651 historia
660 616 811 662 firmior
832 626 877 651 ac
899 615 1023 661 mayz‘s
1043 615 1238 651 durabilis
1256 616 1400 651 demon-

113 674 273 705 stratur.
303 682 319 700 ‹
347 669 444 704 Nam
473 668 678 714 provincioe
710 668 768 703 vel
794 668 978 711 civitates,
1006 668 1128 714 inquit
1158 669 1194 703 S.
1222 668 1401 711 Thomas,

115 733 200 769 quae
214 733 289 757 non
305 725 491 766 reguntur
506 721 552 756 ab
566 732 656 763 uno,
675 721 978 756 dissensionibus
995 721 1189 764 laborant,
1206 726 1242 756 et
1259 722 1403 768 absque

117 785 209 821 pace
226 774 474 818 fluctuantur,
506 777 547 808 ut
573 773 749 809 videatur
776 773 978 820 adimpleri
1004 773 1107 820 quod
1131 774 1315 809 Dominus
1338 785 1404 819 per

116 825 353 872 Prophetam
379 826 542 871 (Jerem.‚
572 826 645 870 XII,
678 827 731 870 10)
759 827 1007 873 conqueritur
1034 825 1162 862 dicens
1191 837 1198 862 :
1225 827 1403 861 Pastores

116 878 230 914 multi
243 877 416 914 demoliti
427 882 516 913 sunt
532 877 680 913 vineam
699 888 830 914 meam.
847 879 874 913 E
888 878 1079 914 contrario
1094 889 1178 914 vero
1200 879 1404 925 provinoiae

118 936 156 968 et
173 931 359 976 civitates,
378 941 465 978 quae
477 931 548 966 sub
572 941 647 966 uno
668 942 757 978 rege
779 935 978 978 reguntur,
995 942 1086 978 pace
1099 931 1277 978 gaudent,
1296 932 1405 977 justi»

118 985 174 1020 tia
194 983 346 1029 florent,
368 987 405 1019 et
422 982 622 1019 affluentia
642 994 771 1019 rerum
791 983 984 1019 laetantur.
1007 983 1110 1020 Unde
1132 985 1315 1019 Dominus
1337 995 1405 1031 pro

118 1047 260 1085 magno
278 1046 436 1072 munere
456 1046 523 1083 per
542 1036 750 1084 prophetas
764 1037 906 1083 populo
921 1047 990 1072 suo
1005 1037 1209 1084 promittit,
1223 1037 1325 1084 quod
1340 1047 1407 1082 po·

120 1092 225 1126 neret
245 1089 317 1125 sibi
336 1093 452 1136 caput
472 1099 607 1133 unum,
629 1092 665 1124 et
692 1089 795 1135 quod
816 1090 991 1137 princeps
1010 1101 1110 1125 unus
1133 1091 1203 1126 erit
1222 1092 1259 1125 in
1279 1089 1406 1125 medio

119 1152 268 1178 eorum.
290 1155 306 1174 »
335 1161 380 1167 —-
399 1142 444 1176 Et
469 1140 557 1176 hine
583 1142 704 1187 repeti
731 1141 842 1177 debet
868 1142 1253 1189 Berumpublicarum
1281 1143 1408 1177 minor

122 1195 274 1230 duratio
293 1197 465 1239 respectu
478 1194 726 1230 monarchiae.
739 1195 925 1239 Taparelli
938 1195 975 1230 in
990 1205 1058 1230 suo
1071 1195 1216 1241 δας-ςέο
1235 1196 1407 1232 teoretz'co

121 1248 164 1283 di
174 1248 310 1283 diriuo
321 1246 511 1292 naturale,
528 1258 564 1283 n.
581 1248 661 1291 554,
681 1248 837 1291 innota,
856 1248 970 1283 refert
984 1258 1030 1283 ex
1045 1248 1170 1284 Haller
1184 1252 1408 1295 sequentem

122 1299 376 1336 Slatisticam.
405 1318 449 1324 -
475 1299 704 1346 Respublica
730 1299 963 1335 atheniensis
990 1300 1142 1336 duravit
1168 1311 1289 1336 annos
1313 1303 1407 1346 2723

122 1373 168 1379 —
189 1354 376 1396 Romana,
397 1353 490 1397 4653
512 1372 557 1377 —
584 1352 806 1396 Genuensis‚
834 1354 924 1397 2693
947 1374 991 1378 —
1015 1353 1219 1396 Helvetica‚
1246 1355 1342 1398 4423
1364 1374 1408 1379 -

124 1405 351 1443 Germanica
364 1404 571 1452 (inferior),
591 1407 725 1441 207.—
738 1405 827 1441 Sola
844 1407 987 1442 Veneta
1005 1406 1153 1442 duravit
1166 1417 1286 1443 annos
1304 1408 1407 1442 1343.

124 1479 167 1485 —
188 1459 292 1494 Alias
313 1457 470 1501 multas,
488 1459 735 1505 prosequitur
753 1458 956 1505 Taparelli,
975 1470 1172 1495 recensere
1193 1471 1409 1506 possemus,

125 1511 205 1557 sed,
228 1514 385 1558 excepta
412 1512 562 1557 Sparta,
586 1512 695 1558 cujus
720 1511 822 1558 leges
847 1516 933 1547 sunt
960 1515 1228 1560 portentosum
1256 1513 1411 1560 phaeno-

126 1576 267 1601 menon
299 1565 338 1600 in
359 1564 523 1600 historia
554 1564 699 1600 ordinis
724 1565 889 1609 socialis,
920 1569 957 1600 et
985 1576 1073 1612 quae
1104 1566 1313 1602 desiderari
1335 1577 1410 1602 non

126 1621 271 1664 queunt
293 1628 316 1653 a
335 1617 478 1664 populo
505 1628 582 1653 non
603 1617 783 1663 barbaro,
808 1621 845 1653 et
871 1618 1077 1665 Republica
1105 1619 1141 1654 S.
1165 1619 1299 1654 Marini
1327 1629 1411 1665 quae

126 1671 290 1707 salutem
317 1671 458 1706 invenit
482 1670 520 1705 in
547 1671 632 1718 ipsa
657 1681 727 1706 sua
750 1671 951 1717 parvitate,
980 1671 1062 1707 aliae
1088 1672 1310 1718 respublicae
1331 1673 1412 1708 lon-

127 1725 272 1770 giorem
293 1723 409 1758 vitam
427 1733 503 1758 non
526 1722 744 1758 habuerunt
765 1734 883 1769 quarn
904 1734 1021 1768 supra
1040 1725 1180 1760 citatae.

173 1775 239 1810 111.
255 1775 417 1810 Attenta
435 1774 633 1810 hominum
652 1775 839 1819 praesenti
856 1775 1088 1820 conditione,
1110 1777 1247 1813 melior
1263 1780 1323 1812 est
1338 1777 1415 1812 Mo-

126 1827 511 1871 narchiatemperata
519 1836 634 1871 quam
642 1827 833 1863 absoluta.
845 1828 935 1869 Quae
946 1828 993 1862 sit
1002 1829 1229 1864 monarchia
1238 1829 1416 1865 absoluta

127 1890 216 1927 quae
232 1882 460 1926 temperata,
477 1879 560 1925 jam
583 1879 750 1914 diximus
774 1881 846 1924 (56,
874 1880 949 1925 111).
975 1881 1163 1916 Probatur
1186 1882 1313 1927 itaque
1334 1881 1416 1916 haec

129 1932 297 1969 secunda
316 1932 523 1968 conclusio.
546 1933 643 1967 Nam
663 1936 809 1967 attenta
824 1933 1027 1968 hominum
1046 1934 1264 1969 conditione
1277 1944 1415 1981 praeca-

129 1983 294 2021 vendum
315 1988 372 2019 est
393 1995 439 2020 ne
456 1985 534 2020 Rex
561 1987 749 2031 potestate
770 1985 931 2021 abutens
957 1986 996 2021 in
1022 1990 1228 2032 tyrannum
1250 1986 1414 2033 degene-

129 2040 199 2073 ret.
227 2038 303 2073 Hoc
332 2040 465 2073 autem
501 2037 713 2085 perieulum
747 2038 872 2084 magis
891 2042 947 2073 est
976 2041 1168 2074 remotum
1199 2050 1319 2086 quum
1352 2050 1416 2086 po-

129 2094 245 2126 testas
262 2090 369 2136 regia
382 2089 532 2137 legibus
545 2089 778 2136 quibusdam
799 2089 1150 2126 fundamentalibus
1163 2095 1413 2139 temperatur,

129 2143 270 2189 quibus
283 2146 321 2178 et
349 2143 430 2188 ipse
460 2144 538 2178 Rex
562 2142 801 2188 subjiciatur,
825 2154 871 2178 ne
900 2144 979 2189 ipse
1000 2145 1132 2179 omnia
1158 2155 1226 2191 pro
1256 2145 1416 2180 arbitrio

131 2205 200 2231 suo
220 2195 392 2231 definiat.
412 2215 458 2221 --
474 2196 618 2231 Deinde
639 2206 647 2230 ε
673 2209 688 2227 ‹
712 2196 819 2231 Circa
840 2196 982 2232 bonam
1007 2197 1291 2233 ordinationem
1312 2197 1411 2244 prin-

129 2248 258 2293 cipum
282 2248 321 2283 in
350 2248 481 2294 aliqua
509 2249 660 2284 civitate
688 2249 743 2284 vel
765 2253 890 2295 gente,
919 2249 1042 2296 inquit
1069 2250 1105 2285 S.
1128 2250 1307 2292 Thomas,
1341 2250 1416 2286 duo

131 2304 221 2336 sunt
241 2301 496 2347 attendenda3
514 2312 679 2347 quorum
702 2312 822 2337 unum
844 2307 912 2346 est,
927 2306 968 2336 ut
989 2312 1122 2337 omnes
1139 2303 1309 2350 aliquam
1333 2314 1414 2350 par-

134 2359 211 2387 tem
229 2352 397 2388 habeant
416 2353 456 2389 in
483 2354 698 2400 principatu
721 2364 729 2390 :
758 2364 826 2400 per
846 2354 918 2390 hoc
943 2356 1045 2390 enim
1070 2360 1317 2392 conservatur
1341 2367 1415 2403 pax

134 2405 280 2453 populi,
296 2410 332 2440 et
347 2416 480 2442 omnes
497 2407 615 2442 talem
631 2406 914 2444 ordinationem
932 2412 1078 2454 amant,
1096 2413 1132 2444 et
1149 2409 1416 2444 custodiunt...

217 2480 250 2511 τι
272 2490 362 2509 iun.
387 2484 500 2509 Summa
516 2482 621 2518 philos.
642 2497 675 2502 —
695 2483 729 2509 1.
750 2476 804 2505 lu*
1245 2485 1278 2511 53
