1554 2569
138 136 181 169 53
209 143 335 169 ΕΤῙΠΕΑ
346 142 466 167 Lln.11.
483 140 646 166 CARI-DE
660 141 807 166 ACTIBUS
823 141 959 166 num-N-
979 142 1016 167 IN
1025 141 1154 168 SEIPSIS
1167 143 1417 172 coNsmERATts

137 225 253 261 quem
276 211 486 249 secundum
508 210 623 247 allata
646 209 943 257 etjadicialitcr
963 211 1128 258 probata
1145 214 1273 250 credit>
1291 227 1415 254 reum.

138 269 223 303 Haec
248 265 481 302 conscientia
505 274 663 300 erronea
693 275 769 299 non
790 264 996 310 opponitur
1019 266 1254 304 conscientiae
1289 274 1415 306 rectoe.

137 341 182 346 —-
207 318 439 354 Vincibiliter
465 327 639 360 erronea,
673 321 730 353 est
760 315 898 352 salsum
932 317 1119 363 judicium
1148 320 1342 366 prolatum
1371 323 1416 358 dc-

138 374 266 419 aliqua
301 371 464 414 actione,
504 369 716 405 secundum
748 368 904 414 quidem
934 369 1125 407 elementa
1149 374 1321 420 cognita,
1351 375 1417 411 sed

138 425 241 472 quod
271 427 400 460 tamen
430 426 559 469 posset
583 422 786 458 reformari
815 422 846 456 si
872 421 1084 469 subjectum
1111 424 1290 471 judicans
1325 439 1417 475 pru-

139 478 271 513 denter
289 475 529 512 examinaret
555 485 641 521 quae
667 473 925 510 examinanda
944 479 1045 511 sunt.
1068 476 1159 519 Quae
1191 481 1323 517 omnia
1341 493 1417 518 me-

136 531 211 566 lius
230 533 341 565 erunt
358 527 565 571 declarata,
587 537 674 562 cum
696 537 821 562 sermo
839 528 910 562 erit
931 527 976 564 de
997 528 1230 575 ignorantia.

185 580 422 619 Conscientia
450 585 564 622 certa,
582 578 816 626 probabilis,
837 583 874 614 et
893 579 1012 616 dubia
1031 592 1044 617 .·
1064 581 1147 618 haeo
1173 582 1305 620 divisio
1331 596 1418 622 con-

137 635 303 671 scientiae
329 636 433 678 patet
459 642 503 667 ex
526 632 573 667 iis
595 642 678 678 quoe
706 631 751 667 de
771 635 910 667 natura
936 632 1187 678 certitudinis,
1214 638 1419 683 probabili-

139 688 226 723 tatis
244 690 280 722 et
300 684 563 728 dubitationis,
582 683 619 719 in
641 684 778 730 LogIGa
795 683 932 731 (Artic.
948 686 1006 730 40)
1026 685 1127 722 dicta
1147 691 1249 724 sunt.

186 737 427 775 Conscientia
445 736 669 782 scrupulosa
683 741 718 772 et
733 736 932 783 perpleaea.
954 737 1080 774 Prima
1098 742 1154 775 est
1173 751 1256 786 quae
1277 753 1322 778 ex
1337 742 1420 778 suti-

136 793 234 828 libus
256 796 292 826 et
318 800 474 836 prorsus
499 789 788 825 contemnendis
814 789 1027 826 rationibus
1053 791 1198 837 judicat
1221 798 1287 829 aut
1311 796 1419 831 timet

139 856 182 880 ne
203 845 302 879 aetio
324 843 371 878 sit
391 841 589 877 moraliter
602 841 718 877 mala.
731 861 776 866 —
794 841 982 889 Perpleaea
998 853 1085 880 vero
1105 846 1339 883 conscientia
1357 848 1420 884 illa

137 900 192 932 est
212 906 298 942 quce
330 894 422 941 quid
453 894 498 929 de
531 893 753 940 particulari
783 894 968 941 operabili
997 894 1141 941 judicet
1170 898 1300 944 nescit,
1327 902 1419 945 quia

136 949 314 995 utrinque
344 948 454 982 timet
485 949 698 994 peccatum.
733 945 905 992 Exempli
938 947 1061 994 gratia
1082 959 1090 984 :
1126 949 1244 986 Mater
1272 951 1419 998 judicat

136 1002 280 1038 malum
302 1000 515 1045 relinquere
543 1009 705 1045 puerum
739 998 843 1034 domi
863 999 1008 1044 solum,
1031 1005 1072 1036 ut
1097 1001 1255 1038 Sacrum
1288 1004 1420 1040 audiat

137 1055 196 1090 die
239 1054 358 1096 festo3
392 1056 428 1088 et
467 1051 581 1087 simul
619 1051 765 1087 malum
798 1051 947 1098 judicat
986 1053 1201 1100 relinquere
1247 1055 1417 1093 Sacrum.

138 1108 265 1142 Status
285 1106 356 1141 iste
373 1115 449 1148 quo
467 1104 552 1150 quis
567 1108 678 1149 putat
696 1114 733 1139 se
747 1114 905 1150 peccare
923 1104 1001 1141 sive
1020 1116 1133 1141 unam
1157 1108 1235 1143 sive
1259 1108 1419 1146 alteram

135 1168 454 1195 CONTRADICTIOMS
487 1161 635 1202 partem
672 1155 841 1201 elegerit,
883 1156 1022 1193 dicitur
1062 1160 1295 1196 conscientia
1333 1173 1419 1207 per-

134 1212 260 1258 plexa.

184 1262 425 1300 Conscientia
446 1262 550 1306 laxa,
569 1262 747 1305 riqorosa
767 1266 803 1297 et
823 1262 1048 1300 rationalis.
1064 1264 1194 1300 Prima
1214 1276 1259 1301 ex
1274 1265 1420 1302 levibus

138 1321 172 1352 et
193 1315 363 1351 sutilibus
392 1314 598 1350 momentis
624 1314 698 1349 sibi
724 1315 943 1360 persuadet,
970 1315 1028 1351 vel
1056 1316 1207 1361 melius,
1237 1317 1317 1353 vult
1349 1320 1420 1354 sibi

137 1368 366 1416 persuadere
380 1378 460 1403 esse
478 1367 681 1403 honestum
696 1366 801 1414 quod
816 1370 871 1402 est
888 1371 998 1414 turpe
1018 1379 1027 1413 ;
1045 1368 1221 1415 riqorosa
1239 1370 1319 1405 vult
1333 1371 1418 1415 sihi,

137 1427 174 1458 et
202 1422 323 1457 multo
343 1420 460 1457 etiarn
488 1419 610 1466 magis
641 1419 739 1463 aliis,
761 1430 828 1466 per
848 1420 980 1456 inanes
1001 1421 1230 1458 subtilitates
1259 1433 1420 1470 persua-

138 1475 225 1510 dere
246 1484 327 1509 esse
341 1478 451 1520 turpe
472 1472 575 1519 quod
596 1472 742 1508 nullam
759 1472 1036 1518 turpitudinem
1053 1473 1168 1509 habet
1187 1485 1195 1509 :
1212 1475 1421 1512 rationalis

138 1529 192 1562 est
218 1525 373 1572 qnando
410 1524 596 1571 judicium
625 1523 818 1571 profertur
848 1525 1059 1561 secundum
1086 1526 1190 1573 quod
1221 1527 1420 1564 hominem

137 1578 366 1626 prudentem
384 1578 505 1621 decet,
526 1581 563 1613 et
583 1576 712 1613 media
731 1577 904 1613 consistit
921 1577 1019 1614 inter
1040 1578 1245 1616 lami-smum
1265 1583 1300 1616 et
1319 1582 1420 1627 rigJo-

137 1632 308 1667 rismum.

185 1682 439 1726 Conscientia,
460 1681 649 1727 obligans,
671 1681 880 1726 consulens,
898 1687 1132 1728 permittens.
1154 1684 1284 1720 Prima
1304 1685 1423 1721 dictat

139 1735 283 1783 aliquid
306 1745 387 1770 esse
408 1734 638 1777 faciendum,
666 1734 723 1770 vel
743 1734 1042 1771 ommittendum
1067 1736 1113 1771 de
1134 1741 1338 1783 praecepto‚
1360 1739 1422 1774 cui

136 1788 326 1824 contraire
344 1786 457 1832 culpa
476 1789 555 1829 est;
581 1786 777 1822 consulens
803 1786 921 1822 dictat
942 1787 1089 1834 aliquid
1115 1798 1195 1824 esse
1217 1789 1364 1835 melius,
1385 1795 1422 1825 et

137 1840 222 1876 ideo
245 1838 463 1881 iaciendum
480 1838 537 1874 vel
558 1848 634 1874 non
655 1838 887 1883 faciendum,
910 1839 955 1875 de
974 1840 1134 1876 consilio
1155 1844 1299 1884 tamen,
1319 1842 1421 1888 quod

138 1893 311 1929 absolute
323 1890 517 1938 loquendo
533 1890 651 1927 homo
664 1893 790 1938 potest
812 1891 1010 1939 praeterire
1021 1893 1100 1929 sine
1113 1893 1223 1940 culpa
1241 1905 1250 1938 ;
1266 1895 1423 1940 permit-

138 1951 214 1981 tens
235 1945 352 1980 dietat
364 1943 508 1991 aliquid
530 1954 651 1990 neque
664 1949 899 1991 praeceptum
914 1955 994 1980 esse
1012 1955 1135 1992 neque
1155 1946 1395 1992 prohibitum
1411 1959 1421 1992 ;

137 1997 374 2044 proindeque
400 2007 482 2032 esse
509 1996 547 2032 in
568 2000 757 2042 potestate
783 1996 990 2032 voluntatis
1017 1997 1112 2033 illud
1129 1998 1254 2034 facere
1270 1999 1328 2034 vel
1347 2010 1422 2035 non

138 2051 274 2085 facere.

183 2103 224 2137 V.
243 2103 361 2137 Romo
381 2111 531 2146 semper
550 2111 664 2147 agere
684 2102 798 2137 debet
817 2110 905 2137 cum
928 2102 1167 2137 conscientia
1193 2105 1301 2139 certa
1319 2104 1424 2140 circa

135 2155 381 2190 honestatem
399 2154 580 2189 aetionis.
603 2155 687 2189 Haec
704 2153 916 2200 propositio
935 2154 1150 2189 communis
1169 2157 1226 2189 est
1243 2159 1279 2190 et
1297 2155 1423 2191 certis-

138 2207 249 2242 sima.
273 2206 394 2241 Homo
428 2206 530 2241 enim
559 2206 711 2252 quoties
743 2204 951 2242 deliberate
985 2206 1077 2252 agit,
1112 2205 1223 2242 debet
1249 2216 1361 2253 agere
1383 2213 1425 2243 ut

139 2261 269 2303 homo,
294 2258 436 2294 scilicet
457 2257 675 2304 prudenter.
697 2258 780 2293 Non
800 2261 930 2293 autem
951 2258 1031 2304 agit
1051 2262 1094 2293 ut
1119 2258 1237 2295 homo
1258 2260 1423 2306 pruden-

139 2316 206 2355 ter,
230 2311 379 2358 quoties
399 2309 688 2346 rationabiliter
718 2321 795 2345 non
816 2314 870 2345 est
903 2310 1108 2356 subjective
1138 2317 1263 2347 certus
1291 2310 1336 2347 de
1356 2312 1422 2348 ho-

139 2369 286 2401 nestate
307 2374 384 2400 suae
418 2363 591 2405 actionis.
614 2363 706 2407 quia
726 2362 798 2399 hoc
826 2363 865 2399 in
894 2373 986 2399 casu
1006 2364 1170 2400 scienter
1197 2367 1235 2400 et
1254 2364 1423 2401 volenter
