1554 2569
289 157 370 183 Amr.
395 156 434 182 11.
455 155 499 181 DE
518 154 664 181 ACTIBUS
690 153 877 180 nummus
898 155 920 178 A
945 153 1155 179 VOLUNTATR
1327 146 1369 179 77

84 233 153 274 est,
174 228 300 274 inquit
318 226 355 263 S.
376 225 557 271 Thomas,
577 224 680 271 quod
700 227 806 261 actus
821 224 982 260 rationis
995 228 1121 271 potest
1138 222 1371 260 considerari

80 281 300 329 dupliciter.
318 279 400 316 Uno
427 277 543 314 modo
567 281 755 324 quantum
775 276 823 313 ad
848 277 1071 313 exercitium
1099 282 1206 313 actus
1232 288 1240 313 ε
1262 282 1300 313 et
1320 278 1372 313 sic

85 338 191 371 actus
210 332 368 369 rationis
389 331 512 378 [modo
531 341 607 366 non
624 330 676 366 sit
699 329 848 376 primus
870 329 944 374 (Ps.
961 331 1018 374 51,
1039 329 1112 376 ΝΠ
1133 340 1286 377 semper
1302 329 1372 365 im-

85 386 210 434 perari
234 388 385 432 potest3
413 384 512 419 sieut
534 393 622 420 cum
649 382 832 418 indicitur
857 381 970 417 alicui
996 382 1099 427 quod
1123 383 1307 427 attendat,
1336 387 1373 417 et

85 439 232 475 ratione
258 441 401 473 utatur.
422 436 504 471 Alio
528 435 644 471 modo
674 438 863 481 quantum
889 434 937 470 ad
961 434 1169 481 obiectum,
1198 440 1371 482 respectu

86 492 194 538 quus
212 490 287 527 duo
304 494 410 526 actus
431 488 591 524 rationis
611 487 873 523 attenduntur.
899 487 1027 522 Primo
1056 487 1226 533 quidem,
1249 492 1291 522 ut
1314 498 1373 523 ve-

86 544 238 579 ritatem
249 543 349 579 circa
359 541 504 587 aliquid
525 539 789 588 apprehendat
802 551 811 584 3
825 544 861 575 et
875 539 948 575 hoc
965 550 1042 574 non
1059 544 1115 575 est
1130 540 1168 574 in
1184 544 1374 587 potestate

86 600 245 632 nostra:
273 595 347 631 hoc
367 595 471 630 enim
497 594 687 640 contingit
707 604 775 640 per
798 593 980 628 virtutem
1007 592 1169 639 alicujus
1201 593 1372 635 luminis,

88 648 143 684 vel
162 647 348 684 naturalis
382 646 442 682 vel
466 646 800 693 supernaturalis:
831 649 867 680 et
888 644 973 680 ideo
1003 649 1191 691 quantum
1225 645 1273 680 ad
1303 645 1374 680 hoc

86 706 193 738 aetus
220 699 380 737 rationis
406 709 483 735 non
516 703 572 734 est
607 699 645 733 in
681 702 869 745 potestate
908 701 1052 743 nostra,
1089 708 1157 733 nec
1192 699 1372 745 imperari

88 757 226 802 potest.
260 772 306 779 —
330 751 434 788 Alius
463 755 591 787 autem
627 756 733 787 actus
772 750 932 786 rationis
962 754 1031 795 est,
1066 749 1158 785 dum
1193 750 1253 786 his
1289 761 1374 796 quae

86 804 339 854 apprehendit
376 804 549 840 assentit.
589 803 626 839 Si
660 804 779 851 igitur
815 803 956 839 fuerint
992 803 1083 838 talia
1120 803 1372 849 apprehensa,

87 858 226 906 quibus
253 857 488 893 naturaliter
512 856 725 892 intellectus
754 856 938 892 assentiat
969 856 1080 900 (sicut
1117 857 1242 902 prima
1274 856 1374 902 prin·

85 911 215 959 eima),
237 919 414 946 assensus
439 908 589 953 talium,
622 908 680 944 vel
708 908 901 944 dissensus
931 919 1008 944 non
1040 912 1096 944 est
1116 909 1154 943 in
1187 912 1376 955 potestate

86 967 232 1009 nostra,
252 961 318 999 sed
338 963 377 998 in
394 961 527 998 ordine
550 966 721 1007 naturae3
743 966 780 998 et
805 961 890 997 ideo
911 961 1065 1008 proprie
1084 961 1292 1007 loquendo,
1313 972 1375 996 na-

88 1023 185 1053 turae
201 1015 364 1063 imperio
381 1015 565 1062 subjacet.
586 1035 631 1040 —
654 1014 750 1050 Sunt
771 1018 901 1050 autem
924 1013 1102 1059 quaedam
1124 1013 1374 1060 apprehensa,

87 1080 174 1117 quae
201 1079 280 1105 non
311 1067 407 1104 adeo
436 1068 665 1104 convincunt
697 1067 948 1111 intellectum,
980 1067 1072 1113 quin
1103 1067 1223 1113 possit
1250 1078 1377 1102 assen-

89 1124 160 1158 tire
184 1121 245 1158 vel
267 1121 480 1165 dissentire,
508 1120 567 1156 vel
590 1119 725 1156 saltem
749 1129 947 1155 assensum
974 1119 1033 1154 vel
1060 1118 1275 1154 dissensum
1297 1130 1375 1154 sus-

89 1174 254 1223 pendere
288 1177 447 1220 propter
478 1173 647 1219 aliquam
677 1183 854 1217 causam3
885 1176 923 1208 et
952 1172 991 1207 in
1025 1172 1164 1207 talibus
1201 1182 1377 1207 assensus

89 1229 169 1275 ipse
191 1226 249 1263 vel
281 1226 474 1261 dissensus
500 1226 539 1260 in
571 1229 759 1272 potestate
788 1229 920 1260 nostra
948 1228 1017 1268 est,
1046 1228 1083 1259 et
1118 1224 1187 1259 sub
1214 1225 1377 1271 imperio

89 1279 204 1316 cadit.
230 1293 244 1312 ι
265 1279 345 1322 1-11,
365 1279 434 1319 Qu.
458 1278 566 1322 XVII,
587 1278 700 1313 Artic.
722 1278 782 1312 vl.

135 1332 194 1368 IV.
225 1331 404 1376 Quaestio.
425 1331 539 1376 Atqui
572 1334 713 1377 praeter
744 1329 994 1365 intellectivas
1025 1334 1114 1364 sunt
1142 1330 1179 1364 in
1206 1329 1316 1364 nobis
1338 1334 1375 1364 et

90 1384 273 1432 potentiae
294 1383 496 1419 interiores
515 1383 707 1418 sensitivae
729 1387 765 1418 et
785 1393 917 1418 sensus
930 1383 1098 1427 [externi.
1121 1382 1288 1423 Quaestio
1309 1382 1377 1429 igi-

92 1444 154 1473 tur
183 1440 358 1472 movetur
386 1436 609 1483 gravissima
635 1436 673 1470 in
700 1434 837 1470 morali
860 1439 990 1470 utrum
1018 1434 1241 1481 hujusmodi
1270 1439 1376 1469 actus

90 1489 260 1526 sensitivi
280 1489 443 1535 imperio
470 1488 629 1524 rationis
649 1488 931 1534 subjiciantur?
961 1487 999 1522 Si
1025 1488 1128 1522 enim
1155 1487 1377 1533 hujusmodi

91 1546 196 1578 actus
225 1541 387 1588 imperio
420 1541 581 1577 rationis
614 1551 689 1576 non
725 1541 962 1587 subjaceant,
993 1540 1167 1585 sequitur
1199 1539 1301 1586 quod
1335 1551 1378 1574 ex

91 1594 195 1630 nullo
210 1598 296 1630 actu
312 1593 431 1640 partis
446 1592 623 1629 animalis
638 1592 755 1628 homo
773 1591 986 1639 culpandus
1001 1593 1062 1636 sit,
1075 1592 1131 1627 vel
1148 1591 1378 1627 laudandus.

91 1647 213 1688 Quam
238 1645 430 1681 brutalem
449 1645 763 1691 consequentiam
785 1645 1060 1692 epicureismus
1082 1643 1206 1689 docet,
1228 1644 1292 1680 sed
1313 1655 1379 1691 pu-

91 1699 163 1734 dor
181 1698 374 1734 humanus
394 1697 617 1734 detestatur.
642 1697 697 1733 Sit
721 1698 851 1743 itaque
873 1697 1067 1733 conclusio
1087 1708 1095 1732 ε

136 1752 179 1786 V.
203 1751 298 1786 'l'um
329 1753 440 1787 actus
466 1751 663 1796 appetitus
683 1751 862 1786 sensitivi
890 1753 974 1786 tum
1008 1753 1120 1786 actus
1146 1750 1380 1785 exteriorum

90 1803 347 1840 membrorum
356 1803 558 1848 subjacent.
567 1804 609 1838 in
618 1804 772 1839 homine
783 1803 943 1847 imperio
955 1803 1130 1838 rationis.
1145 1803 1246 1837 Hanc
1258 1802 1379 1848 ipsam

92 1855 395 1903 propositionem
422 1856 504 1901 jam
542 1855 788 1901 probavimus
822 1856 860 1890 in
893 1854 1144 1901 Psychologia
1184 1856 1255 1898 (47,
1292 1854 1380 1899 111);

92 1908 193 1943 unde
212 1917 335 1954 pauca
354 1907 416 1942 hic
436 1906 575 1942 addere
595 1907 777 1943 sufficiat.
804 1907 846 1941 In
870 1911 1110 1942 antecessum
1139 1911 1268 1942 autem
1290 1911 1381 1941 nota

93 1960 168 1995 duo
189 1970 197 1995 :
222 1962 257 1994 10
284 1958 388 2004 quod
414 1959 597 2006 potentiae
618 1958 809 1994 sensitivae
823 1968 911 1994 cum
926 1959 1003 1993 sint
1020 1959 1212 2004 organicae
1232 1958 1304 2003 (Ps.
1325 1960 1381 2002 22,

92 2013 156 2056 ΠΙ)
185 2011 383 2058 postulant
417 2015 561 2047 rectam
595 2011 767 2057 corporis
799 2010 1106 2057 dispositionem,
1143 2015 1186 2045 ut
1218 2010 1381 2057 perfecte

93 2068 209 2112 agant
230 2075 238 2099 ε
261 2074 347 2110 quae
368 2063 568 2111 dispositio
598 2074 675 2099 non
699 2063 839 2110 pendet
855 2073 877 2099 a
897 2066 1030 2099 nostra
1051 2063 1259 2108 voluntate,
1281 2068 1317 2099 et
1340 2074 1381 2099 ea

93 2117 291 2152 deficiente
308 2126 385 2151 non
411 2120 538 2162 potest
565 2120 672 2152 actus
700 2115 834 2151 talium
860 2116 1120 2162 potentiarum
1144 2116 1281 2162 subjici
1300 2126 1382 2163 per-

92 2169 186 2205 fecte
215 2169 374 2204 rationis
391 2168 552 2215 imperio
573 2180 582 2213 3
606 2189 651 2194 —
679 2171 715 2203 20
745 2167 848 2215 quod
881 2172 923 2204 ut
948 2168 1182 2204 conscientia
1208 2173 1382 2212 testatur,

93 2220 246 2268 quando
266 2225 373 2256 actus
388 2222 581 2267 appetitus
596 2221 766 2257 sensitivi
783 2221 1031 2257 vehementer
1047 2221 1238 2256 excitatur
1251 2222 1298 2256 ab
1321 2221 1382 2257 ob-

89 2274 201 2320 jectis
224 2273 479 2317 sensibilibus,
510 2274 692 2320 praevenit
721 2274 843 2320 ipsam
869 2273 1072 2318 rationem,
1101 2278 1138 2309 et
1167 2278 1222 2308 est
1245 2279 1383 2320 praeter

93 2325 209 2372 hujus
247 2325 466 2371 imperium.
503 2346 547 2351 ——
580 2326 687 2362 Hisce
725 2326 1012 2373 exceptionibus
1038 2325 1241 2361 declaratis
1270 2330 1383 2372 atque

93 2377 294 2421 concessis,
317 2377 503 2423 probatur
519 2377 715 2413 evidenter
732 2378 942 2425 propositio
961 2388 1007 2413 ex
1031 2379 1249 2414 testimonio
1277 2389 1381 2414 cons-

204 2454 343 2479 meuu.
368 2453 483 2480 Summa
503 2453 710 2487 philosophica,
736 2468 769 2473 -
790 2454 822 2480 Τ.
847 2455 900 2482 ΙΠ.
1231 2455 1244 2480 ὃ
