1584 2569
488 107 568 133 aar.
600 107 660 133 vii.
690 107 732 132 ma:
757 107 945 133 SOCIETATE
973 107 1091 133 unium
1377 98 1445 132 217

156 190 274 225 quam
294 179 474 216 dominus
495 182 661 226 aequales
678 182 836 216 omnnio
856 180 981 216 sintin
1001 185 1143 216 natura
1163 179 1333 216 humana
1350 185 1387 215 et
1406 180 1442 216 in

156 233 293 270 officiis
313 233 523 269 moralibus
543 237 717 280 respectu
743 234 829 269 finis
858 233 999 268 ultimi.
1028 233 1073 268 Et
1104 233 1195 279 quia
1220 233 1445 279 hujusmodi

157 286 284 323 officia
309 291 399 322 sunt
421 287 602 333 imposita
630 298 651 322 a
678 291 827 331 natura,
858 297 981 334 neque
1006 286 1080 321 illis
1101 286 1217 322 homo
1242 290 1369 333 potest
1389 297 1446 322 re-

157 340 332 389 nuntiare
353 340 433 375 sine
455 340 578 386 culpa,
602 344 732 375 creant
761 340 799 375 in
830 339 987 376 homine
1001 339 1101 386 jura
1131 339 1203 375 sibi
1230 339 1389 375 relativa
1409 344 1446 375 et

157 392 315 427 omnino
344 392 627 436 inalienabilia3
651 403 740 428 nam
759 392 1002 429 inalienabile
1024 391 1165 428 dicitur
1179 392 1244 438 J'us
1270 391 1373 438 quod
1400 402 1446 426 ex

156 444 390 481 inalienabili
405 445 530 480 officio
552 446 732 481 nascitur.
753 445 867 491 Atqui
887 445 1120 492 mancipatio
1146 444 1275 480 stricte
1292 448 1447 491 sumpta

156 508 201 533 ex
227 509 265 534 se
291 498 500 545 opponitur
526 498 749 544 huJ'usmodi
772 499 851 544 juri
878 498 1043 534 naturali
1075 497 1324 541 inalienabili,
1356 498 1443 543 quia

156 555 271 587 totum
299 551 498 587 hominem
528 551 645 586 tradit
674 552 712 586 in
743 551 958 587 dominium
991 551 1147 587 alterius
1171 551 1353 590 hominis„
1385 550 1445 585 cui

156 603 329 640 concedit
343 605 408 651 jus
430 604 635 649 alienandi,
655 608 691 640 et
713 615 781 651 pro
805 604 926 640 lubito
948 603 1169 639 destruendi
1192 603 1444 649 mancipium,

155 658 252 693 sicut
280 658 324 692 sit
352 657 398 692 de
430 668 672 704 quacumque
699 658 773 693 alia
806 657 1051 705 proprietate.
1083 656 1181 703 Ergo
1210 656 1445 702 mancipatio

155 710 283 747 stricte
301 711 544 757 acceptajuri
562 716 710 746 naturae
728 709 964 746 adversatur.

202 763 262 799 IV.
288 764 338 799 De
357 763 561 799 famulatu.
584 763 739 799 Diversa
756 767 885 799 autem
904 763 1062 799 omnino
1090 767 1145 798 est
1165 762 1263 798 ratio
1286 761 1445 797 famula-

156 821 216 851 tus
238 826 260 851 a
282 816 429 851 ratione
446 816 755 862 mancipationis.
774 816 828 850 Ex
849 815 997 851 diversa
1017 815 1119 851 enim
1140 814 1362 851 conditione
1381 814 1446 849 ho-

155 869 306 903 minum
333 869 371 903 in
391 873 583 911 concreto,
615 868 678 903 alii
701 868 783 903 aliis
812 868 1014 915 indigent3
1046 868 1099 903 ita
1119 878 1257 914 nempe
1278 872 1321 902 ut
1350 867 1447 902 alius

155 921 284 957 labore
303 920 460 957 alterius
483 920 666 968 indigeat,
692 921 788 956 alter
810 931 898 956 vero
924 920 1090 957 fructum
1120 920 1265 968 proprii
1306 919 1447 955 laboris

155 973 352 1022 percipiat.
374 973 661 1019 Consequenter
685 977 811 1020 potest
831 973 948 1009 homo
970 974 1007 1008 in
1025 973 1250 1008 societatem
1269 972 1447 1008 domesti-

155 1043 239 1069 cam
262 1031 405 1069 adscici
427 1031 548 1067 libera
576 1032 844 1075 conventione,
866 1036 908 1066 ut
938 1031 1081 1067 scilicet
1102 1031 1269 1066 famulus
1290 1041 1446 1077 operam

156 1095 264 1121 suam
285 1084 464 1120 exhibeat
484 1088 521 1120 et
550 1083 731 1119 dominus
752 1083 1014 1119 emolumenta
1037 1088 1150 1130 pacta
1169 1083 1315 1127 solvat3
1338 1087 1375 1118 et
1395 1083 1448 1118 sic

155 1142 316 1184 uterque
332 1142 509 1173 mutuam
527 1136 733 1172 utilitatem
752 1137 950 1184 percipiat.

200 1191 243 1227 V.
271 1192 321 1227 De
341 1191 486 1227 mutuis
502 1191 640 1227 officiis
657 1191 762 1226 inter
783 1190 955 1226 dominos
976 1193 1016 1226 et
1037 1200 1181 1226 servos.
1205 1190 1298 1225 Hinc
1323 1190 1446 1224 mani-

155 1244 294 1280 festum
320 1248 377 1279 est
396 1253 575 1290 quaenam
607 1243 817 1290 generatim
848 1243 924 1278 sint
956 1243 1083 1278 officia
1112 1243 1212 1279 inter
1244 1242 1446 1278 dominum

155 1301 194 1333 et
213 1307 376 1333 servum.
398 1297 585 1332 Dominus
602 1296 705 1332 enim
733 1307 810 1331 non
839 1295 951 1331 debet
971 1306 993 1331 a
1019 1305 1126 1331 servo
1153 1296 1304 1342 exigere
1333 1305 1448 1342 supra

156 1350 266 1386 vires.
288 1349 397 1391 Quod
417 1350 447 1385 si
474 1360 615 1394 servus,
637 1354 679 1384 ut
700 1346 844 1392 servus,
867 1352 923 1384 est
944 1352 1047 1384 totus
1069 1349 1107 1384 in
1136 1348 1283 1384 domini
1305 1348 1447 1384 utilita-

156 1407 249 1448 tem,
270 1406 312 1437 ut
334 1401 451 1438 homo
473 1407 602 1438 tamen
626 1413 695 1449 par
715 1412 802 1437 cum
823 1401 981 1437 domino
1002 1405 1058 1437 est
1082 1402 1119 1437 in
1141 1401 1329 1448 dignitate
1351 1405 1386 1437 et
1407 1406 1449 1436 ut

157 1455 244 1491 talis
259 1455 281 1490 a
300 1454 458 1491 domino
479 1456 600 1491 amari
621 1455 746 1491 debet.
769 1455 953 1497 Quocirca
969 1455 1023 1490 sic
1042 1455 1140 1490 servi
1159 1465 1316 1501 operam
1337 1454 1449 1490 debet

157 1507 336 1544 dominus
367 1509 531 1555 exigere,
558 1512 601 1544 ut
633 1513 784 1555 tempus
805 1508 840 1543 ei
872 1506 1058 1544 concedat
1087 1507 1310 1554 perficiendi
1339 1518 1378 1542 se
1410 1507 1448 1542 in

156 1560 342 1607 dignitate
377 1560 579 1596 humana:
610 1561 688 1596 imo
725 1561 807 1608 eJus
841 1560 1057 1608 profectum
1087 1560 1384 1596 intellectualem
1413 1564 1449 1595 et

159 1613 344 1655 moralem
370 1613 483 1650 debet
504 1625 574 1661 pro
604 1614 748 1650 viribus
775 1625 992 1661 procurare.
1022 1613 1161 1650 Servus
1186 1624 1274 1649 vero
1295 1613 1449 1649 subesse

159 1666 317 1702 domino
335 1666 460 1711 debet,
477 1671 589 1714 pacta
605 1666 758 1703 servitia
775 1666 980 1714 diligenter
994 1670 1178 1713 praestare
1195 1670 1232 1702 et
1249 1666 1288 1702 in
1304 1666 1446 1702 bonum

158 1719 351 1755 societatis
378 1719 599 1755 domesticae
632 1720 702 1755 sub
730 1720 958 1756 auctoritate
982 1723 1018 1754 et
1044 1718 1255 1755 directione
1278 1718 1449 1766 patrisfa-

158 1771 285 1807 milias
317 1782 555 1808 concurrere.
589 1771 796 1808 Christiani
832 1773 1025 1819 praecipue
1063 1777 1145 1806 tum
1181 1771 1329 1806 domini
1367 1776 1450 1806 tum

158 1823 292 1860 famuli
312 1824 560 1859 meminerint
589 1834 674 1870 quae
700 1824 841 1860 Paulus
867 1823 914 1859 ad
940 1824 1124 1871 Ephesios
1145 1824 1235 1870 Cap.
1264 1824 1323 1868 VI,
1350 1825 1385 1869 5⁶.
1414 1826 1448 1859 5.

159 1881 197 1914 et
220 1887 326 1924 seqq.
356 1876 487 1913 scribit
509 1887 516 1912 :
546 1889 562 1908 ε
599 1876 717 1921 Servi,
754 1875 905 1913 obedite
931 1876 1098 1912 dominis
1119 1876 1335 1912 carnalibus
1361 1887 1448 1913 curn

159 1930 298 1966 timore
313 1933 350 1965 et
361 1933 540 1973 tremore,
558 1929 597 1965 in
615 1929 860 1976 simplicitate
872 1928 998 1965 cordis
1015 1929 1142 1973 vestri,
1158 1929 1256 1964 sicut
1267 1929 1419 1965 Christo
1437 1940 1446 1966 ε

159 1992 237 2018 non
283 1981 331 2018 ad
371 1982 525 2018 oculum
560 1982 787 2027 servientes,
830 1982 939 2028 quasi
984 1981 1208 2017 hominibus
1244 1982 1448 2029 placentes,

159 2033 225 2070 sed
242 2038 285 2069 ut
304 2034 402 2070 servi
419 2034 572 2079 Christi,
592 2034 772 2070 faciontes
794 2034 1033 2069 voluntatem
1050 2033 1116 2069 Dei
1133 2044 1179 2069 ex
1199 2034 1343 2079 animo,
1361 2044 1449 2070 cum

160 2087 262 2123 bona
279 2087 477 2123 voluntate
495 2087 714 2131 servientes,
734 2087 832 2122 sicut
851 2087 1029 2130 Domino,
1049 2090 1086 2122 et
1103 2097 1180 2122 non
1200 2086 1423 2122 hominibus
1439 2098 1447 2121 ε

160 2140 324 2177 scientes
343 2141 527 2187 quoniam
550 2140 826 2186 unusquisque,
848 2139 1118 2186 quodcumque
1138 2139 1269 2175 fecerit
1289 2140 1448 2183 bonum,

162 2193 236 2230 hoc
255 2193 411 2240 recipiet
427 2203 450 2229 a
464 2193 644 2236 Domino,
666 2193 742 2228 sive
762 2203 905 2237 servus,
923 2193 998 2229 sive
1019 2192 1126 2228 liber.
1149 2192 1195 2227 Et
1214 2203 1281 2227 vos
1302 2192 1449 2227 domini

162 2245 297 2282 eadem
335 2245 446 2282 facite
482 2246 569 2291 illis,
608 2246 848 2282 remittentes
884 2246 1008 2281 minas
1031 2256 1039 2281 ε
1071 2246 1232 2281 scientes
1275 2245 1366 2291 quia
1414 2248 1451 2280 et

165 2300 331 2344 illorum,
352 2302 390 2334 et
408 2303 533 2334 vester
549 2299 734 2334 Dominus
755 2299 866 2335 estin
898 2299 1029 2335 coelis:
1058 2302 1096 2334 et
1115 2307 1367 2345 personarum
1391 2307 1451 2334 ac·

164 2351 289 2398 ceptio
305 2361 384 2388 non
403 2356 459 2388 est
475 2351 576 2398 apud
593 2362 694 2388 eum.
715 2365 736 2385 η
