1554 2569
94 127 134 162 98
184 135 324 160 ΕἸἬΙΟΑ.
339 134 410 161 Lm.
434 135 474 160 n.
493 133 571 160 cst.
586 134 626 159 n.
642 133 685 158 DE
701 133 850 159 Annuus
869 132 1027 159 nunnus
1044 133 1081 159 m
1093 133 1237 168 ORDINE,
1253 133 1329 159 Ere.

94 207 130 243 in
153 207 378 242 imminente
403 206 618 253 naufragio,
643 209 699 241 est
721 205 799 240 vita
824 203 1004 241 salvanda
1029 209 1066 241 et
1092 209 1148 241 est
1170 205 1295 252 majus
1314 206 1372 241 bo·

93 269 204 304 num,
247 262 337 294 sunt
375 257 565 294 salvandae
601 267 746 293 merces
792 266 878 303 quae
917 261 1007 292 sunt
1047 257 1175 293 minus
1217 257 1373 294 bonum.

95 311 306 358 Utrumque
324 315 453 346 autem
481 321 527 346 ex
553 309 756 357 hypothesi
782 320 859 345 non
887 313 1014 356 potest
1039 309 1175 346 salvari
1197 321 1206 355 3
1227 313 1264 346 et
1292 309 1374 346 ideo

96 364 352 411 projiciuntur
368 363 407 398 in
428 373 533 399 mare
555 372 714 406 merces,
741 365 927 408 tanquam
949 361 1121 398 medium
1144 362 1183 398 in
1206 373 1296 399 casu
1317 374 1374 399 ne-

96 416 303 453 cessarium
323 414 372 451 ad
394 415 513 451 vitam
539 414 774 451 salvandam.
800 414 915 460 Atqui
938 425 1067 451 revera
1087 414 1206 451 homo
1228 415 1268 451 in
1290 425 1375 451 casu

96 469 173 505 vult
193 467 366 504 absolute
379 472 415 503 et
432 466 559 514 quoad
575 477 614 503 se
631 468 761 512 finem,
780 476 917 513 nempe
933 467 1050 503 vitam
1066 478 1075 512 3
1096 478 1187 514 ergo
1207 467 1376 504 absolute

97 527 134 557 et
153 520 378 568 simpliciter
399 520 478 555 vult
504 519 687 563 medium,
714 528 851 565 nempe
877 520 1153 566 projectionem
1179 520 1374 557 mercium.

97 573 218 620 Igitur
249 573 434 619 projectio
466 572 664 616 mercium,
702 582 768 606 seu
799 571 898 607 actio
934 582 979 607 ex
1016 576 1122 608 metu
1149 572 1288 620 posita,
1324 577 1377 608 est

97 625 321 672 simpliciter
348 625 575 660 voluntaria.
603 643 649 650 —
672 624 850 659 Attamen
878 633 1022 660 merces
1046 634 1124 660 non
1152 624 1376 672 projiceren-

98 683 160 712 tur
197 678 235 713 si
272 676 425 713 aliunde
461 680 615 724 possent
650 675 786 712 salvari
826 686 905 712 una
930 686 1019 712 cum
1055 676 1133 712 vita
1173 676 1378 724 (loquimur

98 730 201 767 enim
233 729 279 765 de
314 733 419 765 metu
457 733 499 765 ut
533 739 648 765 causa
679 728 826 773 totali);
856 739 946 776 ergo
979 728 1165 775 projectio
1196 730 1379 766 mercium

98 783 197 818 facta
214 792 259 817 ex
276 785 395 825 metu,
420 786 477 817 est
500 780 710 817 secundum
730 780 837 828 quid,
858 791 924 816 seu
944 780 1188 828 hypothetice
1213 781 1367 818 involun

99 835 207 870 taria.

146 887 208 923 IX.
229 887 346 922 NOTA.
368 887 486 932 Leges
511 887 689 932 positivae
719 887 822 922 circa
847 886 1021 922 actiones
1049 885 1173 923 factas
1198 897 1245 922 ex
1261 889 1383 923 metu-

101 939 192 980 Quae
214 938 380 974 diximus
406 943 579 985 spectant
606 938 776 973 actiones
796 948 841 973 ex
860 941 979 982 metu,
1001 938 1158 984 praecise
1176 948 1222 975 ex
1247 943 1382 974 natura

101 992 152 1026 rei
173 1002 181 1035 3
203 991 345 1026 etenim
362 991 464 1037 leges
487 990 676 1037 positivae,
697 989 745 1025 ob
766 990 912 1025 bonum
932 1000 1149 1035 commune,
1171 994 1236 1026 aut
1255 991 1382 1026 irritos

102 1048 168 1079 aut
187 1042 448 1079 rescindibiles
498 1041 696 1079 declarant
741 1041 947 1078 nonnullos
969 1046 1189 1078 contractus
1212 1053 1259 1078 ex
1277 1047 1380 1078 metu

100 1099 284 1131 extortos.
322 1094 379 1130 Ita
409 1094 702 1130 matrimonium
722 1104 767 1129 ex
793 1097 898 1129 metu
929 1094 1031 1141 gravi
1057 1094 1211 1139 initum,
1235 1094 1383 1130 nullum

101 1152 157 1184 est
180 1158 188 1182 :
223 1146 327 1182 nulla
353 1151 410 1182 est
438 1146 642 1194 promissio
675 1150 741 1182 aut
767 1145 907 1182 solutio
939 1145 1061 1191 dotis3
1085 1145 1191 1182 nulla
1209 1145 1384 1193 Jurisdic-

103 1201 156 1236 tio
181 1200 271 1235 data
299 1203 365 1235 aut
388 1203 565 1246 accepta,
592 1198 698 1234 nulla
728 1198 861 1235 electio
881 1198 1156 1245 praelatorum3
1177 1198 1284 1236 nulla
1299 1203 1386 1236 vota

103 1253 301 1288 solemnia.
324 1251 463 1287 Verum
487 1251 534 1286 de
553 1250 613 1286 his
635 1250 683 1286 ad
703 1251 921 1287 canonistas
943 1255 980 1286 et
1003 1250 1050 1286 ad
1066 1250 1384 1299 jurisprudentes.

104 1304 176 1340 Sed
197 1304 288 1351 quid
311 1303 356 1339 de
369 1304 591 1350 juramento
610 1303 858 1350 promissorio
878 1313 925 1340 ex
944 1298 1051 1339 metu
1063 1305 1079 1338 ⁶?
1099 1303 1388 1351 Sapientissima

102 1362 159 1394 est
177 1356 366 1401 doctrina,
390 1367 506 1403 quam
530 1357 567 1391 in
588 1355 686 1392 hanc
708 1366 790 1391 rem
810 1355 926 1392 habet
947 1355 984 1391 S.
1009 1356 1175 1392 Thomas
1200 1356 1296 1402 11-11,
1317 1357 1385 1398 Qu.

105 1409 286 1454 LXXXIX,
316 1410 434 1445 Artic.
473 1408 537 1444 VII
567 1408 615 1444 ad
644 1411 664 1444 3
699 1419 708 1444 z
732 1423 750 1441 «
780 1408 822 1444 In
848 1409 1084 1455 juramento,
1114 1409 1253 1455 inquit,
1285 1409 1388 1456 qnod

104 1463 189 1509 quis
221 1466 373 1497 coactus
401 1461 508 1506 facit,
537 1461 677 1508 duplex
703 1465 759 1497 est
785 1460 983 1508 obligatio.
1024 1460 1106 1497 Una
1130 1460 1286 1507 quidem
1314 1473 1390 1509 qua

102 1514 298 1561 obligatur
318 1513 479 1557 homini,
508 1513 568 1549 cui
600 1512 745 1560 aliquid
778 1513 995 1560 promittit;
1024 1517 1060 1548 et
1090 1514 1177 1549 talis
1205 1513 1388 1562 obligatio

106 1565 254 1602 tollitur
273 1576 339 1612 per
358 1566 611 1611 coactionem,
633 1565 723 1611 quia
742 1565 805 1601 ille
825 1565 890 1611 qui
916 1566 993 1601 vim
1014 1565 1157 1609 intulit,
1182 1564 1255 1602 hoc
1271 1576 1390 1602 mere—

106 1624 169 1653 tur
193 1622 235 1653 ut
263 1619 297 1653 ei
316 1618 548 1665 promissum
572 1627 649 1653 non
675 1622 855 1653 servetur.
877 1616 959 1652 Alia
974 1621 1105 1653 autem
1121 1622 1177 1653 est
1206 1617 1390 1666 obligatio

106 1681 182 1717 qua
199 1670 283 1717 quis
295 1670 370 1706 Deo
390 1669 595 1717 obligatur,
614 1673 656 1705 ut
673 1669 832 1716 impleat
849 1668 952 1715 quod
967 1680 1035 1717 per
1053 1680 1195 1707 nomeu
1213 1671 1293 1716 ejus
1306 1681 1391 1718 pro-

107 1723 233 1767 misit3
252 1727 289 1759 et
305 1722 390 1758 talis
403 1722 587 1770 obligatio
602 1732 680 1757 non
703 1722 853 1758 tollitur
873 1722 911 1757 in
929 1721 1012 1758 foro
1030 1723 1287 1768 conscientiae,
1302 1724 1391 1770 quia

107 1776 229 1823 magis
257 1774 371 1811 debet
390 1774 576 1811 damnum
604 1775 813 1822 temporale
839 1775 1039 1818 sustinere,
1066 1785 1182 1822 quam
1198 1777 1389 1822 Juramen-

108 1834 191 1863 tum
221 1828 374 1864 violare.
403 1828 534 1863 Potest
553 1832 682 1863 tamen
702 1831 872 1874 repetere
899 1827 939 1862 in
964 1827 1124 1874 judicio,
1145 1828 1248 1875 quod
1267 1829 1393 1874 solvit,

109 1881 164 1916 vel
204 1880 363 1927 praelato
404 1879 644 1924 denuntiare,
689 1890 766 1915 non
802 1879 978 1915 obstante
1017 1879 1120 1926 quod
1157 1881 1393 1916 contrarium

109 1939 251 1979 <nempe
269 1942 346 1967 non
371 1936 533 1979 repetere
553 1931 595 1967 in
616 1931 772 1978 judicio
798 1931 854 1968 vel
876 1943 952 1968 non
975 1932 1214 1977 denuntiare)
1237 1933 1393 1980 juravit,

109 1985 199 2030 quia
240 1985 315 2020 tale
352 1985 619 2031 juramentum
659 1989 829 2032 vergeret
870 1985 908 2019 in
949 1984 1178 2020 deteriorem
1218 1986 1392 2021 exitum:

110 2041 208 2072 esset
231 2037 334 2072 enim
354 2042 488 2073 contra
509 2037 702 2083 justitiam
729 2037 936 2084 publicam.
964 2036 1124 2072 Romani
1151 2041 1281 2073 autem
1300 2037 1395 2074 Pon-

111 2090 231 2125 tifices
257 2089 304 2124 ab
325 2089 550 2135 hujusmodi
573 2089 805 2136 juramentis
831 2088 1006 2124 homines
1031 2089 1289 2134 absolverunt,
1317 2100 1393 2125 non

111 2142 220 2188 quasi
252 2141 498 2177 decernentes
527 2141 749 2188 hujusmodi
781 2142 1002 2188 juramenta
1033 2151 1110 2177 non
1142 2151 1222 2177 esse
1254 2141 1396 2190 obliga·

113 2195 223 2238 toria,
245 2193 310 2229 sed
339 2194 448 2240 quasi
474 2193 696 2240 hujusmodi
730 2193 983 2241 obligationes
1009 2204 1055 2229 ex
1075 2193 1182 2241 justa
1206 2204 1320 2230 causa
1340 2205 1396 2230 re-

112 2247 297 2284 laxantes.
316 2259 334 2279 ι
