1584 2569
369 105 450 131 Ant.
478 105 517 130 11.
540 104 584 131 nx
598 103 746 131 onxcnu:
771 103 974 129 somn-Ans
994 104 1124 130 civius
1324 97 1391 132 227

100 178 269 217 hominis
296 182 418 215 status
445 176 634 214 naturalis
664 176 775 225 plene
806 175 1055 224 dignoscatur
1087 187 1239 214 necesse
1273 184 1330 215 est
1349 174 1398 217 ut'

101 231 315 280 expolietur
333 229 592 275 facultatibus,
611 229 751 276 quibus
765 238 853 266 eum
868 228 985 265 modo
1003 234 1183 266 ornatum
1201 229 1389 268 videmus.

99 285 214 332 Atqui
234 284 337 321 hisce
357 282 572 332 expoliatus
591 282 837 320 facultatibus
856 282 974 319 homo
995 283 1149 320 nonnisi
1165 283 1338 320 silvester
1355 292 1390 321 et

100 336 333 375 antisocialis
352 340 422 374 est.
452 335 552 384 Ergo
582 335 817 373 antisocialis
844 339 883 372 et
900 335 1071 372 silvester
1094 340 1152 372 est
1182 340 1305 373 status
1325 337 1389 374 ho-

98 391 195 428 mini
215 389 415 427 naturalis.

143 443 254 490 Resp.
274 442 378 490 Nego
394 441 581 489 majorem
588 453 603 487 ;
624 446 662 478 et
681 441 764 490 ipsa
774 441 892 478 etiam
907 441 1144 487 transmissa,
1157 452 1256 490 nego
1269 443 1389 481 mino-

97 507 176 534 rem
194 500 232 532 et
251 494 567 543 consequentiam.
588 493 634 530 Et
651 504 796 540 revera,
814 494 932 530 etiam
960 493 1219 531 abstrahendo
1236 505 1260 531 a
1278 495 1387 534 donis

98 547 469 598 supernaturalibus,
490 547 608 584 homo
629 547 777 584 ratione
798 545 984 594 praeditus
1000 547 1122 583 creari
1139 546 1274 584 debuit
1295 559 1304 585 :
1324 549 1388 585 ab·

99 602 260 639 surdum
279 605 338 639 est
353 601 470 647 enim,
488 605 532 637 ut
550 611 667 648 supra
682 600 915 646 notavimus,
937 599 1041 648 quod
1062 601 1247 649 temporis
1262 601 1391 640 solum

98 665 303 702 progressu
322 653 440 691 homo
460 657 686 690 consecutus
706 652 820 689 fuerit
833 651 1055 690 facultatem
1075 653 1302 690 rationalem
1314 665 1390 703 qua

98 709 218 745 homo
237 706 498 744 constituitur.
517 705 636 743 Porro
655 705 754 742 ratio
783 704 833 742 ad
858 705 982 742 multa
1000 706 1270 753 consequenda
1289 708 1390 756 potis

99 765 169 806 est,
190 764 228 798 et
243 758 418 796 absolute
448 757 657 806 loquendo,
686 762 848 807 possunt
872 758 1120 806 quamplures
1139 759 1388 807 perfectiones

99 813 296 861 acquisitae
316 823 395 849 esse
415 812 610 849 naturales
629 810 785 849 effectus
804 811 978 848 rationis.
1008 811 1228 849 Absurdum
1248 818 1306 850 est
1321 814 1389 863 igi-

98 872 163 903 tur
171 865 267 903 velle
280 865 479 902 hominem
491 864 685 913 expoliare
699 863 924 912 huiusmodi
934 864 1181 902 naturalibus
1192 866 1387 914 perfectio-

98 919 225 965 nibus,
246 923 290 954 ut
307 922 430 954 status
448 918 531 965 ejus
550 916 738 954 naturalis
769 917 1035 965 dignoscatur3
1057 919 1232 966 quinimo
1252 923 1389 957 nature

97 973 181 1020 ejus
212 969 481 1019 investiganda
508 974 565 1007 est
593 970 633 1007 in
658 980 729 1007 sua
759 970 926 1007 naturali
962 970 1235 1019 explicatione,
1268 977 1311 1008 ut
1341 974 1390 1010 ad

98 1024 192 1072 quid
206 1028 345 1062 natura
358 1025 440 1072 ipsa
455 1022 662 1061 inclinetur
671 1026 772 1060 recte
784 1022 981 1060 valeamus
995 1022 1168 1061 definire.
1184 1043 1231 1052 —
1246 1025 1391 1062 Deinde

97 1078 238 1115 falsum
257 1081 315 1114 est
333 1076 438 1125 quod
458 1080 598 1114 natura
627 1075 799 1113 humana
826 1075 1022 1124 expoliata
1045 1076 1125 1113 suis
1143 1077 1391 1116 facultatibus

98 1130 281 1168 cilvestris
311 1130 362 1167 sit
395 1133 434 1167 et
468 1128 702 1166 antisocialis
732 1139 741 1165 ε
775 1138 866 1166 nam
891 1132 959 1165 aut
984 1139 1052 1177 per
1079 1129 1279 1167 facultates
1307 1131 1392 1168 illas

99 1184 294 1220 Rousseau
322 1181 505 1230 intelligit
541 1181 761 1219 essentiales
789 1180 958 1218 hominis
989 1181 1203 1228 facultates,
1232 1187 1277 1219 ut
1301 1190 1392 1220 sunt

99 1236 213 1281 ratio,
230 1234 420 1281 voluntas,
440 1234 619 1280 libertas3
640 1238 678 1270 et
696 1234 736 1270 in
753 1233 826 1270 hoc
842 1244 932 1270 casu
952 1244 1030 1271 non
1047 1233 1166 1272 homo
1179 1234 1245 1272 sed
1265 1235 1391 1273 bellua

99 1289 278 1335 habetur,
310 1297 527 1335 nunquam,
548 1287 622 1325 nisi
653 1297 721 1335 per
747 1285 969 1332 ridiculum,
998 1288 1037 1323 in
1063 1286 1391 1326 hominemtrans-

99 1340 332 1379 formanda:
355 1345 422 1377 aut
442 1351 510 1389 per
537 1339 737 1377 facultates
766 1339 850 1376 illas
881 1339 1062 1388 intelligit
1094 1340 1389 1388 explicationem

99 1395 273 1439 rationis,
306 1393 530 1439 voluntatis,
569 1397 607 1430 et
633 1392 837 1438 libertatis,
858 1396 896 1429 et
920 1393 960 1430 in
989 1392 1062 1430 hac
1087 1394 1255 1430 secunda
1274 1394 1391 1443 hypo—

103 1447 198 1484 thesi
226 1446 393 1484 habetur
426 1456 578 1495 semper
606 1450 747 1482 natura
774 1445 948 1483 humana
966 1444 1015 1483 ad
1034 1446 1258 1484 societatem
1281 1447 1391 1485 vehe-

103 1504 249 1538 menter
269 1499 465 1545 inclinata‚
483 1503 528 1536 ut
543 1498 752 1547 probatum
774 1503 831 1535 est
850 1509 980 1546 supra.

147 1552 318 1601 Objectio
328 1552 508 1592 secunda.
528 1552 697 1589 Societas
708 1551 881 1589 humana
897 1552 979 1589 sine
992 1562 1169 1589 sermone
1185 1554 1394 1591 consistere

102 1617 177 1644 non
194 1610 333 1655 potest.
353 1606 469 1653 Atqui
488 1616 580 1642 usus
608 1605 798 1642 sermonis
827 1615 906 1642 non
925 1608 984 1641 est
1008 1604 1158 1642 homini
1191 1606 1391 1643 naturalis.

101 1658 198 1707 Ergo
218 1670 288 1696 nec
307 1663 364 1696 est
382 1658 571 1696 naturalis
589 1657 740 1695 homini
760 1662 882 1694 status
896 1657 1061 1694 socialis.

146 1713 256 1759 Resp.
291 1713 328 1748 1⁰
359 1711 464 1760 Nego
499 1710 803 1758 consequentiam
831 1722 842 1745 .·
881 1714 1156 1758 argumentum
1198 1712 1302 1749 enim
1338 1718 1388 1748 est

103 1764 310 1814 sophisma,
332 1765 441 1811 quasi
458 1774 596 1812 nempe
609 1774 702 1800 usus
722 1764 911 1800 sermonis
939 1773 1017 1799 non
1050 1764 1220 1811 potuerit
1239 1764 1391 1802 aliunde

104 1827 218 1864 quam
238 1817 286 1853 ab
297 1816 470 1853 humana
483 1816 703 1853 inventione
717 1815 865 1862 haberi,
880 1826 1019 1863 nempe
1030 1826 1053 1852 a
1065 1816 1156 1852 Deo.
1171 1836 1217 1843 -
1248 1818 1286 1852 2⁰
1313 1817 1389 1854 Dis-

102 1871 236 1919 tinguo
255 1869 442 1917 majorem
463 1880 471 1905 :
495 1868 665 1906 Societas
684 1868 857 1905 humana
878 1869 960 1905 sine
982 1879 1160 1905 sermone
1186 1869 1392 1907 consistere

101 1933 179 1960 non
196 1927 324 1971 potest
340 1922 519 1971 perfecte,
540 1921 700 1959 concedo
721 1932 733 1957 :
754 1920 989 1969 imperfecte,
1003 1931 1110 1968 nego.
1125 1921 1209 1957 Non
1220 1922 1324 1959 enim
1337 1928 1391 1959 est

102 1976 264 2024 quaestio
285 1975 332 2012 de
364 1974 532 2024 perfecta
566 1975 761 2019 societate,
782 1973 849 2010 sed
878 1972 925 2010 de
952 1973 1133 2011 societate
1166 1973 1279 2021 ipsa:
1307 1985 1390 2022 quae

102 2029 235 2076 utique
264 2028 382 2065 etiam
411 2028 494 2065 sine
524 2037 701 2064 sermone
721 2030 847 2075 potest
876 2027 1052 2072 existere,
1085 2027 1176 2074 quia
1203 2027 1391 2064 naturalia

101 2084 191 2118 sunt
222 2081 373 2118 homini
403 2081 528 2129 signa,
563 2080 703 2128 quibus
737 2080 778 2116 in
815 2078 1126 2116 manifestatione
1146 2079 1391 2127 propriorum

102 2138 358 2182 conceptuum
390 2133 544 2182 supplet
571 2143 696 2178 voces,
729 2136 773 2169 ut
791 2135 897 2180 patet
928 2132 968 2168 in
1001 2132 1135 2178 mutis,
1172 2132 1290 2169 etiam
1316 2143 1393 2169 non

103 2187 313 2223 instructis.
327 2206 374 2214 —
391 2189 429 2223 3ο
452 2186 655 2234 Distinguo
665 2185 852 2222 minorem
866 2197 878 2221 :
901 2195 993 2222 usus
1014 2185 1204 2222 sermonis
1217 2184 1394 2222 determi-

104 2239 184 2275 nati
202 2250 280 2276 non
299 2244 358 2277 est
377 2239 528 2277 homini
544 2238 744 2284 naturalis,
766 2238 946 2284 concedo;
963 2236 1266 2283 indeterminati,
1285 2247 1392 2285 neyo.

104 2291 211 2328 Certe
230 2291 335 2339 quod
354 2291 473 2329 homo
493 2296 628 2329 utatur
643 2301 818 2328 sermone
831 2290 891 2328 vel
907 2290 1048 2337 italico,
1068 2290 1128 2327 vel
1144 2290 1294 2339 gallico,
1315 2290 1393 2327 sive

103 2356 242 2394 graeco,
263 2348 340 2385 sive
359 2348 494 2394 latino,
515 2360 593 2386 non
608 2354 663 2386 est
685 2343 1018 2381 determinatuma
1034 2348 1192 2391 natura3
1204 2342 1271 2381 sed
1289 2342 1392 2391 quod
