1554 2569
202 119 246 152 50
267 127 391 153 mmm
408 128 478 154 Lm.
499 129 534 155 Η.
546 129 659 154 ΕΑΡᾸ.
671 129 713 154 DE
727 128 874 154 ACTIBUS
890 129 1027 156 uuuAN.
1044 129 1080 154 m
1096 129 1219 154 51319515
1229 126 1481 154 comsmEnArts

600 276 848 312 ARTICULUS
876 276 1086 317 QUARTUS

808 360 879 402 (¹2)

488 438 544 475 De
562 438 745 486 objectivo
766 439 921 475 criterio
942 439 1188 475 moralitatis.

246 555 273 591 1.
288 555 512 600 Supremam
530 557 730 592 criterium
741 557 976 593 moralitatis
987 561 1048 593 est.
1060 558 1143 602 ipsa
1155 556 1349 592 evidentia
1361 554 1484 600 obiec-

199 609 281 643 tiva
292 609 510 644 honestatis
521 610 585 645 vel
595 610 850 654 turpitudinis
863 610 1029 646 actionis
1038 610 1228 646 humanae.
1246 609 1332 644 Haec
1346 617 1482 654 propo-

199 661 287 695 sitio
315 664 372 695 est
406 662 652 697 corollarium
682 661 994 708 proeeedentium.
1035 663 1202 697 Existere
1235 661 1337 696 enim
1370 660 1483 696 debet

199 723 335 748 norma
353 723 418 748 seu
440 713 647 759 criterium,
670 725 746 761 quo
774 714 874 750 ratio
898 719 1031 750 nostra
1051 716 1197 750 nitatur
1217 715 1254 749 in
1281 713 1361 749 suis
1375 712 1482 758 judi-

197 765 267 800 ciis
288 765 453 800 ferendis
478 765 524 801 de
553 767 769 802 moralitate
796 767 994 803 actionum
1015 767 1301 809 humanarum3
1327 769 1366 800 et
1391 765 1483 812 quia

196 817 291 852 illud
307 817 504 854 criterium
530 830 606 854 non
627 824 684 855 est
700 819 792 866 quid
813 820 1070 855 extrinsecum
1096 830 1234 866 nempe
1254 816 1479 860 auctoritas,

197 880 320 916 neque
340 870 483 917 aliquid
500 871 749 918 subjectivum
764 873 855 918 (sive
876 873 947 909 hoc
966 873 1115 909 dicatur
1135 883 1267 908 sensus
1288 871 1480 918 physicus,

198 924 274 958 sive
305 934 437 959 sensus
474 926 646 969 moralis,
683 926 758 962 sive
795 926 961 972 affectae,
983 926 1060 961 sive
1097 936 1217 962 caecus
1252 923 1481 969 instinctus),

198 975 311 1011 debet
329 982 608 1023 consequenter
633 988 713 1013 esse
734 978 929 1014 criterium
954 978 1182 1025 objectivum
1205 977 1308 1023 quod
1329 987 1406 1012 non
1424 980 1482 1011 est

197 1028 271 1062 nisi
291 1028 364 1074 ipsi
384 1029 519 1064 veritas
544 1030 714 1075 moralis,
733 1041 799 1066 seu
815 1030 996 1066 honestas
1015 1034 1080 1066 aut
1100 1029 1299 1075 turpitudo
1321 1029 1482 1066 actionis

197 1079 392 1123 humanae,
415 1082 556 1116 rati-oni
577 1082 793 1127 manifesta,
810 1086 850 1118 ut
868 1082 913 1119 de
925 1082 1115 1119 evidentia
1132 1081 1316 1128 objectiva
1337 1081 1482 1117 dictum

196 1138 253 1167 est
272 1133 324 1176 (L.
345 1134 402 1172 65,
421 1133 477 1176 V).
494 1154 538 1159 -
552 1134 609 1170 Ad
627 1135 812 1181 maj0rem
833 1139 961 1171 tamen
977 1135 1290 1182 perspicuitatem
1309 1133 1481 1180 ejusdem

196 1186 474 1232 propositionis
494 1187 708 1223 revocanda
729 1191 816 1223 sunt
835 1188 874 1223 in
893 1192 1062 1223 mentem
1083 1198 1128 1223 ea
1147 1198 1233 1234 quac
1254 1197 1372 1232 supra
1388 1187 1478 1231 (art.
1534 1210 1538 1214 -

193 1238 354 1283 proeced.
386 1249 423 1274 n.
460 1240 532 1284 Vll)
563 1240 773 1285 innuimus,
804 1251 941 1288 nempe
966 1241 1144 1277 veritates
1183 1240 1368 1287 practieas
1403 1249 1480 1274 non

196 1291 449 1327 essentialiter
474 1292 626 1328 differre
654 1304 675 1328 a
700 1294 926 1330 veritatibus
952 1293 1208 1341 speculativis,
1241 1292 1306 1328 sed
1331 1291 1478 1327 solum-

194 1343 312 1379 modo
346 1344 642 1381 accidentaliter.
679 1346 825 1382 Dicitur
855 1346 957 1383 enim
996 1347 1135 1382 veritas
1169 1345 1401 1393 speculativa
1440 1344 1478 1379 in

195 1395 303 1441 cujus
346 1398 563 1443 cognitione
608 1399 709 1434 sistit
750 1402 934 1446 tanquam
973 1400 1011 1435 in
1057 1399 1218 1435 termino
1261 1397 1478 1433 intellectus

195 1453 349 1492 nostem
380 1448 521 1485 dicitur
550 1454 679 1486 autem
710 1452 848 1487 veritas
870 1452 1037 1498 practica
1062 1451 1170 1498 cujus
1191 1450 1357 1497 cognitio
1379 1448 1478 1485 ordi-

194 1505 310 1536 natur
323 1500 371 1536 ad
389 1501 607 1548 dirigendas
625 1505 793 1540 actiones
810 1505 1018 1540 voluntatis
1035 1516 1043 1549 ;
1061 1508 1101 1540 ut
1121 1515 1129 1540 :
1148 1505 1249 1539 Deus
1262 1503 1405 1547 existit,
1419 1506 1481 1540 est.

195 1553 333 1588 veritas
359 1554 610 1601 speculativa3
629 1555 730 1592 Deus
750 1561 802 1593 est
824 1557 1047 1594 adorandus
1070 1567 1094 1593 α
1114 1556 1237 1601 nobis,
1261 1560 1318 1592 est
1336 1555 1475 1591 veritas

192 1606 373 1650 practica.
405 1607 610 1654 Utrobique
642 1613 699 1644 est
718 1609 853 1645 eadem
871 1610 968 1645 ratio
990 1610 1182 1653 veritatis;
1211 1609 1276 1644 sed
1308 1607 1477 1644 secunda

193 1657 285 1693 dicit
305 1658 398 1705 quid
418 1669 440 1694 a
472 1661 582 1696 nobis
607 1671 698 1709 erga
732 1662 850 1698 Deum
871 1663 920 1698 sit
937 1663 1130 1709 agendum
1154 1674 1162 1707 ;
1192 1661 1294 1709 quod
1318 1659 1475 1707 quidem

192 1709 410 1746 nullatenus
422 1716 561 1758 mutat,
577 1713 644 1749 sed
656 1714 825 1750 extendit
836 1715 1105 1751 tantummodo
1122 1717 1321 1750 veritatem
1335 1714 1473 1759 ipsam,

193 1762 404 1799 secundum
422 1764 517 1800 illud
536 1766 735 1812 vulgatum
753 1767 793 1803 in
822 1767 963 1804 scholis
987 1768 1169 1815 adagium
1193 1777 1203 1803 ε
1237 1767 1381 1802 Veritas
1397 1776 1476 1811 spe-

191 1814 361 1851 culativa
393 1818 605 1854 extensione
625 1819 670 1865 [ἱι
683 1820 873 1866 practica.
904 1821 1020 1868 Atqui
1044 1820 1256 1855 intellectus
1282 1820 1410 1854 noster
1435 1818 1474 1852 in

188 1866 342 1912 judiciis
359 1868 523 1905 serendis
542 1869 588 1906 de
609 1872 832 1907 veritatibus
853 1873 1107 1919 speculativis,
1131 1872 1263 1907 nltitur
1284 1875 1325 1906 ut
1345 1880 1474 1915 supre-

191 1929 255 1955 mo
276 1921 427 1957 criterio
449 1924 639 1960 evidentia
659 1925 846 1971 objectiva
865 1925 1089 1962 earumdem
1112 1925 1314 1961 veritatum
1338 1924 1391 1969 (L.
1413 1924 1471 1967 65,

190 1972 248 2017 V).
271 1974 369 2018 Ergo
389 1977 426 2009 et
447 1975 484 2010 iu
508 1976 660 2021 judiciis
683 1976 730 2013 de
753 1978 984 2021 moralitate,
1004 1978 1077 2014 hoc
1099 1981 1156 2014 est
1173 1978 1219 2013 de
1236 1975 1473 2024 turpitudine

191 2024 247 2059 vel
277 2025 477 2063 honestate
512 2029 708 2065 actionum
737 2030 1008 2076 humanarum,
1043 2030 1159 2066 habet
1190 2040 1259 2076 pro
1291 2038 1471 2075 supremo

190 2077 341 2113 criterio
366 2079 487 2124 ipsam
511 2081 759 2118 intrinsecam
786 2089 900 2129 atque
921 2083 1147 2130 objectivam
1165 2082 1393 2118 evidentiam
1413 2091 1473 2116 ve·

190 2128 351 2165 ritatum
378 2133 596 2169 moralium.
620 2135 765 2170 Veritas
792 2140 921 2171 autem
943 2136 1099 2171 moralis
1127 2147 1204 2170 non
1225 2134 1472 2171 constituitur

191 2181 301 2218 unice
328 2193 394 2229 per
421 2185 594 2222 ordinem
621 2187 670 2223 ad
694 2188 943 2233 intellectum,
966 2189 1030 2225 sed
1054 2190 1172 2224 etiam
1198 2200 1263 2234 per
1295 2187 1471 2223 ordinem

190 2233 239 2269 ad
256 2235 506 2273 voluntatem.
542 2239 644 2275 Sicut
672 2240 791 2287 igitur
809 2251 885 2277 esse
910 2241 1051 2277 morale
1073 2241 1247 2276 consistit
1272 2241 1310 2276 in
1338 2241 1470 2277 ordine

189 2287 383 2323 actionum
402 2289 662 2327 humanarum
689 2293 737 2328 ad
756 2298 901 2329 rectam
927 2293 1115 2330 rationem
1138 2295 1185 2338 (9,
1210 2294 1296 2338 lV);
1325 2294 1378 2330 ita
1401 2296 1470 2330 cri-

188 2339 329 2376 terium
346 2342 576 2379 moralitatis
595 2344 666 2380 erit
682 2345 765 2391 ipsa
783 2346 923 2382 veritas
944 2345 1142 2393 objectiva,
1164 2349 1204 2382 ut
1225 2346 1352 2382 dicens
1369 2347 1468 2384 ordi-
