1584 2569
214 132 279 165 170
304 141 365 165 sus
382 141 546 166 nuens..
569 140 638 165 Lm.
656 141 682 169 1.
696 140 775 166 cAr.
798 140 849 165 111.
871 137 919 164 DE
936 139 1012 164 οη.
1030 139 1073 164 m·
1091 138 1166 164 iun.
1188 138 1274 164 nou.
1295 137 1390 164 ERGA
1407 137 1493 164 SEIP.

212 212 335 248 viduis
356 223 433 249 non
460 212 735 259 aequalitatem,
757 211 823 248 sed
843 210 1104 248 diversitatem
1133 210 1344 246 maximam
1372 213 1494 246 osten-

213 264 281 300 dit.
300 285 345 290 —
372 264 462 306 Quis
483 265 585 301 enim
607 274 780 311 unquam
801 274 916 300 sanus
943 263 1016 301 hoc
1044 263 1160 300 modo
1182 263 1496 300 ratiocinaretur?

213 318 345 354 Omnes
356 317 525 354 homines
536 323 678 354 natura
689 317 865 364 oequales,
880 317 1007 353 eadem
1017 316 1115 364 jura
1134 315 1271 353 habent
1284 316 1336 352 ad
1353 316 1495 352 omnia.

209 371 331 418 Atqui
341 370 474 418 plures
485 371 663 407 doctrina
674 374 875 417 praestant,
889 380 975 416 quoe
984 369 1182 406 constituit
1200 368 1498 416 inc-equalitatem

212 424 311 459 inter
330 423 512 459 homines.
531 423 637 470 Eryo
654 422 834 459 doctrina
853 423 1062 470 opponitur
1081 426 1232 459 naturae
1250 422 1438 459 humanoe.
1453 442 1498 448 —

212 476 284 512 Sed
305 487 382 512 non
404 475 601 512 dissimilis
622 476 668 512 ab
691 476 764 512 ista
783 480 841 511 est
861 475 1146 523 argumentatio
1162 475 1449 513 communismi.

259 528 428 575 objectio
458 533 610 575 quarta.
640 528 916 564 Inconveniens
945 531 1002 563 est
1031 532 1072 563 ut
1099 528 1139 563 in
1159 528 1340 564 societate
1361 527 1426 563 alii
1447 526 1498 563 di-

211 582 320 625 vites,
343 581 405 616 alii
428 592 615 628 pauperes
645 581 825 617 existant.
847 581 961 627 Atqui
982 580 1055 616 hoc
1072 580 1342 618 inconveniens
1363 585 1499 628 sponte

211 634 372 680 emergit
393 645 438 669 ex
459 633 645 670 divisione
666 634 961 681 proprietatum.
993 633 1114 680 Igitur
1140 633 1427 669 convenientius
1443 638 1499 669 est

211 691 253 721 ut
270 686 372 721 bona
389 686 522 722 omnia
541 687 701 733 aequiori
720 686 827 722 lance
845 685 1081 722 dividantur.

256 740 364 785 Resp.
383 739 486 786 Nego
510 739 707 785 majorem.
728 739 834 775 Sicut
854 739 957 775 enirn
975 738 1125 775 nullum
1152 738 1424 775 inconveniens
1443 744 1496 774 est

209 791 312 838 quod
331 791 395 826 alii
413 791 515 827 docti
532 791 597 827 alii
618 791 763 827 indocti
793 792 1050 836 inveniantur,
1078 792 1133 827 ita
1153 791 1302 827 nullum
1323 792 1496 827 inconve—

211 845 318 880 niens
348 844 527 891 estquod
555 845 620 880 alii
652 846 730 880 sint
762 844 899 881 divites
924 845 989 881 alii
1018 855 1216 892 pauperes.
1245 845 1327 880 Imo
1351 855 1396 880 ex
1427 843 1499 880 hoc

211 898 371 933 varietas
403 897 671 933 conditionum
702 898 867 934 habetur
892 898 932 933 in
959 898 1106 934 unitate
1139 897 1316 945 specifica
1350 901 1498 932 naturae

210 950 405 995 humanae,
436 954 474 985 et
499 950 662 986 materia
688 949 852 986 habetur
883 949 985 986 unde
1017 949 1151 985 divites
1177 950 1215 985 in
1248 959 1434 997 pauperes
1463 954 1499 984 et

211 1013 395 1049 pauperes
414 1003 452 1038 in
470 1002 605 1038 divites
623 1002 855 1050 multiplices
872 1003 1031 1039 virtutes
1049 1007 1262 1039 exerceant.

257 1055 427 1102 objectio
444 1056 592 1101 quinta.
609 1055 790 1091 Doctores
806 1054 1031 1091 Scholastici
1048 1056 1308 1091 communiter
1323 1060 1500 1092 asserunt

210 1119 276 1155 per
295 1107 398 1155 leges
415 1108 543 1143 civiles
560 1107 715 1144 stabiles
735 1109 989 1155 proprietates
1006 1117 1118 1154 posse
1135 1107 1244 1144 reddi
1261 1118 1499 1144 communeS.

210 1161 308 1207 Ergo
336 1171 413 1196 non
437 1161 519 1208 lege
540 1164 702 1205 naturae,
734 1161 847 1206 juxta
867 1161 985 1207 ips0S,
1006 1159 1072 1196 sed
1101 1160 1184 1208 lege
1210 1160 1310 1197 civili
1338 1160 1500 1197 invaluit

207 1215 271 1260 jus
292 1214 552 1261 proprietatis.

255 1267 364 1312 Resp.
394 1266 586 1313 imprimis
618 1266 795 1314 negando
831 1268 1150 1313 consequentiam3
1188 1267 1291 1314 quia,
1324 1271 1367 1303 ut
1400 1277 1500 1314 saepe

211 1319 302 1363 dixi,
332 1319 436 1355 aliud
461 1323 518 1354 est
539 1319 645 1366 loqui
672 1319 718 1355 de
739 1319 832 1366 jure
851 1318 1074 1366 acquirendi
1101 1320 1368 1367 proprietates,
1397 1319 1500 1356 aliud

210 1373 315 1419 loqui
340 1371 386 1407 de
407 1372 587 1408 exercitio
615 1371 840 1418 hujusmodi
856 1372 955 1418 juris
976 1373 1015 1408 in
1036 1372 1222 1409 relatione
1242 1383 1330 1409 cum
1348 1372 1502 1420 juribus

210 1425 390 1461 aliorum.
411 1425 632 1471 Numquam
652 1429 782 1461 autem
804 1425 984 1461 dixerunt
1002 1424 1228 1462 Scholastici
1245 1426 1309 1472 jus
1329 1426 1496 1473 proprie-

211 1478 299 1513 tatis
323 1489 361 1513 1n
383 1488 422 1512 se
446 1482 645 1524 sumptum
672 1488 749 1513 non
767 1488 848 1513 esse
866 1488 888 1513 a
905 1482 1055 1523 natura,
1085 1478 1150 1515 sed
1171 1489 1194 1514 a
1209 1479 1296 1525 jure
1317 1478 1432 1514 civili.
1456 1499 1498 1505 —-

208 1529 433 1577 Respondeo
449 1529 616 1565 secundo
633 1529 889 1566 Scholasticos
904 1530 1079 1567 doctores
1090 1530 1265 1567 docuisse
1277 1531 1499 1567 exercitium

209 1583 304 1629 juris
339 1587 487 1618 naturae
526 1582 654 1629 quoad
688 1583 943 1630 proprietates
975 1582 1131 1619 stabiles
1163 1583 1202 1619 in
1238 1583 1423 1619 relatione
1453 1584 1500 1620 ad

209 1636 433 1672 exercitium
456 1635 629 1681 eJ'usdem
652 1635 751 1682 juris
780 1635 946 1671 aliorum
969 1647 1051 1672 esse
1077 1636 1122 1672 de
1142 1636 1235 1683 jure
1253 1637 1435 1683 yentium,
1463 1642 1501 1673 at

211 1700 287 1725 non
309 1688 355 1724 de
376 1699 481 1723 mera
501 1688 584 1736 lege
605 1689 718 1724 civili.
745 1709 790 1714 —
811 1687 943 1730 Quoad
964 1700 1051 1725 vero
1073 1689 1366 1737 abrogationem
1384 1690 1501 1737 hujus

208 1741 392 1784 exercitii,
422 1750 506 1776 eam
539 1751 651 1788 posse
671 1741 754 1778 fieri
791 1740 1016 1786 affirmasse,
1051 1746 1090 1777 at
1122 1753 1200 1778 non
1224 1742 1411 1788 absolute,
1435 1742 1502 1779 sed

209 1794 468 1842 hypothetice,
488 1793 689 1841 supposito
719 1803 858 1841 nempe
885 1794 988 1841 quod
1010 1795 1171 1841 pacifica
1190 1795 1395 1831 hominum
1415 1806 1502 1832 con-

209 1847 371 1883 viventia
393 1846 607 1882 necessario
629 1846 800 1893 exigeret
817 1845 923 1882 illam
941 1846 1248 1894 abrogationem,
1269 1848 1365 1884 sicut
1384 1847 1501 1884 modo

209 1899 374 1947 imponit
395 1898 486 1946 ipsis
502 1898 652 1946 legibus
672 1898 848 1935 civilibus
868 1900 1136 1936 necessitatem
1157 1904 1194 1936 et
1217 1900 1387 1936 officium
1407 1900 1502 1936 divi-

210 1952 327 1988 sionis
354 1951 656 1998 possessionum,
678 1955 721 1987 ut
748 1962 864 1999 supra
884 1962 922 1988 n.
945 1952 992 1988 IX
1013 1962 1102 1988 cum
1132 1953 1307 2000 Principe
1330 1952 1502 1989 Scholas—

211 2005 373 2041 ticorum
407 2004 553 2040 dictum
585 2008 654 2041 est.
685 2025 730 2031 -
760 2004 973 2041 Fatendum
1004 2009 1134 2042 tamen
1167 2005 1270 2053 apud
1296 2005 1502 2042 nonnullos

210 2068 285 2093 non
307 2068 448 2104 paucas
469 2068 551 2093 esse
569 2057 823 2094 obscuritates
838 2058 878 2094 in
890 2057 1109 2095 ventilando
1130 2057 1230 2095 hanc
1247 2059 1499 2106 quaestionem

210 2120 295 2156 quae
316 2110 569 2147 obscuritates
580 2110 715 2158 procul
736 2110 854 2147 dubio
879 2121 958 2147 non
975 2115 1114 2156 essent,
1133 2111 1165 2147 si
1191 2111 1332 2148 nostris
1356 2115 1501 2159 tempo·

209 2163 314 2200 ribus
325 2163 509 2209 viverent,
529 2167 567 2200 et
584 2164 860 2200 communismi
880 2162 1134 2205 deliramenta
1148 2163 1337 2205 audirent.
