1554 2569
81 150 163 175 ΛΒΤ.
179 149 220 175 11.
236 149 354 176 mmm
369 148 569 175 BEnlwno
583 149 669 175 flou.
683 148 877 174 CONSISTAT
887 148 924 173 IN
935 147 1066 177 ALIQUO
1082 146 1177 172 BONO
1190 145 1310 171 ANIMAE
1329 139 1369 170 17

82 232 149 258 seu
181 221 390 269 subjectiva
409 232 417 258 :
450 222 534 258 haee
574 222 678 257 enim
703 225 760 257 est
791 220 1006 257 necessario
1039 218 1184 265 aliquid
1215 218 1368 266 animae,

82 286 220 322 nempe
242 275 342 312 aetio
360 285 437 322 qua
448 275 580 310 anima
601 274 829 321 adipiscitur
846 284 913 310 seu
925 272 1095 320 possidet
1105 272 1251 308 bonum
1269 271 1371 317 quod

85 331 138 364 est
165 328 323 364 ultimus
345 328 447 363 finis.
470 328 590 374 Igitur
609 327 773 375 quaestio
794 336 964 374 praesens
984 329 1041 362 est
1059 325 1105 361 de
1135 324 1370 360 beatitudine

84 381 269 427 objectiva
297 381 396 416 sicut
416 384 453 416 et
481 381 520 416 in
549 380 710 417 articulo
736 379 993 428 proecedenti3
1022 378 1209 425 quaeritur
1233 386 1371 423 nempe

82 439 212 470 utrum
227 433 427 470 beatitudo
443 433 633 480 objectiva
645 434 813 469 hominis
825 433 873 468 sit
884 432 969 481 ipsa
982 432 1113 468 anima
1128 430 1302 466 humana
1314 429 1371 465 vel

83 487 227 533 aliquid
248 487 343 534 ejus,
364 487 440 523 sive
462 487 511 523 sit
528 487 759 534 proprietas,
782 486 858 522 sive
879 489 1000 530 aetus,
1024 485 1101 520 sive
1121 483 1299 520 accidens
1313 482 1371 517 vel

82 540 262 587 perfectio
275 550 530 586 quaecumque
541 540 613 587 ipsi
625 539 830 575 inhaerens.
842 538 899 574 Ad
914 538 1021 585 cujus
1035 536 1262 584 quaestionis
1272 535 1372 571 solu·

81 595 228 629 tionem
240 593 404 630 breviter
411 592 743 629 considerabimus
752 592 949 640 proecipua
958 592 1060 627 bona
1069 590 1223 633 animae,
1233 598 1370 633 nempe
1418 604 1425 623 -2

82 646 284 691 honorem,
311 645 458 682 famam
479 646 536 682 vel
560 645 738 693 gloriam,
766 648 1011 693 potestatem,
1034 654 1077 679 ac
1103 646 1239 690 postea
1272 641 1371 677 bona

82 699 222 735 animae
243 699 281 734 in
302 710 452 746 genere.
477 699 532 734 Sit
552 699 670 746 igitur
693 709 701 734 ε

128 753 176 788 11.
192 753 396 789 Beatitudo
408 752 574 788 hominis
588 761 664 788 non
674 754 805 796 potest
820 751 1032 788 consistere
1046 751 1086 785 in
1099 750 1259 785 honore.
1275 748 1370 783 Nam

81 805 272 851 imprimis
302 805 427 841 honor
457 816 533 841 non
556 807 612 840 est
642 805 795 851 proprie
823 805 860 840 in
888 815 932 840 eo
960 804 1024 850 qui
1048 803 1276 845 honoratur,
1305 800 1370 836 sed

82 859 208 905 magis
228 859 267 892 in
285 857 520 903 honorante3
543 857 651 904 cujus
673 857 828 904 signum
850 860 906 892 est
927 856 1029 903 quod
1054 858 1198 901 quanto
1221 853 1373 899 dignior

82 915 142 946 est
162 921 326 957 persona
340 910 552 953 honorans,
574 913 682 946 tanto
702 909 825 956 major
835 905 1032 956 judicatur
1047 908 1170 943 honor
1184 907 1250 953 qui
1268 905 1372 941 exhi-

83 964 194 1000 betur
205 963 408 1000 honorato.
425 963 541 1010 Atqui
554 962 753 998 beatitudo
767 962 878 998 debet
894 973 976 998 esse
995 961 1034 996 in
1051 961 1178 1004 beato,
1199 960 1291 1006 quia
1315 964 1372 994 est

64 1016 302 1052 'consecutio
328 1016 419 1052 boni
446 1027 521 1062 quo
545 1016 713 1051 maxime
742 1016 877 1051 beatus
900 1014 1109 1061 perficitur.
1131 1013 1229 1059 Ergo
1251 1011 1372 1048 beati-

29 1059 56 1100 Γ
82 1069 177 1105 tudo
199 1080 275 1105 non
297 1072 421 1115 potest
436 1069 474 1105 in
495 1068 640 1105 honore
660 1069 881 1105 consistere.
899 1088 941 1095 -
962 1066 1105 1103 Deinde
1126 1066 1250 1101 honor
1268 1064 1372 1100 exhi-

82 1123 194 1158 betur
227 1122 339 1159 alicui
366 1125 524 1170 propter
550 1122 721 1168 aliquam
749 1121 831 1168 ejus
859 1119 1141 1162 excellentiam,
1161 1120 1214 1153 ita
1234 1128 1372 1163 nempe

83 1180 125 1212 ut
146 1175 270 1212 honor
297 1176 342 1211 sit
367 1177 522 1222 signum
554 1178 590 1211 et
624 1174 821 1221 quoddam
850 1173 1115 1209 testimonium
1140 1171 1372 1208 excellentiae

84 1240 170 1276 quoe
196 1231 252 1264 est
278 1228 316 1264 in
344 1228 547 1265 honorato.
578 1227 767 1264 Subaudit
787 1237 878 1273 ergo
896 1226 1021 1262 honor
1041 1224 1307 1261 excellentiam
1334 1224 1372 1258 in

84 1281 288 1325 honorato,
315 1292 392 1317 non
418 1285 579 1327 eausat3
607 1284 644 1317 et
669 1280 758 1316 hinc
786 1284 844 1315 est
871 1279 974 1326 quod
1001 1278 1126 1314 honor
1152 1276 1258 1313 haud
1285 1287 1372 1311 raro

24 1340 48 1377 ξ’
84 1335 286 1371 exhibetur
311 1334 495 1381 indignis,
524 1333 590 1381 qui
617 1333 712 1369 falso
734 1335 964 1379 reputantur
984 1331 1225 1367 excellentes.
1250 1330 1373 1376 Igitur

18 1380 49 1429 '2⁹
84 1387 210 1423 honor
238 1388 304 1434 qui
326 1387 532 1423 exhibetur
550 1387 678 1431 beato,
697 1386 789 1432 quia
809 1395 942 1420 revera
959 1388 1015 1419 est
1036 1384 1073 1418 in
1096 1392 1276 1429 supremo
1302 1392 1371 1417 suo

8 1431 43 1481 ’ἔ
85 1440 207 1488 gradu
229 1440 476 1485 excellentiae,
498 1441 745 1487 consequitur
766 1438 924 1485 quidem
949 1435 1229 1473 beatitudinem
1253 1434 1373 1480 adep-

22 1482 45 1553 }
85 1498 180 1538 tam,
202 1494 361 1529 minime
381 1504 469 1529 vero
487 1492 700 1529 constituit.

132 1547 197 1583 111.
208 1547 412 1583 Beatitudo
421 1547 673 1583 hominisnon
683 1550 912 1583 consistltln
921 1549 1023 1581 tama
1037 1546 1100 1580 vel
1110 1542 1245 1588 gloria.
1261 1541 1278 1577 J
1281 1544 1372 1576 uxta

16 1561 55 1669 Ἰ
84 1604 229 1636 rectam
250 1600 515 1636 definitionem
534 1599 743 1646 Augustini
760 1599 798 1635 in
820 1598 898 1634 Lib.
921 1599 953 1634 II
967 1601 1102 1634 eontra
1115 1594 1373 1631 Maoeiminum

41 1686 51 1705 ‚
84 1654 282 1698 arianum,
303 1654 393 1700 Cap.
411 1654 505 1697 XIII,
526 1664 563 1689 n.
586 1655 621 1697 2,
642 1653 764 1700 gloria
780 1655 837 1688 est
858 1652 962 1687 clara
982 1661 1069 1686 cum
1090 1647 1205 1685 laude
1220 1647 1374 1689 notitia,

32 1707 49 1747 ἵ
84 1718 165 1751 seu,
188 1711 230 1742 ut
252 1707 333 1754 ipse
358 1707 395 1743 S.
416 1707 558 1742 Doctor
578 1706 632 1741 ait
651 1707 772 1742 Tract.
799 1706 857 1741 CV
880 1705 918 1740 in
937 1704 1103 1740 Joamzz's
1122 1700 1371 1748 Evangelium

9 1092 36 1116 1*

0 1237 37 1314 ‘M
0 1116 39 1224 „affl

86 1771 124 1796 n.
144 1762 163 1796 3
186 1772 194 1797 ε
219 1774 235 1793 ‹
257 1762 287 1796 A
304 1759 495 1796 veteribus
513 1764 643 1795 autem
660 1759 805 1806 qloria,
828 1769 904 1804 qua
921 1756 1089 1804 gloriosi
1109 1755 1284 1791 homines
1313 1754 1372 1789 di·
1413 1778 1417 1784 ,
1452 1765 1466 1773 ¹⁷

45 1850 52 1854 ,
85 1817 237 1858 cuntur,
265 1813 319 1849 ita
343 1815 399 1849 est
421 1812 577 1848 definita
599 1823 608 1848 :
629 1812 757 1848 Gloria
776 1814 834 1847 est
848 1811 1027 1857 frequens
1047 1809 1091 1845 de
1114 1808 1247 1854 aliquo
1266 1807 1375 1853 fama
1415 1822 1432 1828 ,.

11 1889 51 1914 ἢ
86 1876 167 1901 cum
186 1865 308 1901 laude.
333 1879 349 1897 ι
373 1864 430 1900 Ad
451 1865 524 1900 hoc
541 1869 670 1900 autem
687 1864 820 1900 volunt
839 1864 1017 1899 hommes
1038 1863 1275 1897 innotescere
1287 1869 1375 1895 cum

24 1918 48 1978 g
86 1917 201 1954 laude
220 1922 257 1953 et
275 1918 450 1954 claritate
471 1917 656 1963 quadarn,
676 1921 719 1952 ut
737 1916 784 1952 ab
806 1916 859 1952 eis
879 1916 1020 1962 quibus
1034 1915 1291 1955 innotescunt,
1311 1912 1377 1947 ho-

0 1979 68 2014 ,ῥῑῃ
87 1975 285 2007 norentur.
307 1970 428 2017 Igitur
447 1971 572 2016 gloria
593 1969 796 2006 ordinatur
814 1968 862 2004 ad
883 1968 1085 2003 honorem.
1108 1968 1153 2002 Et
1173 1969 1375 2012 przrterea,

0 2033 7 2046 ¹
34 2048 59 2067 ρ,
87 2025 185 2061 sicut
212 2024 257 2060 de
283 2024 365 2070 ipso
391 2024 537 2060 honore
562 2022 709 2059 dietum
742 2024 810 2064 est,
837 2021 960 2068 gloria
979 2031 1056 2056 non
1077 2023 1211 2055 causat
1229 2018 1294 2054 sed
1316 2028 1378 2053 su-

24 2068 58 2109 '5
87 2077 223 2114 baudit
251 2077 560 2113 beatitudinem:
589 2086 682 2112 nam
709 2075 827 2111 horno
853 2074 1102 2121 glorificatur,
1131 2072 1222 2120 quia
1260 2070 1379 2106 excel-

0 2112 61 2169 Ῐῖ-
88 2130 206 2166 lentia
231 2141 301 2166 sua
327 2130 410 2166 aliis
431 2129 650 2166 innotescit.
671 2149 717 2155 —
739 2130 783 2164 Et
800 2127 952 2174 loquor,
975 2130 1017 2163 ut
1034 2128 1153 2173 patet,
1183 2125 1229 2161 de
1258 2124 1380 2172 gloria
1486 2147 1494 2154 -
1513 2160 1517 2167 ,

0 2181 59 2243 Γῖ,
88 2194 173 2229 quae
193 2187 250 2219 est
270 2194 316 2219 ex
336 2183 476 2219 notitia
496 2194 563 2219 seu
585 2182 803 2229 cognitione
823 2181 1010 2225 humana,
1029 2190 1106 2216 non
1122 2189 1210 2215 vero
1233 2178 1279 2214 de
1301 2177 1380 2224 glo-

0 2266 3 2280 ,
39 2246 57 2281 ‚3
89 2236 150 2272 ria
167 2247 253 2283 quae
271 2240 328 2272 est
341 2247 388 2272 ex
404 2236 623 2284 cognitione
645 2235 786 2272 divina.
804 2234 979 2281 Cognitio
994 2233 1096 2269 enim
1112 2232 1179 2268 Dei
1191 2234 1245 2267 est
1262 2239 1381 2267 causa

39 2276 58 2291 b

0 2293 74 2392 {⁴2⁷
90 2341 273 2377 hominis.
293 2355 310 2376 «
331 2343 376 2378 Et
394 2342 494 2386 ideo,
512 2342 637 2388 inquit
657 2340 875 2388 Angelicus,
894 2351 940 2376 ex
955 2339 1079 2386 gloria
1096 2347 1183 2385 quae
1203 2340 1261 2373 est
1277 2335 1381 2383 apud

44 2293 49 2310 ³
89 2284 264 2336 ipsarum
296 2300 439 2333 rerum,
467 2294 506 2326 et
530 2290 809 2336 consequenter
834 2297 951 2324 eausa
977 2286 1098 2333 ipsius
1129 2282 1381 2320 beatitudinis
1412 2324 1415 2327 ἢ

89 2395 213 2431 Deum
241 2395 430 2444 dependet
459 2395 658 2432 beatitudo
687 2394 870 2448 hominis,
891 2393 986 2430 sicut
1013 2403 1059 2429 ex
1082 2401 1199 2429 causa
1216 2401 1298 2434 sua,
1320 2400 1378 2445 se·
1430 2410 1447 2443 „²

24 2468 193 2536 ἕψω,
240 2452 357 2497 ›w‹
380 2457 510 2502 met
1274 2465 1332 2501 ξ

4 2529 10 2544 ·.
166 2515 193 2542 (ν.)
336 2534 354 2539 «-
477 2517 484 2534 5
512 2522 525 2531 ⁶*
613 2536 620 2541 γ.
690 2538 694 2541 .
863 2513 874 2515 ”
910 2536 911 2539 ,
1152 2528 1159 2538 2.
1181 2533 1202 2535 .⁷
1270 2507 1277 2519 ⁷

82 2567 86 2569 ,
110 2556 124 2569 1
154 2546 271 2569 ish-255
288 2555 312 2569 »t
1081 2553 1085 2561 s
1115 2554 1121 2557 v
1156 2539 1184 2560 ⁸*-

321 2543 408 2569 ,uzvmv'g
447 2536 497 2563 'MN'
548 2556 563 2569 D
674 2545 710 2566 L„-
739 2546 757 2559 ,a
782 2544 828 2569 ⁸:⁴¹³
850 2556 853 2559 ἱ
906 2541 917 2564 Ἲε
933 2545 958 2561 1.,
984 2548 986 2551 .
1036 2549 1038 2551 ,
1081 2549 1083 2551 ,
1114 2546 1128 2553 a,
1238 2543 1287 2556 «ρῳ

1300 2555 1306 2562 »
1358 2554 1458 2569 aaa<
1477 2547 1485 2557 ³
