1584 2569
387 100 467 126 ΛΚΤ.
491 101 544 126 111.
572 101 615 125 DE
633 99 827 125 RELIGIONE
851 99 1039 125 ssxmmom
1296 89 1357 125 ¹4⁹

117 173 182 209 111.
213 168 379 218 Questio.
408 172 602 214 Quaeritur
621 172 753 219 igitur,
784 174 916 207 utrum
940 170 1059 206 homo
1091 170 1179 222 jure
1211 174 1357 206 naturae

72 230 260 270 teneatur,
294 228 435 273 praeter
463 224 612 261 cultum
641 225 850 269 internum,
888 223 965 260 Deo
998 222 1178 260 exhibere
1213 223 1357 271 cultum

33 300 39 304 -
72 279 189 315 etiam
211 282 426 323 externum,
449 277 649 314 Manichaei
670 277 817 313 cultum
846 281 1049 313 externum
1077 276 1237 312 inficiati
1257 281 1359 321 sunt,

72 331 164 378 quia
183 341 344 377 corpqra
363 330 559 378 ponebant
579 340 658 366 esse
679 341 701 365 a
720 339 872 365 summo
890 329 1080 376 principIO
1100 328 1204 364 malo
1223 328 1279 374 (Ο,
1304 330 1359 372 18,

72 384 149 429 IV).
171 383 409 420 Christianus
435 382 664 418 Thomasius
691 382 730 418 in
756 382 855 418 libro
876 381 890 417 1
910 381 1237 428 Jurisprudentiae
1262 381 1359 417 divi-

71 447 143 481 noe,
181 436 272 483 Cap.
309 436 355 481 11,
389 434 566 472 concedit
597 434 754 482 quidem
793 434 939 471 c'ultum
971 433 1174 470 externum
1216 434 1358 470 bonum

72 500 166 533 esse,
201 488 267 525 sed
296 488 460 524 sustinet
489 499 566 524 non
597 488 733 524 dictari
762 498 785 523 a
811 482 977 533 naturali
1007 487 1167 538 rationis
1198 487 1360 531 lumine,

72 541 309 589 proindeque
335 553 357 578 a
372 542 460 589 jure
483 546 632 578 naturae
656 551 733 577 non
760 537 969 588 praesc'ribi.
994 539 1200 576 Thomasio
1225 551 1359 576 conso·
1407 535 1410 539 ’

73 605 165 630 nare
191 594 372 630 videntur
397 594 575 630 nonnulli
605 594 810 640 scriptores
835 593 1001 629 eclectici
1028 593 1174 638 Gallice,
1206 603 1359 640 praeser-

72 647 143 682 tim
168 646 315 682 Ahrens
340 647 380 682 in
401 657 471 682 suo
500 645 619 682 Cours
654 646 698 682 de
726 645 830 681 droit
852 642 1016 690 ndturel,
1043 646 1085 681 P.
1117 645 1183 689 ΙΙΙ,
1213 645 1304 692 Cap.
1332 645 1360 681 1.

73 698 262 735 ldealistae
277 709 366 736 vero
387 699 602 735 Germaniae
624 709 778 734 omnem
800 698 951 734 cultum
971 701 1173 734 externum
1191 709 1237 734 ex
1261 698 1361 746 prin-

74 752 182 799 cipiis
217 751 450 799 subjectivis‚
493 752 632 798 quibus
672 751 782 787 unice
818 751 1015 796 insistunt,
1051 751 1207 798 rejicere
1240 750 1361 799 logice

75 804 228 840 debent.
255 804 338 840 Non
363 804 503 851 loquor
534 803 580 840 de
611 803 748 848 atheis,
779 806 860 850 qui,
887 808 1027 851 negata
1054 803 1274 849 Divinitate‚
1302 814 1360 840 ne-

74 857 168 892 dum
200 860 416 902 externum,
443 856 509 892 sed
537 856 684 892 cultum
712 857 828 892 etiam
862 856 1059 893 internum
1087 860 1358 903 consequenter

75 913 231 956 negant.
251 908 325 945 Sed
340 913 475 945 contra
497 919 505 944 :

120 962 183 998 1v.
213 962 330 998 Homo
363 962 489 999 officio
517 966 670 998 naturae
704 965 864 998 tenetur
890 963 1082 999 honorare
1109 964 1226 1000 Deum
1253 964 1360 1000 cultu

74 1016 193 1051 etiam
213 1018 386 1052 externo.
404 1015 606 1051 Probatur.
630 1016 749 1051 Homo
766 1015 914 1051 actibus
935 1016 1013 1051 suis
1030 1015 1222 1052 honorare
1242 1016 1360 1051 Deum

75 1067 200 1113 debet,
221 1068 471 1116 protestando
491 1069 618 1116 ipsum
642 1079 721 1104 esse
748 1069 980 1116 principium
1002 1072 1084 1105 tum
1112 1070 1253 1105 animae
1279 1074 1360 1104 tum

75 1122 259 1169 corporis,
290 1126 327 1158 et
354 1132 434 1157 sese
461 1122 626 1158 excitare
655 1121 767 1158 debet
798 1121 846 1158 ad
878 1121 1025 1157 cultum
1054 1122 1250 1159 internum
1283 1133 1362 1169 per-

75 1175 209 1210 fectius
234 1173 508 1210 exhibendum.
530 1174 645 1220 Atqui
674 1174 722 1210 ad
755 1179 963 1221 utrumque
998 1175 1209 1221 requiritur
1239 1175 1364 1211 cultus

75 1232 268 1264 externus.
287 1227 385 1275 Ergo
401 1226 519 1262 homo
541 1227 667 1262 officio
689 1232 837 1263 naturae
859 1231 1011 1263 tenetur
1030 1228 1222 1264 honorare
1242 1228 1362 1264 Deum

75 1280 180 1317 cultu
201 1281 318 1316 etiam
339 1284 511 1315 externo.
526 1279 660 1326 Major
673 1280 914 1326 probatione,
936 1285 1023 1326 post
1040 1280 1156 1326 dicta,
1178 1281 1363 1316 nonin&-

77 1337 152 1381 get.
171 1333 303 1369 Minor
314 1343 403 1369 vero
421 1333 619 1379 probatur.

124 1386 254 1422 Cultus
288 1390 461 1422 externus
486 1385 702 1432 requiritur
726 1387 778 1422 ad
802 1386 1068 1422 honorandum
1096 1387 1216 1423 Deum
1240 1393 1281 1423 ut
1313 1393 1365 1423 esc

71 1438 314 1486 principium
344 1438 460 1474 totius
488 1438 666 1474 hominis.
702 1439 797 1474 Nam
834 1450 911 1474 non
954 1450 1042 1486 pars
1080 1439 1262 1485 hominis,
1300 1441 1363 1477 sed

78 1495 180 1527 totus
197 1490 314 1527 homo
333 1490 523 1538 dependet
544 1501 566 1527 a
581 1491 657 1527 Deo
676 1496 719 1527 ut
744 1502 767 1527 a
786 1492 988 1539 principio.
1005 1492 1104 1539 Ergo
1124 1497 1227 1529 totus
1248 1493 1365 1529 homo

77 1554 144 1590 per
162 1543 309 1580 cultum
339 1543 452 1580 debet
478 1545 682 1591 protestari
708 1554 818 1580 suam
839 1544 1152 1591 dependentiam‚
1175 1551 1213 1581 et
1237 1557 1367 1582 secun-

77 1596 171 1632 dum
190 1607 228 1632 se
245 1600 371 1633 totum
386 1597 499 1633 debet
515 1597 593 1633 Deo
614 1597 764 1643 subjici.
786 1598 901 1644 Atqui
922 1609 990 1645 per
1009 1598 1082 1635 hoc
1100 1599 1222 1635 Deum
1250 1601 1365 1646 profi-

78 1654 205 1685 temur
232 1650 373 1686 animae
407 1654 445 1686 et
478 1650 663 1697 corporis,
697 1661 763 1686 seu
802 1650 921 1686 totius
952 1651 1122 1687 hominis
1151 1656 1365 1697 auctorem,

78 1712 165 1738 cum
182 1702 216 1738 ei
236 1702 451 1749 spiritualia
469 1707 507 1739 et
524 1703 740 1750 corporalia
759 1703 887 1739 officia
907 1704 1148 1740 exhibemus.
1168 1705 1267 1752 Ergo
1289 1706 1367 1741 cul-

79 1759 140 1789 tus
162 1759 341 1790 externus
367 1755 578 1801 requiritur
607 1755 657 1791 ad
681 1755 954 1791 honorandum
975 1757 1096 1792 Deum
1121 1761 1164 1792 ut
1190 1762 1247 1792 est
1268 1758 1369 1804 prin-

79 1806 223 1853 cipium
245 1807 363 1841 totius
383 1806 566 1842 hominis.

127 1858 258 1894 Cultus
280 1864 453 1895 externus
476 1860 691 1906 requiritur
716 1861 767 1896 ad
784 1861 926 1896 cultum
951 1863 1141 1897 internum
1158 1863 1365 1908 perfectius

79 1911 341 1948 exhibendum.
363 1912 621 1948 Connaturale
647 1912 750 1948 enim
767 1918 824 1948 est
844 1913 1009 1959 homini,
1031 1919 1073 1949 ut
1091 1925 1158 1961 per
1174 1916 1367 1951 sensibilia

79 1964 266 2000 excitetur
290 1963 338 1999 ad
367 1964 606 2000 insensibilia
631 1964 879 2010 attendenda,
907 1970 945 2002 et
970 1966 1261 2013 quodammodo
1288 1979 1369 2004 sen-

81 2015 210 2052 tienda
221 2017 259 2052 in
272 2017 493 2064 semetipso,
504 2021 547 2052 ut
559 2018 712 2064 patetin
727 2022 857 2063 cantu,
867 2019 984 2064 sonis,
1002 2019 1170 2066 templis,
1190 2030 1369 2056 caeremo-

81 2068 154 2104 niis
182 2069 385 2116 religiosis,
414 2074 452 2105 et
484 2070 604 2117 signis
632 2070 772 2116 quibus
803 2071 965 2107 internae
993 2071 1215 2108 affectiones
1246 2075 1367 2109 mani-

81 2121 280 2157 festantur.
310 2122 357 2157 Et
385 2122 470 2158 ideo
503 2136 520 2156 α
550 2124 588 2158 in
622 2123 749 2158 divino
779 2123 886 2159 cultu
916 2135 1067 2160 necesse
1094 2130 1150 2161 est
1175 2126 1367 2172 aliquibus

80 2174 342 2221 corporalibus
359 2175 430 2220 uti,
451 2179 493 2210 ut
511 2176 578 2219 eis,
600 2176 709 2221 quasi
727 2176 849 2223 signis
860 2177 1109 2223 quibusdam,
1125 2188 1234 2213 mens
1248 2178 1366 2214 homi-

81 2227 140 2261 nis
160 2227 346 2263 excitetur
365 2227 412 2263 ad
434 2228 651 2274 spirituales
672 2233 792 2273 actus,
813 2229 952 2276 quibus
972 2230 1049 2266 Deo
1070 2232 1331 2277 conjungitur.
1351 2246 1365 2263 n

81 2298 126 2304 -
158 2278 256 2322 11-11‚
291 2280 360 2321 Qu.
396 2280 549 2325 LXXXI,
588 2281 702 2317 Artic.
741 2281 818 2325 VII,
859 2287 896 2318 et
934 2282 983 2318 111
1025 2283 1167 2319 Contra
1207 2283 1366 2319 Gentiles

81 2331 171 2379 Cap.
201 2331 321 2368 CXIX.
351 2352 393 2359 —
420 2333 541 2374 Quam
572 2334 760 2370 rationem
783 2334 820 2371 S.
843 2335 1001 2371 Thomae
1019 2335 1129 2371 affert
1153 2335 1365 2371 Concilium
