1554 2569
89 104 154 136 136
251 112 311 137 sus
326 113 489 139 mxuma.
511 114 582 139 ua.
603 114 628 139 1.
651 113 727 139 car.
749 114 788 139 11.
811 114 854 139 ns
873 113 948 138 οη.
971 114 1058 139 nou.
1079 114 1170 140 ERGA
1192 114 1283 140 nanu

131 184 240 230 Hesp.
269 185 373 232 Nego
405 185 599 221 minorem.
631 186 749 221 Bruta
768 185 870 221 enim
896 185 943 222 ad
978 186 1184 222 utilitatem
1208 186 1376 223 hominis

87 241 271 283 tanquam
292 237 340 273 ad
360 239 477 274 finem
498 249 521 274 a
540 238 717 274 Creatore
743 242 832 273 sunt
855 237 1045 275 ordinata.
1071 239 1141 274 Ubi
1161 239 1279 287 igitur
1295 240 1376 276 sine

87 289 162 324 ulla
182 290 361 326 rationali
385 290 554 326 hominis
575 291 740 327 utilitate
763 290 880 327 homo
903 292 1010 327 saevit
1031 292 1069 327 in
1097 292 1224 337 bruta,
1247 298 1377 339 peccat

84 341 256 388 quidem,
275 354 352 379 non
370 344 460 390 quia
479 343 585 380 laedit
598 344 687 391 jura
707 344 924 390 brutorum,
943 344 1008 381 sed
1029 345 1120 391 quia
1136 345 1246 392 ponit
1262 346 1377 382 actio-

86 405 173 430 nem
195 395 390 432 dissonam
408 397 454 432 ab
477 396 609 432 ordine
629 401 665 432 et
681 407 704 432 a
720 397 795 433 fine
816 396 1018 433 Creatoris.
1040 398 1229 434 Praeterea
1249 399 1376 445 quoad

84 447 352 485 crudelitatem
383 450 422 485 in
451 449 591 486 bestias
621 449 856 497 prohibitam
889 460 1042 498 quoque
1069 462 1091 487 a
1119 451 1232 487 Sacra
1254 446 1376 498 Scrip'-

85 505 184 545 tura,
211 506 351 548 praetcr
373 502 562 538 rationem
587 503 837 549 assignatam,
863 502 947 539 dico
968 513 1056 539 cum
1075 503 1113 539 S.
1138 503 1285 540 Thoma
1310 504 1376 548 111,

86 553 226 589 Contra
251 554 353 591 Gent.
375 555 465 602 Cap.
485 555 591 600 CXII,
612 555 695 602 fin„
720 555 824 602 quod
844 555 1049 592 crudelitas
1072 556 1111 592 in
1131 556 1273 593 bestias
1291 556 1375 593 ideo

83 607 200 642 etiam
221 607 448 654 prohibetur
465 621 481 640 ‹
506 607 553 643 ad
573 607 849 643 removendum
867 608 1037 644 hominis
1054 609 1228 644 animum
1246 620 1268 645 a
1288 620 1377 645 cru-

85 658 240 695 delitate
260 660 298 695 in
317 660 492 697 homines
509 660 732 706 exercenda,
751 672 798 696 ne
818 661 956 708 aliquis
976 662 1186 698 exercendo
1210 662 1376 698 crudelia

84 712 183 748 circa
206 712 330 757 bruta,
353 724 398 749 ex
416 713 488 750 hoc
508 713 689 761 procedat
706 713 755 750 ad
775 713 951 750 homines
974 728 1005 759 ›,
1027 719 1070 750 ut
1089 725 1157 762 per
1182 715 1377 762 experien-

85 765 178 800 tiam
197 764 392 802 docemur.
415 766 460 801 Et
474 767 629 813 insuper
648 767 739 813 quia
758 767 980 812 crudelitas,
1003 772 1044 803 ut
1066 767 1208 804 Seneca
1227 767 1320 804 dicit
1339 769 1377 804 in

85 817 149 852 lib.
173 817 204 852 11
225 817 269 854 a'e
290 817 507 863 Clementia,
524 829 606 866 cap.
624 819 683 863 IV,
699 824 756 855 est
773 821 959 856 atrocitas
972 820 1100 856 animi
1115 821 1157 856 in
1182 820 1377 867 exiqendt's

82 870 217 916 paenis,
250 875 286 907 et
318 872 551 919 principium
583 872 741 908 saevitiae
774 873 957 918 bestialis,
985 884 1062 920 qua
1089 873 1207 909 homo
1245 878 1376 910 contra

85 924 274 959 rationem
298 923 510 961 delectatur
534 925 646 962 malis
673 930 709 961 et
734 925 965 962 cruciatibus
990 925 1169 971 aliorum,
1199 926 1279 962 sine
1299 926 1376 962 ullo

84 976 218 1012 ordine
238 976 286 1012 ad
309 978 516 1024 Justitiam.
540 977 646 1014 Unde
663 982 862 1026 peccatum
882 983 937 1014 est
956 978 1178 1024 crudelitas,
1200 979 1317 1015 etiam
1338 980 1376 1016 in

85 1029 247 1078 bestias,
296 1029 362 1065 sed
403 1030 610 1067 crudelitas
646 1041 723 1067 non
759 1035 815 1067 est
852 1030 1024 1068 occidere
1064 1031 1189 1077 bruta,
1226 1042 1303 1068 non
1336 1037 1376 1067 ut

85 1058 318 1118 delectemur
348 1093 481 1118 eorum
510 1083 635 1128 malis,
661 1083 726 1119 sed
747 1083 786 1119 in
813 1083 959 1119 bonum
986 1088 1176 1128 nostrum,
1202 1083 1250 1120 ad
1273 1083 1376 1131 quod

85 1134 168 1180 ipsa
185 1145 230 1170 ex
249 1133 378 1170 divina
397 1135 640 1183 providentia
657 1135 900 1174 ordinantur.
919 1141 960 1171 ut
978 1136 1124 1172 dictum
1143 1141 1211 1173 est.

486 1270 657 1310 CAPUT
691 1270 972 1311 SECUNDUM

401 1376 450 1403 nn
471 1375 631 1403 Orneus
653 1375 811 1403 nonnus
831 1374 936 1403 ERGA
955 1374 1061 1404 nemu

133 1458 329 1504 Prologus.
351 1457 448 1499 Quia
473 1457 604 1494 omnia
618 1457 708 1504 jura
730 1462 767 1493 ct
781 1457 908 1494 officia
927 1456 1130 1493 hominum
1149 1457 1249 1493 inter
1269 1467 1308 1493 se
1328 1457 1376 1493 ab

85 1510 222 1546 officiis
242 1521 334 1558 erga
351 1510 485 1555 Deum,
508 1514 550 1545 ut
569 1520 591 1546 a
608 1510 736 1545 nativo
753 1510 956 1557 principio,
974 1509 1192 1545 inferuntur
1208 1511 1280 1555 (30,
1294 1509 1374 1555 111),

86 1563 210 1611 primo
230 1562 314 1599 loco
335 1561 429 1599 ordo
453 1562 623 1609 postulat
644 1566 685 1598 ut
705 1561 751 1598 de
768 1562 904 1598 officiis
924 1562 1093 1598 hominis
1114 1572 1205 1610 erga
1224 1562 1374 1598 Creato-

86 1626 168 1652 rem
193 1626 307 1651 suum
339 1614 526 1651 dicamus.
560 1615 694 1651 Officia
721 1612 850 1651 autem
877 1613 1102 1662 hujusmodi
1135 1615 1376 1651 constituunt

86 1668 326 1715 religionem.
343 1669 390 1703 At
410 1667 541 1704 omnia
561 1672 724 1704 tractare
745 1677 831 1714 quae
851 1665 900 1702 ad
920 1666 1145 1715 religionem
1166 1667 1372 1715 pertinent,

84 1719 283 1756 excederet
300 1720 443 1757 limites
459 1720 561 1756 intra
580 1731 676 1767 quos
701 1720 887 1757 coarctari
910 1718 1023 1757 debet
1058 1719 1160 1767 Opus
1185 1723 1375 1755 nostrum.

84 1773 272 1814 Quocirca
293 1771 342 1809 ad
374 1772 647 1821 principaliora
672 1773 846 1819 scituque
875 1772 1089 1808 necessaria
1117 1772 1226 1808 unice
1254 1775 1375 1808 atten-

85 1825 233 1871 dentes,
262 1826 337 1862 tria
359 1825 666 1873 explicabimus:
685 1829 723 1862 et
749 1828 798 1860 1¹n
817 1824 861 1861 de
894 1824 1080 1871 religione
1102 1824 1143 1861 in
1159 1836 1219 1868 se;
1250 1827 1298 1859 2¹¹²
1335 1824 1375 1861 de

83 1878 270 1924 reliyione
291 1878 474 1914 interiori
487 1890 501 1922 ;
529 1880 577 1914 3¹¹³
598 1878 641 1914 de
660 1877 846 1924 religione
860 1877 1053 1914 exteriori.

499 1977 758 2014 ARTICULUS
795 1976 968 2013 PRIMUS

699 2067 772 2111 (32)

534 2154 590 2191 De
608 2155 794 2201 reliyione
818 2154 859 2190 in
880 2164 917 2190 se

137 2244 166 2280 1.
187 2244 395 2290 Religionis
411 2244 532 2280 notio.
555 2244 754 2280 Undenam
775 2244 824 2280 sit
844 2243 1077 2291 etymologia
1100 2241 1274 2279 vocabuli
1295 2242 1361 2278 reli

87 2296 218 2344 gionis
237 2307 314 2333 non
331 2296 443 2344 plane
462 2300 624 2333 constat.
639 2296 676 2332 S.
693 2296 858 2333 Thomas
877 2296 972 2332 11-11.
990 2296 1059 2337 Qu.
1079 2296 1230 2331 LXXXI.
1245 2297 1324 2330 Art.
1347 2296 1373 2332 I.

87 2347 138 2384 ad
157 2351 192 2394 2,
215 2347 484 2386 animadvertit
500 2348 722 2396 reliyionem
737 2349 874 2385 laxiori
889 2348 1167 2397 significatione
1185 2350 1373 2396 usurpari,
