<?xml version="1.0" encoding="UTF-8"?>
<!DOCTYPE html PUBLIC "-//W3C//DTD XHTML 1.0 Transitional//EN"
    "http://www.w3.org/TR/xhtml1/DTD/xhtml1-transitional.dtd">
<html xmlns="http://www.w3.org/1999/xhtml" xml:lang="en" lang="en">
 <head>
  <title>
</title>
<meta http-equiv="Content-Type" content="text/html;charset=utf-8" />
  <meta name='ocr-system' content='tesseract 3.04.00' />
  <meta name='ocr-capabilities' content='ocr_page ocr_carea ocr_par ocr_line ocrx_word'/>
</head>
<body>
  <div class='ocr_page' id='page_1' title='image "./summaphilosophic03zigluoft_0298.png"; bbox 0 0 1584 2569; ppageno 0'>
   <div class='ocr_carea' id='block_1_1' title="bbox 157 122 1440 159">
    <p class='ocr_par' dir='ltr' id='par_1_1' title="bbox 157 122 1440 159">
     <span class='ocr_line' id='line_1_1' title="bbox 157 122 1440 159; baseline 0.002 -4"><span class='ocrx_word' id='word_1_1' title='bbox 157 122 224 156; x_wconf 64' lang='grc'><strong>288</strong></span> <span class='ocrx_word' id='word_1_2' title='bbox 250 131 307 156; x_wconf 74' lang='lat' dir='ltr'><strong>JUS</strong></span> <span class='ocrx_word' id='word_1_3' title='bbox 323 131 485 158; x_wconf 74' lang='lat' dir='ltr'>NATCRAE.</span> <span class='ocrx_word' id='word_1_4' title='bbox 506 132 575 158; x_wconf 85' lang='lat' dir='ltr'><strong>LIB.</strong></span> <span class='ocrx_word' id='word_1_5' title='bbox 597 132 637 158; x_wconf 86' lang='lat'><strong>11.</strong></span> <span class='ocrx_word' id='word_1_6' title='bbox 657 132 736 158; x_wconf 74' lang='lat' dir='ltr'><strong>CAP.</strong></span> <span class='ocrx_word' id='word_1_7' title='bbox 758 132 810 158; x_wconf 81' lang='lat' dir='ltr'><strong>IV.</strong></span> <span class='ocrx_word' id='word_1_8' title='bbox 831 132 876 157; x_wconf 85' lang='lat' dir='ltr'><strong>DE</strong></span> <span class='ocrx_word' id='word_1_9' title='bbox 891 131 1080 157; x_wconf 73' lang='lat' dir='ltr'><strong>soclETATE</strong></span> <span class='ocrx_word' id='word_1_10' title='bbox 1098 132 1216 159; x_wconf 75' lang='lat' dir='ltr'>RELXG.</span> <span class='ocrx_word' id='word_1_11' title='bbox 1233 132 1270 157; x_wconf 83' lang='lat' dir='ltr'><strong>IN</strong></span> <span class='ocrx_word' id='word_1_12' title='bbox 1286 132 1326 157; x_wconf 82' lang='lat' dir='ltr'><strong>SE</strong></span> <span class='ocrx_word' id='word_1_13' title='bbox 1345 131 1440 157; x_wconf 73' lang='lat' dir='ltr'><strong>stc.</strong></span> 
     </span>
    </p>
   </div>
   <div class='ocr_carea' id='block_1_2' title="bbox 155 203 1456 2423">
    <p class='ocr_par' dir='ltr' id='par_1_2' title="bbox 155 203 1450 1034">
     <span class='ocr_line' id='line_1_2' title="bbox 156 203 1445 252; baseline 0 -13"><span class='ocrx_word' id='word_1_14' title='bbox 156 203 413 240; x_wconf 88' lang='lat' dir='ltr'><strong>multitudinis</strong></span> <span class='ocrx_word' id='word_1_15' title='bbox 440 208 510 251; x_wconf 84' lang='lat' dir='ltr'><strong>est,</strong></span> <span class='ocrx_word' id='word_1_16' title='bbox 531 208 575 240; x_wconf 92' lang='lat' dir='ltr'><strong>ut</strong></span> <span class='ocrx_word' id='word_1_17' title='bbox 599 207 756 251; x_wconf 85' lang='lat' dir='ltr'><strong>regatur</strong></span> <span class='ocrx_word' id='word_1_18' title='bbox 781 216 849 252; x_wconf 90' lang='lat' dir='ltr'><strong>per</strong></span> <span class='ocrx_word' id='word_1_19' title='bbox 875 215 996 241; x_wconf 91' lang='lat' dir='ltr'><strong>unum</strong></span> <span class='ocrx_word' id='word_1_20' title='bbox 1016 206 1090 250; x_wconf 84' lang='lat'><strong>(58,</strong></span> <span class='ocrx_word' id='word_1_21' title='bbox 1114 204 1160 251; x_wconf 91' lang='lat'><strong>11)</strong></span> <span class='ocrx_word' id='word_1_22' title='bbox 1185 215 1194 240; x_wconf 89' lang='lat'>:</span> <span class='ocrx_word' id='word_1_23' title='bbox 1215 204 1319 252; x_wconf 92' lang='lat' dir='ltr'><strong>quod</strong></span> <span class='ocrx_word' id='word_1_24' title='bbox 1340 207 1445 251; x_wconf 86' lang='lat' dir='ltr'><strong>patet</strong></span> 
     </span>
     <span class='ocr_line' id='line_1_3' title="bbox 157 256 1447 305; baseline 0.001 -13"><span class='ocrx_word' id='word_1_25' title='bbox 157 268 202 292; x_wconf 85' lang='lat' dir='ltr'><strong>cx</strong></span> <span class='ocrx_word' id='word_1_26' title='bbox 222 256 297 293; x_wconf 82' lang='lat' dir='ltr'><strong>fine</strong></span> <span class='ocrx_word' id='word_1_27' title='bbox 317 258 529 304; x_wconf 74' lang='lat' dir='ltr'><strong>regiminis,</strong></span> <span class='ocrx_word' id='word_1_28' title='bbox 552 258 617 305; x_wconf 89' lang='lat' dir='ltr'><strong>qui</strong></span> <span class='ocrx_word' id='word_1_29' title='bbox 638 262 694 293; x_wconf 91' lang='lat' dir='ltr'><strong>est</strong></span> <span class='ocrx_word' id='word_1_30' title='bbox 720 268 807 304; x_wconf 86' lang='lat' dir='ltr'><strong>pax.</strong></span> <span class='ocrx_word' id='word_1_31' title='bbox 832 259 912 293; x_wconf 85' lang='lat' dir='ltr'><strong>Pax</strong></span> <span class='ocrx_word' id='word_1_32' title='bbox 931 257 1034 293; x_wconf 87' lang='lat' dir='ltr'><strong>enim</strong></span> <span class='ocrx_word' id='word_1_33' title='bbox 1061 262 1098 293; x_wconf 90' lang='lat' dir='ltr'><strong>et</strong></span> <span class='ocrx_word' id='word_1_34' title='bbox 1118 257 1247 293; x_wconf 88' lang='lat' dir='ltr'><strong>unitas</strong></span> <span class='ocrx_word' id='word_1_35' title='bbox 1274 257 1447 294; x_wconf 89' lang='lat' dir='ltr'><strong>subdito-</strong></span> 
     </span>
     <span class='ocr_line' id='line_1_4' title="bbox 155 311 1447 358; baseline 0 -12"><span class='ocrx_word' id='word_1_36' title='bbox 155 321 243 347; x_wconf 90' lang='lat' dir='ltr'><strong>rum</strong></span> <span class='ocrx_word' id='word_1_37' title='bbox 268 314 326 346; x_wconf 86' lang='lat' dir='ltr'><strong>est</strong></span> <span class='ocrx_word' id='word_1_38' title='bbox 351 311 438 347; x_wconf 89' lang='lat' dir='ltr'><strong>finis</strong></span> <span class='ocrx_word' id='word_1_39' title='bbox 465 311 646 358; x_wconf 84' lang='lat' dir='ltr'><strong>regentis.</strong></span> <span class='ocrx_word' id='word_1_40' title='bbox 675 311 837 346; x_wconf 90' lang='lat' dir='ltr'><strong>Unitatis</strong></span> <span class='ocrx_word' id='word_1_41' title='bbox 867 315 998 347; x_wconf 88' lang='lat' dir='ltr'><strong>autem</strong></span> <span class='ocrx_word' id='word_1_42' title='bbox 1025 311 1302 357; x_wconf 82' lang='lat' dir='ltr'>congruentior</span> <span class='ocrx_word' id='word_1_43' title='bbox 1329 321 1447 347; x_wconf 87' lang='lat' dir='ltr'><strong>causa</strong></span> 
     </span>
     <span class='ocr_line' id='line_1_5' title="bbox 157 364 1447 411; baseline 0 -11"><span class='ocrx_word' id='word_1_44' title='bbox 157 367 213 400; x_wconf 89' lang='lat' dir='ltr'><strong>est</strong></span> <span class='ocrx_word' id='word_1_45' title='bbox 239 374 338 400; x_wconf 87' lang='lat' dir='ltr'><strong>unus</strong></span> <span class='ocrx_word' id='word_1_46' title='bbox 363 375 481 411; x_wconf 89' lang='lat' dir='ltr'><strong>quam</strong></span> <span class='ocrx_word' id='word_1_47' title='bbox 502 364 625 399; x_wconf 91' lang='lat' dir='ltr'><strong>multi.</strong></span> <span class='ocrx_word' id='word_1_48' title='bbox 650 364 892 400; x_wconf 81' lang='lat' dir='ltr'><strong>Manifestum</strong></span> <span class='ocrx_word' id='word_1_49' title='bbox 912 368 967 400; x_wconf 82' lang='lat' dir='ltr'><strong>est</strong></span> <span class='ocrx_word' id='word_1_50' title='bbox 993 364 1113 411; x_wconf 88' lang='lat' dir='ltr'><strong>igitur</strong></span> <span class='ocrx_word' id='word_1_51' title='bbox 1135 364 1305 410; x_wconf 88' lang='lat' dir='ltr'><strong>regimen</strong></span> <span class='ocrx_word' id='word_1_52' title='bbox 1325 364 1447 400; x_wconf 72' lang='lat' dir='ltr'><strong>Eccle-</strong></span> 
     </span>
     <span class='ocr_line' id='line_1_6' title="bbox 157 416 1447 465; baseline 0.001 -13"><span class='ocrx_word' id='word_1_53' title='bbox 157 417 224 452; x_wconf 82' lang='lat' dir='ltr'><strong>sioe</strong></span> <span class='ocrx_word' id='word_1_54' title='bbox 238 417 292 452; x_wconf 88' lang='lat' dir='ltr'><strong>sic</strong></span> <span class='ocrx_word' id='word_1_55' title='bbox 311 427 392 452; x_wconf 84' lang='lat' dir='ltr'><strong>esse</strong></span> <span class='ocrx_word' id='word_1_56' title='bbox 403 416 649 465; x_wconf 88' lang='lat' dir='ltr'><strong>dispositum,</strong></span> <span class='ocrx_word' id='word_1_57' title='bbox 668 419 711 452; x_wconf 94' lang='lat' dir='ltr'><strong>ut</strong></span> <span class='ocrx_word' id='word_1_58' title='bbox 725 427 825 453; x_wconf 89' lang='lat' dir='ltr'><strong>unus</strong></span> <span class='ocrx_word' id='word_1_59' title='bbox 842 418 912 453; x_wconf 91' lang='lat' dir='ltr'><strong>toti</strong></span> <span class='ocrx_word' id='word_1_60' title='bbox 927 417 1103 454; x_wconf 78' lang='lat' dir='ltr'><strong>Ecclesiae</strong></span> <span class='ocrx_word' id='word_1_61' title='bbox 1118 418 1261 464; x_wconf 82' lang='lat' dir='ltr'><strong>praesit.</strong></span> <span class='ocrx_word' id='word_1_62' title='bbox 1283 431 1300 451; x_wconf 71' lang='grc' dir='ltr'><strong><em>ι</em></strong></span> <span class='ocrx_word' id='word_1_63' title='bbox 1317 418 1447 465; x_wconf 81' lang='lat' dir='ltr'><strong>Neque</strong></span> 
     </span>
     <span class='ocr_line' id='line_1_7' title="bbox 158 469 1448 517; baseline 0.001 -12"><span class='ocrx_word' id='word_1_64' title='bbox 158 469 206 505; x_wconf 84' lang='lat' dir='ltr'><strong>ad</strong></span> <span class='ocrx_word' id='word_1_65' title='bbox 233 470 484 506; x_wconf 86' lang='lat' dir='ltr'><strong>minuendam</strong></span> <span class='ocrx_word' id='word_1_66' title='bbox 510 470 586 506; x_wconf 88' lang='lat' dir='ltr'><strong>vim</strong></span> <span class='ocrx_word' id='word_1_67' title='bbox 613 469 728 517; x_wconf 86' lang='lat' dir='ltr'><strong>hujus</strong></span> <span class='ocrx_word' id='word_1_68' title='bbox 754 471 972 517; x_wconf 77' lang='lat' dir='ltr'><strong>argumenti</strong></span> <span class='ocrx_word' id='word_1_69' title='bbox 993 481 1170 508; x_wconf 86' lang='lat' dir='ltr'><strong>recursus</strong></span> <span class='ocrx_word' id='word_1_70' title='bbox 1197 471 1265 507; x_wconf 81' lang='lat' dir='ltr'><strong>fiat</strong></span> <span class='ocrx_word' id='word_1_71' title='bbox 1291 470 1339 507; x_wconf 91' lang='lat' dir='ltr'><strong>ad</strong></span> <span class='ocrx_word' id='word_1_72' title='bbox 1367 481 1448 507; x_wconf 91' lang='lat' dir='ltr'><strong>mo-</strong></span> 
     </span>
     <span class='ocr_line' id='line_1_8' title="bbox 157 522 1446 571; baseline 0.001 -13"><span class='ocrx_word' id='word_1_73' title='bbox 157 522 358 559; x_wconf 85' lang='lat' dir='ltr'><strong>narchiam</strong></span> <span class='ocrx_word' id='word_1_74' title='bbox 385 526 653 570; x_wconf 80' lang='lat' dir='ltr'><strong>temperatam,</strong></span> <span class='ocrx_word' id='word_1_75' title='bbox 681 534 800 570; x_wconf 89' lang='lat' dir='ltr'><strong>quam</strong></span> <span class='ocrx_word' id='word_1_76' title='bbox 827 535 944 570; x_wconf 86' lang='lat' dir='ltr'><strong>supra</strong></span> <span class='ocrx_word' id='word_1_77' title='bbox 971 525 1044 568; x_wconf 84' lang='lat'><strong>(58,</strong></span> <span class='ocrx_word' id='word_1_78' title='bbox 1070 524 1133 570; x_wconf 85' lang='grc' dir='ltr'>ΙΙΙ)</span> <span class='ocrx_word' id='word_1_79' title='bbox 1160 523 1328 559; x_wconf 85' lang='lat' dir='ltr'><strong>diximus</strong></span> <span class='ocrx_word' id='word_1_80' title='bbox 1349 525 1446 571; x_wconf 90' lang='lat' dir='ltr'><strong>opti-</strong></span> 
     </span>
     <span class='ocr_line' id='line_1_9' title="bbox 159 576 1447 622; baseline 0 -11"><span class='ocrx_word' id='word_1_81' title='bbox 159 586 289 621; x_wconf 84' lang='lat' dir='ltr'><strong>mam3</strong></span> <span class='ocrx_word' id='word_1_82' title='bbox 324 587 416 612; x_wconf 87' lang='lat' dir='ltr'><strong>nam</strong></span> <span class='ocrx_word' id='word_1_83' title='bbox 444 577 632 622; x_wconf 77' lang='lat' dir='ltr'><strong>optimam</strong></span> <span class='ocrx_word' id='word_1_84' title='bbox 659 576 839 622; x_wconf 83' lang='lat' dir='ltr'><strong>equidem</strong></span> <span class='ocrx_word' id='word_1_85' title='bbox 866 577 1034 613; x_wconf 87' lang='lat' dir='ltr'><strong>diximus</strong></span> <span class='ocrx_word' id='word_1_86' title='bbox 1061 588 1138 613; x_wconf 93' lang='lat' dir='ltr'><strong>non</strong></span> <span class='ocrx_word' id='word_1_87' title='bbox 1165 577 1353 621; x_wconf 89' lang='lat' dir='ltr'><strong>absolute,</strong></span> <span class='ocrx_word' id='word_1_88' title='bbox 1381 576 1447 613; x_wconf 86' lang='lat' dir='ltr'><strong>sed</strong></span> 
     </span>
     <span class='ocr_line' id='line_1_10' title="bbox 158 629 1448 677; baseline 0.002 -14"><span class='ocrx_word' id='word_1_89' title='bbox 158 629 328 672; x_wconf 79' lang='lat' dir='ltr'><strong>relative,</strong></span> <span class='ocrx_word' id='word_1_90' title='bbox 351 632 501 665; x_wconf 87' lang='lat' dir='ltr'><strong>attenta</strong></span> <span class='ocrx_word' id='word_1_91' title='bbox 520 640 657 677; x_wconf 88' lang='lat' dir='ltr'><strong>nempe</strong></span> <span class='ocrx_word' id='word_1_92' title='bbox 685 629 904 676; x_wconf 82' lang='lat' dir='ltr'><strong>depravatae</strong></span> <span class='ocrx_word' id='word_1_93' title='bbox 923 632 1072 665; x_wconf 87' lang='lat' dir='ltr'><strong>naturae</strong></span> <span class='ocrx_word' id='word_1_94' title='bbox 1093 629 1273 666; x_wconf 73' lang='lat' dir='ltr'><strong>humanae</strong></span> <span class='ocrx_word' id='word_1_95' title='bbox 1296 629 1344 665; x_wconf 85' lang='lat' dir='ltr'><strong>ad</strong></span> <span class='ocrx_word' id='word_1_96' title='bbox 1366 640 1448 666; x_wconf 87' lang='lat' dir='ltr'><strong>ma-</strong></span> 
     </span>
     <span class='ocr_line' id='line_1_11' title="bbox 158 681 1447 729; baseline 0.001 -13"><span class='ocrx_word' id='word_1_97' title='bbox 158 681 239 716; x_wconf 90' lang='lat' dir='ltr'><strong>lum</strong></span> <span class='ocrx_word' id='word_1_98' title='bbox 269 681 533 717; x_wconf 83' lang='lat' dir='ltr'><strong>inclinatione.</strong></span> <span class='ocrx_word' id='word_1_99' title='bbox 561 683 607 717; x_wconf 86' lang='lat' dir='ltr'><strong>At</strong></span> <span class='ocrx_word' id='word_1_100' title='bbox 633 692 721 718; x_wconf 89' lang='lat' dir='ltr'><strong>vero</strong></span> <span class='ocrx_word' id='word_1_101' title='bbox 748 683 787 717; x_wconf 91' lang='lat' dir='ltr'><strong>in</strong></span> <span class='ocrx_word' id='word_1_102' title='bbox 812 682 980 719; x_wconf 82' lang='lat' dir='ltr'><strong>Ecclesia</strong></span> <span class='ocrx_word' id='word_1_103' title='bbox 1004 683 1070 718; x_wconf 90' lang='lat' dir='ltr'><strong>Dei</strong></span> <span class='ocrx_word' id='word_1_104' title='bbox 1099 682 1271 718; x_wconf 90' lang='lat' dir='ltr'><strong>Christus</strong></span> <span class='ocrx_word' id='word_1_105' title='bbox 1297 685 1447 729; x_wconf 83' lang='lat' dir='ltr'><strong>regnat,</strong></span> 
     </span>
     <span class='ocr_line' id='line_1_12' title="bbox 159 734 1449 782; baseline 0.002 -13"><span class='ocrx_word' id='word_1_106' title='bbox 159 734 329 770; x_wconf 88' lang='lat' dir='ltr'><strong>Christus</strong></span> <span class='ocrx_word' id='word_1_107' title='bbox 349 735 461 781; x_wconf 86' lang='lat' dir='ltr'><strong>regit,</strong></span> <span class='ocrx_word' id='word_1_108' title='bbox 486 735 658 771; x_wconf 88' lang='lat' dir='ltr'><strong>Christus</strong></span> <span class='ocrx_word' id='word_1_109' title='bbox 677 735 881 782; x_wconf 82' lang='lat' dir='ltr'><strong>gubernat,</strong></span> <span class='ocrx_word' id='word_1_110' title='bbox 902 736 1061 782; x_wconf 89' lang='lat' dir='ltr'><strong>ejusque</strong></span> <span class='ocrx_word' id='word_1_111' title='bbox 1083 736 1123 771; x_wconf 91' lang='lat' dir='ltr'><strong>in</strong></span> <span class='ocrx_word' id='word_1_112' title='bbox 1144 735 1255 771; x_wconf 88' lang='lat' dir='ltr'><strong>terris</strong></span> <span class='ocrx_word' id='word_1_113' title='bbox 1277 734 1449 771; x_wconf 84' lang='lat' dir='ltr'><strong>vicarius</strong></span> 
     </span>
     <span class='ocr_line' id='line_1_13' title="bbox 160 787 1449 835; baseline 0.002 -13"><span class='ocrx_word' id='word_1_114' title='bbox 160 791 257 823; x_wconf 91' lang='lat' dir='ltr'><strong>nutu</strong></span> <span class='ocrx_word' id='word_1_115' title='bbox 285 798 356 823; x_wconf 88' lang='lat' dir='ltr'><strong>suo</strong></span> <span class='ocrx_word' id='word_1_116' title='bbox 385 791 424 823; x_wconf 91' lang='lat' dir='ltr'><strong>et</strong></span> <span class='ocrx_word' id='word_1_117' title='bbox 453 787 638 835; x_wconf 90' lang='lat' dir='ltr'><strong>peculiari</strong></span> <span class='ocrx_word' id='word_1_118' title='bbox 664 787 914 835; x_wconf 89' lang='lat' dir='ltr'><strong>inspiratione</strong></span> <span class='ocrx_word' id='word_1_119' title='bbox 943 787 1135 835; x_wconf 86' lang='lat' dir='ltr'><strong>dirigitur.</strong></span> <span class='ocrx_word' id='word_1_120' title='bbox 1168 787 1274 824; x_wconf 86' lang='lat' dir='ltr'><strong>Unde</strong></span> <span class='ocrx_word' id='word_1_121' title='bbox 1306 790 1449 834; x_wconf 87' lang='lat' dir='ltr'><strong>tempe-</strong></span> 
     </span>
     <span class='ocr_line' id='line_1_14' title="bbox 158 839 1450 887; baseline 0 -12"><span class='ocrx_word' id='word_1_122' title='bbox 158 839 257 875; x_wconf 83' lang='lat' dir='ltr'><strong>ratio</strong></span> <span class='ocrx_word' id='word_1_123' title='bbox 291 839 492 887; x_wconf 85' lang='lat' dir='ltr'><strong>regiminis</strong></span> <span class='ocrx_word' id='word_1_124' title='bbox 527 840 654 876; x_wconf 87' lang='lat' dir='ltr'><strong>locum</strong></span> <span class='ocrx_word' id='word_1_125' title='bbox 686 851 763 876; x_wconf 89' lang='lat' dir='ltr'><strong>non</strong></span> <span class='ocrx_word' id='word_1_126' title='bbox 796 841 925 886; x_wconf 88' lang='lat' dir='ltr'><strong>habet,</strong></span> <span class='ocrx_word' id='word_1_127' title='bbox 960 840 1027 877; x_wconf 89' lang='lat' dir='ltr'><strong>sed</strong></span> <span class='ocrx_word' id='word_1_128' title='bbox 1066 840 1214 887; x_wconf 84' lang='lat' dir='ltr'><strong>optima</strong></span> <span class='ocrx_word' id='word_1_129' title='bbox 1252 839 1450 886; x_wconf 88' lang='lat' dir='ltr'><strong>regiminis</strong></span> 
     </span>
     <span class='ocr_line' id='line_1_15' title="bbox 158 892 1450 941; baseline 0 -13"><span class='ocrx_word' id='word_1_130' title='bbox 158 892 298 937; x_wconf 87' lang='lat' dir='ltr'><strong>forma,</strong></span> <span class='ocrx_word' id='word_1_131' title='bbox 319 903 458 941; x_wconf 88' lang='lat' dir='ltr'><strong>nempe</strong></span> <span class='ocrx_word' id='word_1_132' title='bbox 477 893 703 930; x_wconf 87' lang='lat' dir='ltr'><strong>monarchia</strong></span> <span class='ocrx_word' id='word_1_133' title='bbox 726 894 904 930; x_wconf 83' lang='lat' dir='ltr'><strong>absoluta</strong></span> <span class='ocrx_word' id='word_1_134' title='bbox 923 893 1169 931; x_wconf 85' lang='lat' dir='ltr'><strong>concedenda</strong></span> <span class='ocrx_word' id='word_1_135' title='bbox 1192 896 1249 930; x_wconf 90' lang='lat' dir='ltr'><strong>est</strong></span> <span class='ocrx_word' id='word_1_136' title='bbox 1273 892 1450 929; x_wconf 84' lang='lat' dir='ltr'><strong>Ecclesiae</strong></span> 
     </span>
     <span class='ocr_line' id='line_1_16' title="bbox 160 945 1448 990; baseline -0.001 -9"><span class='ocrx_word' id='word_1_137' title='bbox 160 945 355 982; x_wconf 80' lang='lat' dir='ltr'><strong>catholicae</strong></span> <span class='ocrx_word' id='word_1_138' title='bbox 375 950 412 981; x_wconf 90' lang='lat' dir='ltr'><strong>et</strong></span> <span class='ocrx_word' id='word_1_139' title='bbox 431 945 534 982; x_wconf 88' lang='lat' dir='ltr'><strong>illius</strong></span> <span class='ocrx_word' id='word_1_140' title='bbox 554 946 787 982; x_wconf 82' lang='lat' dir='ltr'><strong>monarchiae</strong></span> <span class='ocrx_word' id='word_1_141' title='bbox 808 946 1024 990; x_wconf 80' lang='lat' dir='ltr'><strong>subjectum</strong></span> <span class='ocrx_word' id='word_1_142' title='bbox 1044 949 1103 983; x_wconf 89' lang='lat' dir='ltr'><strong>est</strong></span> <span class='ocrx_word' id='word_1_143' title='bbox 1121 945 1227 982; x_wconf 87' lang='lat' dir='ltr'><strong>solus</strong></span> <span class='ocrx_word' id='word_1_144' title='bbox 1249 946 1448 982; x_wconf 87' lang='lat' dir='ltr'><strong>Romanus</strong></span> 
     </span>
     <span class='ocr_line' id='line_1_17' title="bbox 158 998 347 1034; baseline -0.005 0"><span class='ocrx_word' id='word_1_145' title='bbox 158 998 347 1034; x_wconf 80' lang='lat' dir='ltr'><strong>Pontifex.</strong></span> 
     </span>
    </p>

    <p class='ocr_par' dir='ltr' id='par_1_3' title="bbox 161 1051 1456 2423">
     <span class='ocr_line' id='line_1_18' title="bbox 206 1051 1450 1099; baseline -0.001 -12"><span class='ocrx_word' id='word_1_146' title='bbox 206 1051 236 1087; x_wconf 86' lang='grc' dir='ltr'><strong><em>Α</em></strong></span> <span class='ocrx_word' id='word_1_147' title='bbox 261 1052 483 1097; x_wconf 73' lang='lat' dir='ltr'><strong>posteriori,</strong></span> <span class='ocrx_word' id='word_1_148' title='bbox 513 1052 585 1088; x_wconf 85' lang='lat' dir='ltr'><strong>hoc</strong></span> <span class='ocrx_word' id='word_1_149' title='bbox 610 1055 667 1088; x_wconf 89' lang='lat' dir='ltr'><strong>est</strong></span> <span class='ocrx_word' id='word_1_150' title='bbox 694 1063 739 1088; x_wconf 82' lang='lat' dir='ltr'><strong>ex</strong></span> <span class='ocrx_word' id='word_1_151' title='bbox 764 1052 960 1089; x_wconf 80' lang='lat' dir='ltr'><strong>voluntate</strong></span> <span class='ocrx_word' id='word_1_152' title='bbox 981 1052 1100 1099; x_wconf 88' lang='lat' dir='ltr'><strong>ipsius</strong></span> <span class='ocrx_word' id='word_1_153' title='bbox 1125 1051 1278 1088; x_wconf 83' lang='lat' dir='ltr'><strong>Christi.</strong></span> <span class='ocrx_word' id='word_1_154' title='bbox 1299 1051 1450 1087; x_wconf 87' lang='lat' dir='ltr'><strong>Etenim</strong></span> 
     </span>
     <span class='ocr_line' id='line_1_19' title="bbox 162 1104 1450 1152; baseline 0.001 -13"><span class='ocrx_word' id='word_1_155' title='bbox 162 1104 335 1140; x_wconf 87' lang='lat' dir='ltr'><strong>Christus</strong></span> <span class='ocrx_word' id='word_1_156' title='bbox 355 1109 412 1140; x_wconf 89' lang='lat' dir='ltr'><strong>est</strong></span> <span class='ocrx_word' id='word_1_157' title='bbox 430 1115 564 1141; x_wconf 89' lang='lat' dir='ltr'><strong>verum</strong></span> <span class='ocrx_word' id='word_1_158' title='bbox 584 1109 699 1151; x_wconf 83' lang='lat' dir='ltr'><strong>caput</strong></span> <span class='ocrx_word' id='word_1_159' title='bbox 719 1114 798 1141; x_wconf 82' lang='lat' dir='ltr'><strong>suae</strong></span> <span class='ocrx_word' id='word_1_160' title='bbox 818 1105 1017 1149; x_wconf 83' lang='lat' dir='ltr'><strong>Ecclesiae3</strong></span> <span class='ocrx_word' id='word_1_161' title='bbox 1038 1108 1209 1140; x_wconf 80' lang='lat' dir='ltr'><strong>attamen</strong></span> <span class='ocrx_word' id='word_1_162' title='bbox 1227 1104 1320 1152; x_wconf 88' lang='lat' dir='ltr'><strong>quia</strong></span> <span class='ocrx_word' id='word_1_163' title='bbox 1339 1113 1450 1140; x_wconf 88' lang='lat' dir='ltr'><strong>suam</strong></span> 
     </span>
     <span class='ocr_line' id='line_1_20' title="bbox 161 1157 1453 1205; baseline -0.001 -12"><span class='ocrx_word' id='word_1_164' title='bbox 161 1158 407 1203; x_wconf 80' lang='lat' dir='ltr'><strong>praesentIam</strong></span> <span class='ocrx_word' id='word_1_165' title='bbox 433 1157 671 1205; x_wconf 88' lang='lat' dir='ltr'><strong>corporalem</strong></span> <span class='ocrx_word' id='word_1_166' title='bbox 697 1158 841 1194; x_wconf 91' lang='lat' dir='ltr'><strong>mundo</strong></span> <span class='ocrx_word' id='word_1_167' title='bbox 869 1160 951 1194; x_wconf 90' lang='lat' dir='ltr'><strong>erat</strong></span> <span class='ocrx_word' id='word_1_168' title='bbox 973 1157 1253 1202; x_wconf 85' lang='lat' dir='ltr'><strong>subtracturus,</strong></span> <span class='ocrx_word' id='word_1_169' title='bbox 1281 1157 1453 1205; x_wconf 90' lang='lat' dir='ltr'><strong>oportuit</strong></span> 
     </span>
     <span class='ocr_line' id='line_1_21' title="bbox 163 1209 1452 1258; baseline 0.001 -13"><span class='ocrx_word' id='word_1_170' title='bbox 163 1214 205 1245; x_wconf 92' lang='lat' dir='ltr'><strong>ut</strong></span> <span class='ocrx_word' id='word_1_171' title='bbox 224 1210 391 1257; x_wconf 78' lang='lat' dir='ltr'><strong>aliquem</strong></span> <span class='ocrx_word' id='word_1_172' title='bbox 415 1211 666 1247; x_wconf 84' lang='lat' dir='ltr'><strong>constitueret</strong></span> <span class='ocrx_word' id='word_1_173' title='bbox 686 1211 751 1258; x_wconf 87' lang='lat' dir='ltr'><strong>qui</strong></span> <span class='ocrx_word' id='word_1_174' title='bbox 770 1211 855 1247; x_wconf 90' lang='lat' dir='ltr'><strong>loco</strong></span> <span class='ocrx_word' id='word_1_175' title='bbox 877 1211 935 1248; x_wconf 91' lang='lat' dir='ltr'><strong>sui</strong></span> <span class='ocrx_word' id='word_1_176' title='bbox 956 1210 1179 1247; x_wconf 85' lang='lat' dir='ltr'><strong>universalis</strong></span> <span class='ocrx_word' id='word_1_177' title='bbox 1197 1209 1373 1247; x_wconf 85' lang='lat' dir='ltr'><strong>Ecclesiae</strong></span> <span class='ocrx_word' id='word_1_178' title='bbox 1391 1220 1452 1257; x_wconf 87' lang='lat' dir='ltr'><strong>ge-</strong></span> 
     </span>
     <span class='ocr_line' id='line_1_22' title="bbox 161 1262 1453 1310; baseline 0 -13"><span class='ocrx_word' id='word_1_179' title='bbox 161 1266 262 1298; x_wconf 86' lang='lat' dir='ltr'><strong>reret</strong></span> <span class='ocrx_word' id='word_1_180' title='bbox 281 1273 428 1299; x_wconf 87' lang='lat' dir='ltr'><strong>curam.</strong></span> <span class='ocrx_word' id='word_1_181' title='bbox 448 1263 650 1300; x_wconf 81' lang='lat' dir='ltr'><strong>Commisit</strong></span> <span class='ocrx_word' id='word_1_182' title='bbox 664 1267 793 1300; x_wconf 90' lang='lat' dir='ltr'><strong>autem</strong></span> <span class='ocrx_word' id='word_1_183' title='bbox 808 1264 1001 1300; x_wconf 82' lang='lat' dir='ltr'><strong>excelsum</strong></span> <span class='ocrx_word' id='word_1_184' title='bbox 1023 1273 1164 1299; x_wconf 92' lang='lat' dir='ltr'><strong>munus</strong></span> <span class='ocrx_word' id='word_1_185' title='bbox 1181 1273 1258 1300; x_wconf 91' lang='lat' dir='ltr'><strong>non</strong></span> <span class='ocrx_word' id='word_1_186' title='bbox 1277 1262 1453 1310; x_wconf 84' lang='lat' dir='ltr'><strong>pluribus</strong></span> 
     </span>
     <span class='ocr_line' id='line_1_23' title="bbox 163 1315 1453 1363; baseline -0.001 -13"><span class='ocrx_word' id='word_1_187' title='bbox 163 1315 230 1351; x_wconf 92' lang='lat' dir='ltr'><strong>sed</strong></span> <span class='ocrx_word' id='word_1_188' title='bbox 255 1316 332 1359; x_wconf 84' lang='lat' dir='ltr'><strong>uni,</strong></span> <span class='ocrx_word' id='word_1_189' title='bbox 356 1316 428 1352; x_wconf 87' lang='lat' dir='ltr'><strong>hoc</strong></span> <span class='ocrx_word' id='word_1_190' title='bbox 452 1320 509 1353; x_wconf 88' lang='lat' dir='ltr'><strong>est</strong></span> <span class='ocrx_word' id='word_1_191' title='bbox 529 1317 599 1352; x_wconf 91' lang='lat' dir='ltr'><strong>soli</strong></span> <span class='ocrx_word' id='word_1_192' title='bbox 620 1317 749 1360; x_wconf 86' lang='lat' dir='ltr'><strong>Petro,</strong></span> <span class='ocrx_word' id='word_1_193' title='bbox 770 1317 921 1363; x_wconf 88' lang='lat' dir='ltr'><strong>ipsique</strong></span> <span class='ocrx_word' id='word_1_194' title='bbox 941 1319 979 1352; x_wconf 85' lang='lat' dir='ltr'><strong>et</strong></span> <span class='ocrx_word' id='word_1_195' title='bbox 995 1326 1071 1352; x_wconf 87' lang='lat' dir='ltr'><strong>non</strong></span> <span class='ocrx_word' id='word_1_196' title='bbox 1094 1315 1268 1363; x_wconf 86' lang='lat' dir='ltr'><strong>pluribus</strong></span> <span class='ocrx_word' id='word_1_197' title='bbox 1287 1315 1453 1352; x_wconf 84' lang='lat' dir='ltr'><strong>contulit</strong></span> 
     </span>
     <span class='ocr_line' id='line_1_24' title="bbox 163 1367 1452 1416; baseline -0.001 -12"><span class='ocrx_word' id='word_1_198' title='bbox 163 1372 251 1405; x_wconf 88' lang='lat' dir='ltr'><strong>ante</strong></span> <span class='ocrx_word' id='word_1_199' title='bbox 263 1379 375 1405; x_wconf 86' lang='lat' dir='ltr'><strong>suam</strong></span> <span class='ocrx_word' id='word_1_200' title='bbox 390 1369 654 1406; x_wconf 87' lang='lat' dir='ltr'><strong>ascensionem</strong></span> <span class='ocrx_word' id='word_1_201' title='bbox 669 1369 838 1405; x_wconf 82' lang='lat' dir='ltr'><strong>officium</strong></span> <span class='ocrx_word' id='word_1_202' title='bbox 850 1370 966 1405; x_wconf 89' lang='lat' dir='ltr'><strong>simul</strong></span> <span class='ocrx_word' id='word_1_203' title='bbox 978 1373 1014 1405; x_wconf 87' lang='lat' dir='ltr'><strong>et</strong></span> <span class='ocrx_word' id='word_1_204' title='bbox 1026 1371 1258 1416; x_wconf 86' lang='lat' dir='ltr'><strong>potestatem</strong></span> <span class='ocrx_word' id='word_1_205' title='bbox 1270 1367 1452 1416; x_wconf 82' lang='lat' dir='ltr'><strong>pascendi</strong></span> 
     </span>
     <span class='ocr_line' id='line_1_25' title="bbox 163 1421 1450 1469; baseline -0.001 -13"><span class='ocrx_word' id='word_1_206' title='bbox 163 1431 250 1457; x_wconf 90' lang='lat' dir='ltr'><strong>oves</strong></span> <span class='ocrx_word' id='word_1_207' title='bbox 283 1432 373 1458; x_wconf 87' lang='lat' dir='ltr'><strong>suas</strong></span> <span class='ocrx_word' id='word_1_208' title='bbox 405 1423 551 1467; x_wconf 65' lang='lat' dir='ltr'><strong>(JOANN.</strong></span> <span class='ocrx_word' id='word_1_209' title='bbox 586 1422 679 1469; x_wconf 83' lang='lat' dir='ltr'><strong>Cap.</strong></span> <span class='ocrx_word' id='word_1_210' title='bbox 716 1421 872 1467; x_wconf 61' lang='lat' dir='ltr'><strong>ultim.)</strong></span> <span class='ocrx_word' id='word_1_211' title='bbox 907 1423 1004 1458; x_wconf 86' lang='lat' dir='ltr'><strong>sicut</strong></span> <span class='ocrx_word' id='word_1_212' title='bbox 1037 1426 1074 1457; x_wconf 92' lang='lat' dir='ltr'><strong>et</strong></span> <span class='ocrx_word' id='word_1_213' title='bbox 1106 1425 1195 1458; x_wconf 86' lang='lat' dir='ltr'><strong>ante</strong></span> <span class='ocrx_word' id='word_1_214' title='bbox 1231 1421 1450 1468; x_wconf 80' lang='lat' dir='ltr'><strong>passionem</strong></span> 
     </span>
     <span class='ocr_line' id='line_1_26' title="bbox 162 1473 1449 1522; baseline -0.001 -12"><span class='ocrx_word' id='word_1_215' title='bbox 162 1473 288 1510; x_wconf 88' lang='lat' dir='ltr'><strong>eidem</strong></span> <span class='ocrx_word' id='word_1_216' title='bbox 306 1474 466 1511; x_wconf 90' lang='lat' dir='ltr'><strong>dederat</strong></span> <span class='ocrx_word' id='word_1_217' title='bbox 487 1478 718 1522; x_wconf 87' lang='lat' dir='ltr'><strong>potestatem</strong></span> <span class='ocrx_word' id='word_1_218' title='bbox 740 1474 886 1521; x_wconf 89' lang='lat' dir='ltr'><strong>ligandi</strong></span> <span class='ocrx_word' id='word_1_219' title='bbox 904 1477 1016 1521; x_wconf 87' lang='lat' dir='ltr'><strong>atque</strong></span> <span class='ocrx_word' id='word_1_220' title='bbox 1035 1473 1220 1518; x_wconf 89' lang='lat' dir='ltr'><strong>solvendi,</strong></span> <span class='ocrx_word' id='word_1_221' title='bbox 1240 1478 1284 1509; x_wconf 90' lang='lat' dir='ltr'><strong>ut</strong></span> <span class='ocrx_word' id='word_1_222' title='bbox 1306 1473 1449 1510; x_wconf 89' lang='lat' dir='ltr'><strong>dictum</strong></span> 
     </span>
     <span class='ocr_line' id='line_1_27' title="bbox 162 1526 1449 1574; baseline -0.001 -13"><span class='ocrx_word' id='word_1_223' title='bbox 162 1529 220 1562; x_wconf 88' lang='lat' dir='ltr'><strong>est</strong></span> <span class='ocrx_word' id='word_1_224' title='bbox 242 1537 372 1574; x_wconf 84' lang='lat' dir='ltr'><strong>supra.</strong></span> <span class='ocrx_word' id='word_1_225' title='bbox 394 1527 464 1564; x_wconf 90' lang='lat' dir='ltr'><strong>Ubi</strong></span> <span class='ocrx_word' id='word_1_226' title='bbox 489 1532 617 1564; x_wconf 86' lang='lat' dir='ltr'><strong>autem</strong></span> <span class='ocrx_word' id='word_1_227' title='bbox 639 1527 811 1563; x_wconf 89' lang='lat' dir='ltr'><strong>Christus</strong></span> <span class='ocrx_word' id='word_1_228' title='bbox 838 1538 915 1563; x_wconf 93' lang='lat' dir='ltr'><strong>non</strong></span> <span class='ocrx_word' id='word_1_229' title='bbox 937 1526 1110 1563; x_wconf 86' lang='lat' dir='ltr'><strong>distinxit</strong></span> <span class='ocrx_word' id='word_1_230' title='bbox 1131 1528 1167 1562; x_wconf 89' lang='lat' dir='ltr'><strong>in</strong></span> <span class='ocrx_word' id='word_1_231' title='bbox 1188 1537 1227 1562; x_wconf 90' lang='lat' dir='ltr'><strong>re</strong></span> <span class='ocrx_word' id='word_1_232' title='bbox 1245 1526 1342 1562; x_wconf 89' lang='lat' dir='ltr'><strong>tanti</strong></span> <span class='ocrx_word' id='word_1_233' title='bbox 1362 1535 1449 1561; x_wconf 91' lang='lat' dir='ltr'><strong>mo-</strong></span> 
     </span>
     <span class='ocr_line' id='line_1_28' title="bbox 162 1578 1449 1627; baseline -0.001 -13"><span class='ocrx_word' id='word_1_234' title='bbox 162 1579 296 1623; x_wconf 88' lang='lat' dir='ltr'><strong>menti,</strong></span> <span class='ocrx_word' id='word_1_235' title='bbox 315 1590 383 1616; x_wconf 91' lang='lat' dir='ltr'><strong>nec</strong></span> <span class='ocrx_word' id='word_1_236' title='bbox 399 1590 469 1616; x_wconf 89' lang='lat' dir='ltr'><strong>nos</strong></span> <span class='ocrx_word' id='word_1_237' title='bbox 486 1580 722 1627; x_wconf 83' lang='lat' dir='ltr'><strong>distinguere</strong></span> <span class='ocrx_word' id='word_1_238' title='bbox 741 1580 939 1616; x_wconf 83' lang='lat' dir='ltr'><strong>debemus.</strong></span> <span class='ocrx_word' id='word_1_239' title='bbox 958 1579 1064 1616; x_wconf 90' lang='lat' dir='ltr'><strong>Unde</strong></span> <span class='ocrx_word' id='word_1_240' title='bbox 1084 1579 1175 1625; x_wconf 85' lang='lat' dir='ltr'><strong>quia</strong></span> <span class='ocrx_word' id='word_1_241' title='bbox 1192 1588 1269 1614; x_wconf 90' lang='lat' dir='ltr'><strong>non</strong></span> <span class='ocrx_word' id='word_1_242' title='bbox 1286 1578 1449 1615; x_wconf 90' lang='lat' dir='ltr'><strong>limitate</strong></span> 
     </span>
     <span class='ocr_line' id='line_1_29' title="bbox 164 1630 1452 1681; baseline -0.001 -14"><span class='ocrx_word' id='word_1_243' title='bbox 164 1631 230 1668; x_wconf 91' lang='lat' dir='ltr'><strong>sed</strong></span> <span class='ocrx_word' id='word_1_244' title='bbox 250 1632 372 1679; x_wconf 89' lang='lat' dir='ltr'><strong>plene,</strong></span> <span class='ocrx_word' id='word_1_245' title='bbox 397 1643 474 1670; x_wconf 90' lang='lat' dir='ltr'><strong>non</strong></span> <span class='ocrx_word' id='word_1_246' title='bbox 498 1632 757 1681; x_wconf 87' lang='lat' dir='ltr'><strong>dependenter</strong></span> <span class='ocrx_word' id='word_1_247' title='bbox 777 1633 824 1669; x_wconf 87' lang='lat' dir='ltr'><strong>ab</strong></span> <span class='ocrx_word' id='word_1_248' title='bbox 845 1632 1038 1679; x_wconf 87' lang='lat' dir='ltr'><strong>Apostolis</strong></span> <span class='ocrx_word' id='word_1_249' title='bbox 1059 1631 1124 1667; x_wconf 90' lang='lat' dir='ltr'><strong>sed</strong></span> <span class='ocrx_word' id='word_1_250' title='bbox 1149 1630 1452 1679; x_wconf 89' lang='lat' dir='ltr'><strong>independenter</strong></span> 
     </span>
     <span class='ocr_line' id='line_1_30' title="bbox 164 1684 1452 1731; baseline -0.002 -10"><span class='ocrx_word' id='word_1_251' title='bbox 164 1688 335 1731; x_wconf 82' lang='lat' dir='ltr'><strong>potestas</strong></span> <span class='ocrx_word' id='word_1_252' title='bbox 356 1685 422 1722; x_wconf 90' lang='lat' dir='ltr'><strong>illa</strong></span> <span class='ocrx_word' id='word_1_253' title='bbox 439 1686 580 1723; x_wconf 87' lang='lat' dir='ltr'><strong>collata</strong></span> <span class='ocrx_word' id='word_1_254' title='bbox 600 1691 656 1722; x_wconf 89' lang='lat' dir='ltr'><strong>est</strong></span> <span class='ocrx_word' id='word_1_255' title='bbox 675 1687 802 1731; x_wconf 89' lang='lat' dir='ltr'><strong>Petro,</strong></span> <span class='ocrx_word' id='word_1_256' title='bbox 824 1687 891 1722; x_wconf 91' lang='lat' dir='ltr'><strong>uni</strong></span> <span class='ocrx_word' id='word_1_257' title='bbox 916 1686 1026 1721; x_wconf 87' lang='lat' dir='ltr'><strong>Petro</strong></span> <span class='ocrx_word' id='word_1_258' title='bbox 1052 1684 1240 1729; x_wconf 84' lang='lat' dir='ltr'><strong>absolute,</strong></span> <span class='ocrx_word' id='word_1_259' title='bbox 1265 1684 1390 1731; x_wconf 85' lang='lat' dir='ltr'><strong>plene,</strong></span> <span class='ocrx_word' id='word_1_260' title='bbox 1415 1688 1452 1718; x_wconf 88' lang='lat' dir='ltr'><strong>et</strong></span> 
     </span>
     <span class='ocr_line' id='line_1_31' title="bbox 164 1736 1451 1786; baseline -0.001 -13"><span class='ocrx_word' id='word_1_261' title='bbox 164 1737 466 1785; x_wconf 83' lang='lat' dir='ltr'><strong>independenter</strong></span> <span class='ocrx_word' id='word_1_262' title='bbox 486 1739 661 1775; x_wconf 86' lang='lat' dir='ltr'><strong>convenit</strong></span> <span class='ocrx_word' id='word_1_263' title='bbox 680 1737 753 1775; x_wconf 90' lang='lat' dir='ltr'><strong>sub</strong></span> <span class='ocrx_word' id='word_1_264' title='bbox 772 1738 921 1775; x_wconf 89' lang='lat' dir='ltr'><strong>Christo</strong></span> <span class='ocrx_word' id='word_1_265' title='bbox 944 1738 1027 1786; x_wconf 92' lang='lat' dir='ltr'><strong>ipso</strong></span> <span class='ocrx_word' id='word_1_266' title='bbox 1049 1736 1291 1773; x_wconf 85' lang='lat' dir='ltr'><strong>invisibiliter</strong></span> <span class='ocrx_word' id='word_1_267' title='bbox 1316 1738 1451 1784; x_wconf 85' lang='lat' dir='ltr'><strong>agente</strong></span> 
     </span>
     <span class='ocr_line' id='line_1_32' title="bbox 164 1788 1451 1837; baseline -0.002 -11"><span class='ocrx_word' id='word_1_268' title='bbox 164 1791 204 1827; x_wconf 91' lang='lat' dir='ltr'><strong>in</strong></span> <span class='ocrx_word' id='word_1_269' title='bbox 217 1791 341 1827; x_wconf 88' lang='lat' dir='ltr'><strong>Petro.</strong></span> <span class='ocrx_word' id='word_1_270' title='bbox 360 1792 416 1827; x_wconf 89' lang='lat' dir='ltr'><strong>En</strong></span> <span class='ocrx_word' id='word_1_271' title='bbox 430 1791 657 1828; x_wconf 87' lang='lat' dir='ltr'><strong>monarchia</strong></span> <span class='ocrx_word' id='word_1_272' title='bbox 672 1791 861 1828; x_wconf 89' lang='lat' dir='ltr'><strong>absoluta.</strong></span> <span class='ocrx_word' id='word_1_273' title='bbox 879 1811 924 1816; x_wconf 96' lang='lat'><strong>—</strong></span> <span class='ocrx_word' id='word_1_274' title='bbox 940 1804 956 1823; x_wconf 75' lang='grc' dir='ltr'>ι</span> <span class='ocrx_word' id='word_1_275' title='bbox 977 1791 1059 1827; x_wconf 89' lang='lat' dir='ltr'><strong>Non</strong></span> <span class='ocrx_word' id='word_1_276' title='bbox 1076 1793 1201 1837; x_wconf 88' lang='lat' dir='ltr'><strong>potest</strong></span> <span class='ocrx_word' id='word_1_277' title='bbox 1217 1794 1348 1826; x_wconf 85' lang='lat' dir='ltr'><strong>autem</strong></span> <span class='ocrx_word' id='word_1_278' title='bbox 1363 1788 1451 1831; x_wconf 89' lang='lat' dir='ltr'><strong>dici,</strong></span> 
     </span>
     <span class='ocr_line' id='line_1_33' title="bbox 165 1841 1453 1892; baseline -0.001 -12"><span class='ocrx_word' id='word_1_279' title='bbox 165 1844 410 1892; x_wconf 87' lang='lat' dir='ltr'><strong>prosequitur</strong></span> <span class='ocrx_word' id='word_1_280' title='bbox 431 1845 468 1881; x_wconf 91' lang='lat' dir='ltr'><strong>S.</strong></span> <span class='ocrx_word' id='word_1_281' title='bbox 488 1845 659 1881; x_wconf 84' lang='lat' dir='ltr'><strong>Thomas</strong></span> <span class='ocrx_word' id='word_1_282' title='bbox 679 1845 751 1881; x_wconf 90' lang='lat' dir='ltr'><strong>loc.</strong></span> <span class='ocrx_word' id='word_1_283' title='bbox 774 1844 838 1880; x_wconf 88' lang='lat' dir='ltr'><strong>cit.</strong></span> <span class='ocrx_word' id='word_1_284' title='bbox 861 1855 899 1880; x_wconf 88' lang='lat' dir='ltr'><strong>n.</strong></span> <span class='ocrx_word' id='word_1_285' title='bbox 927 1844 960 1879; x_wconf 83' lang='lat'><strong>4.</strong></span> <span class='ocrx_word' id='word_1_286' title='bbox 986 1843 1089 1890; x_wconf 90' lang='lat' dir='ltr'><strong>quod</strong></span> <span class='ocrx_word' id='word_1_287' title='bbox 1118 1842 1189 1878; x_wconf 86' lang='lat' dir='ltr'><strong>etsi</strong></span> <span class='ocrx_word' id='word_1_288' title='bbox 1214 1843 1326 1879; x_wconf 88' lang='lat' dir='ltr'><strong>Petro</strong></span> <span class='ocrx_word' id='word_1_289' title='bbox 1353 1841 1453 1879; x_wconf 88' lang='lat' dir='ltr'><strong>hanc</strong></span> 
     </span>
     <span class='ocr_line' id='line_1_34' title="bbox 167 1895 1452 1946; baseline -0.001 -13"><span class='ocrx_word' id='word_1_290' title='bbox 167 1897 397 1944; x_wconf 83' lang='lat' dir='ltr'><strong>dignitatem</strong></span> <span class='ocrx_word' id='word_1_291' title='bbox 421 1898 583 1943; x_wconf 86' lang='lat' dir='ltr'><strong>dederit,</strong></span> <span class='ocrx_word' id='word_1_292' title='bbox 605 1909 674 1946; x_wconf 88' lang='lat' dir='ltr'><strong>per</strong></span> <span class='ocrx_word' id='word_1_293' title='bbox 695 1907 785 1934; x_wconf 91' lang='lat' dir='ltr'><strong>eum</strong></span> <span class='ocrx_word' id='word_1_294' title='bbox 807 1900 937 1933; x_wconf 80' lang='lat' dir='ltr'><strong>tamen</strong></span> <span class='ocrx_word' id='word_1_295' title='bbox 957 1895 1007 1932; x_wconf 84' lang='lat' dir='ltr'><strong>ad</strong></span> <span class='ocrx_word' id='word_1_296' title='bbox 1027 1896 1124 1933; x_wconf 81' lang='lat' dir='ltr'><strong>alios</strong></span> <span class='ocrx_word' id='word_1_297' title='bbox 1145 1906 1222 1931; x_wconf 91' lang='lat' dir='ltr'><strong>non</strong></span> <span class='ocrx_word' id='word_1_298' title='bbox 1243 1895 1452 1932; x_wconf 87' lang='lat' dir='ltr'><strong>derivatur.</strong></span> 
     </span>
     <span class='ocr_line' id='line_1_35' title="bbox 165 1948 1452 1998; baseline -0.002 -12"><span class='ocrx_word' id='word_1_299' title='bbox 165 1950 408 1986; x_wconf 81' lang='lat' dir='ltr'><strong>Manifestum</strong></span> <span class='ocrx_word' id='word_1_300' title='bbox 430 1954 485 1989; x_wconf 85' lang='lat' dir='ltr'><strong>est</strong></span> <span class='ocrx_word' id='word_1_301' title='bbox 504 1951 607 1987; x_wconf 89' lang='lat' dir='ltr'><strong>enim</strong></span> <span class='ocrx_word' id='word_1_302' title='bbox 630 1950 735 1998; x_wconf 90' lang='lat' dir='ltr'><strong>quod</strong></span> <span class='ocrx_word' id='word_1_303' title='bbox 762 1950 935 1986; x_wconf 71' lang='lat' dir='ltr'><strong>Christus</strong></span> <span class='ocrx_word' id='word_1_304' title='bbox 960 1948 1166 1986; x_wconf 79' lang='lat' dir='ltr'><strong>Ecclesiam</strong></span> <span class='ocrx_word' id='word_1_305' title='bbox 1191 1948 1245 1983; x_wconf 83' lang='lat' dir='ltr'><strong>sio</strong></span> <span class='ocrx_word' id='word_1_306' title='bbox 1271 1948 1452 1993; x_wconf 87' lang='lat' dir='ltr'><strong>instituit,</strong></span> 
     </span>
     <span class='ocr_line' id='line_1_36' title="bbox 166 1999 1453 2049; baseline -0.001 -12"><span class='ocrx_word' id='word_1_307' title='bbox 166 2007 209 2037; x_wconf 88' lang='lat' dir='ltr'><strong>ut</strong></span> <span class='ocrx_word' id='word_1_308' title='bbox 238 2007 338 2039; x_wconf 89' lang='lat' dir='ltr'><strong>esset</strong></span> <span class='ocrx_word' id='word_1_309' title='bbox 366 2013 486 2049; x_wconf 82' lang='lat' dir='ltr'><strong>usque</strong></span> <span class='ocrx_word' id='word_1_310' title='bbox 515 2004 555 2039; x_wconf 92' lang='lat' dir='ltr'><strong>in</strong></span> <span class='ocrx_word' id='word_1_311' title='bbox 584 2004 702 2039; x_wconf 89' lang='lat' dir='ltr'><strong>finem</strong></span> <span class='ocrx_word' id='word_1_312' title='bbox 731 2002 860 2040; x_wconf 82' lang='lat' dir='ltr'><strong>saeculi</strong></span> <span class='ocrx_word' id='word_1_313' title='bbox 886 2002 1086 2043; x_wconf 82' lang='lat' dir='ltr'><strong>duratura,</strong></span> <span class='ocrx_word' id='word_1_314' title='bbox 1118 2000 1330 2036; x_wconf 88' lang='lat' dir='ltr'><strong>secundum</strong></span> <span class='ocrx_word' id='word_1_315' title='bbox 1359 1999 1453 2037; x_wconf 88' lang='lat' dir='ltr'><strong>illud</strong></span> 
     </span>
     <span class='ocr_line' id='line_1_37' title="bbox 166 2052 1454 2102; baseline -0.002 -11"><span class='ocrx_word' id='word_1_316' title='bbox 166 2055 275 2091; x_wconf 81' lang='lat' dir='ltr'><strong>Isaiae</strong></span> <span class='ocrx_word' id='word_1_317' title='bbox 287 2056 357 2092; x_wconf 90' lang='lat' dir='ltr'><strong>IX:</strong></span> <span class='ocrx_word' id='word_1_318' title='bbox 374 2055 499 2102; x_wconf 84' lang='lat' dir='ltr'><strong>Super</strong></span> <span class='ocrx_word' id='word_1_319' title='bbox 509 2056 650 2093; x_wconf 69' lang='lat' dir='ltr'><strong>solium</strong></span> <span class='ocrx_word' id='word_1_320' title='bbox 665 2055 790 2092; x_wconf 81' lang='lat' dir='ltr'><strong>David</strong></span> <span class='ocrx_word' id='word_1_321' title='bbox 801 2060 835 2092; x_wconf 80' lang='lat' dir='ltr'><strong>et</strong></span> <span class='ocrx_word' id='word_1_322' title='bbox 851 2065 965 2101; x_wconf 83' lang='lat' dir='ltr'><strong>super</strong></span> <span class='ocrx_word' id='word_1_323' title='bbox 978 2064 1135 2101; x_wconf 74' lang='lat' dir='ltr'><strong>reynum</strong></span> <span class='ocrx_word' id='word_1_324' title='bbox 1148 2052 1233 2100; x_wconf 83' lang='lat' dir='ltr'><strong>ejus</strong></span> <span class='ocrx_word' id='word_1_325' title='bbox 1245 2052 1398 2099; x_wconf 81' lang='lat' dir='ltr'><strong>sedebit,</strong></span> <span class='ocrx_word' id='word_1_326' title='bbox 1415 2058 1454 2089; x_wconf 84' lang='lat' dir='ltr'><strong>ut</strong></span> 
     </span>
     <span class='ocr_line' id='line_1_38' title="bbox 168 2105 1455 2156; baseline -0.003 -11"><span class='ocrx_word' id='word_1_327' title='bbox 168 2109 361 2156; x_wconf 64' lang='lat' dir='ltr'><strong>confirmet</strong></span> <span class='ocrx_word' id='word_1_328' title='bbox 381 2109 482 2146; x_wconf 78' lang='lat' dir='ltr'><strong>illud</strong></span> <span class='ocrx_word' id='word_1_329' title='bbox 500 2114 533 2146; x_wconf 83' lang='lat' dir='ltr'><strong>et</strong></span> <span class='ocrx_word' id='word_1_330' title='bbox 552 2109 767 2146; x_wconf 81' lang='lat' dir='ltr'><strong>corroboret</strong></span> <span class='ocrx_word' id='word_1_331' title='bbox 787 2108 828 2144; x_wconf 81' lang='lat' dir='ltr'><strong>in</strong></span> <span class='ocrx_word' id='word_1_332' title='bbox 843 2107 1000 2156; x_wconf 66' lang='lat' dir='ltr'><strong>¹iudicio</strong></span> <span class='ocrx_word' id='word_1_333' title='bbox 1020 2111 1054 2143; x_wconf 86' lang='lat' dir='ltr'><strong>et</strong></span> <span class='ocrx_word' id='word_1_334' title='bbox 1066 2107 1244 2154; x_wconf 78' lang='lat' dir='ltr'><strong>justicia,</strong></span> <span class='ocrx_word' id='word_1_335' title='bbox 1267 2105 1402 2142; x_wconf 84' lang='lat' dir='ltr'><strong>amodo</strong></span> <span class='ocrx_word' id='word_1_336' title='bbox 1422 2110 1455 2141; x_wconf 76' lang='lat' dir='ltr'><strong>et</strong></span> 
     </span>
     <span class='ocr_line' id='line_1_39' title="bbox 167 2157 1455 2210; baseline -0.005 -12"><span class='ocrx_word' id='word_1_337' title='bbox 167 2172 285 2210; x_wconf 71' lang='lat' dir='ltr'><strong>usque</strong></span> <span class='ocrx_word' id='word_1_338' title='bbox 297 2162 340 2198; x_wconf 77' lang='lat' dir='ltr'><strong>in</strong></span> <span class='ocrx_word' id='word_1_339' title='bbox 352 2162 633 2209; x_wconf 80' lang='lat' dir='ltr'><strong>sempiternum.</strong></span> <span class='ocrx_word' id='word_1_340' title='bbox 645 2162 888 2198; x_wconf 79' lang='lat' dir='ltr'><strong>Manifestum</strong></span> <span class='ocrx_word' id='word_1_341' title='bbox 900 2162 973 2196; x_wconf 87' lang='lat' dir='ltr'><strong>esti</strong></span> <span class='ocrx_word' id='word_1_342' title='bbox 979 2160 1081 2206; x_wconf 89' lang='lat' dir='ltr'><strong>gitur</strong></span> <span class='ocrx_word' id='word_1_343' title='bbox 1091 2157 1193 2205; x_wconf 88' lang='lat' dir='ltr'><strong>quod</strong></span> <span class='ocrx_word' id='word_1_344' title='bbox 1203 2158 1258 2193; x_wconf 85' lang='lat' dir='ltr'><strong>ita</strong></span> <span class='ocrx_word' id='word_1_345' title='bbox 1273 2158 1372 2202; x_wconf 91' lang='lat' dir='ltr'><strong>illos,</strong></span> <span class='ocrx_word' id='word_1_346' title='bbox 1389 2159 1455 2205; x_wconf 91' lang='lat' dir='ltr'><strong>qui</strong></span> 
     </span>
     <span class='ocr_line' id='line_1_40' title="bbox 168 2210 1456 2260; baseline -0.005 -8"><span class='ocrx_word' id='word_1_347' title='bbox 168 2218 260 2252; x_wconf 81' lang='lat' dir='ltr'><strong>tunc</strong></span> <span class='ocrx_word' id='word_1_348' title='bbox 275 2219 386 2252; x_wconf 84' lang='lat' dir='ltr'><strong>erant</strong></span> <span class='ocrx_word' id='word_1_349' title='bbox 408 2215 447 2252; x_wconf 90' lang='lat' dir='ltr'><strong>in</strong></span> <span class='ocrx_word' id='word_1_350' title='bbox 467 2215 694 2260; x_wconf 87' lang='lat' dir='ltr'><strong>ministerio,</strong></span> <span class='ocrx_word' id='word_1_351' title='bbox 712 2215 924 2257; x_wconf 89' lang='lat' dir='ltr'><strong>constituit,</strong></span> <span class='ocrx_word' id='word_1_352' title='bbox 946 2217 988 2248; x_wconf 89' lang='lat' dir='ltr'><strong>ut</strong></span> <span class='ocrx_word' id='word_1_353' title='bbox 1007 2222 1143 2249; x_wconf 87' lang='lat' dir='ltr'><strong>eorum</strong></span> <span class='ocrx_word' id='word_1_354' title='bbox 1166 2215 1337 2259; x_wconf 84' lang='lat' dir='ltr'><strong>potestas</strong></span> <span class='ocrx_word' id='word_1_355' title='bbox 1357 2210 1456 2247; x_wconf 89' lang='lat' dir='ltr'><strong>deri-</strong></span> 
     </span>
     <span class='ocr_line' id='line_1_41' title="bbox 170 2263 1455 2317; baseline -0.005 -12"><span class='ocrx_word' id='word_1_356' title='bbox 170 2272 323 2305; x_wconf 82' lang='lat' dir='ltr'><strong>varetur</strong></span> <span class='ocrx_word' id='word_1_357' title='bbox 348 2267 397 2305; x_wconf 80' lang='lat' dir='ltr'><strong>ad</strong></span> <span class='ocrx_word' id='word_1_358' title='bbox 425 2272 601 2317; x_wconf 85' lang='lat' dir='ltr'><strong>posteros</strong></span> <span class='ocrx_word' id='word_1_359' title='bbox 625 2278 695 2315; x_wconf 88' lang='lat' dir='ltr'><strong>pro</strong></span> <span class='ocrx_word' id='word_1_360' title='bbox 719 2267 885 2304; x_wconf 88' lang='lat' dir='ltr'><strong>utilitate</strong></span> <span class='ocrx_word' id='word_1_361' title='bbox 910 2265 1087 2303; x_wconf 82' lang='lat' dir='ltr'><strong>Ecclesiae</strong></span> <span class='ocrx_word' id='word_1_362' title='bbox 1112 2274 1235 2312; x_wconf 85' lang='lat' dir='ltr'><strong>usque</strong></span> <span class='ocrx_word' id='word_1_363' title='bbox 1264 2263 1314 2300; x_wconf 88' lang='lat' dir='ltr'><strong>ad</strong></span> <span class='ocrx_word' id='word_1_364' title='bbox 1339 2264 1455 2300; x_wconf 85' lang='lat' dir='ltr'><strong>finem</strong></span> 
     </span>
     <span class='ocr_line' id='line_1_42' title="bbox 171 2316 1456 2369; baseline -0.004 -12"><span class='ocrx_word' id='word_1_365' title='bbox 171 2321 300 2358; x_wconf 78' lang='lat' dir='ltr'><strong>saeouli</strong></span> <span class='ocrx_word' id='word_1_366' title='bbox 317 2333 326 2367; x_wconf 93' lang='lat'>;</span> <span class='ocrx_word' id='word_1_367' title='bbox 349 2321 561 2369; x_wconf 76' lang='lat' dir='ltr'><strong>praesertim</strong></span> <span class='ocrx_word' id='word_1_368' title='bbox 587 2330 675 2357; x_wconf 90' lang='lat' dir='ltr'><strong>cum</strong></span> <span class='ocrx_word' id='word_1_369' title='bbox 695 2321 777 2368; x_wconf 89' lang='lat' dir='ltr'><strong>ipse</strong></span> <span class='ocrx_word' id='word_1_370' title='bbox 798 2320 901 2357; x_wconf 90' lang='lat' dir='ltr'><strong>dicat</strong></span> <span class='ocrx_word' id='word_1_371' title='bbox 920 2318 1053 2356; x_wconf 87' lang='lat' dir='ltr'><strong>Matth.</strong></span> <span class='ocrx_word' id='word_1_372' title='bbox 1072 2317 1207 2355; x_wconf 76' lang='lat' dir='ltr'><strong>ultimo</strong></span> <span class='ocrx_word' id='word_1_373' title='bbox 1231 2327 1316 2364; x_wconf 81' lang='lat' dir='ltr'><strong>cap.</strong></span> <span class='ocrx_word' id='word_1_374' title='bbox 1333 2327 1346 2352; x_wconf 89' lang='lat'><em>:</em></span> <span class='ocrx_word' id='word_1_375' title='bbox 1359 2316 1456 2353; x_wconf 80' lang='lat' dir='ltr'><strong>Ecce</strong></span> 
     </span>
     <span class='ocr_line' id='line_1_43' title="bbox 171 2368 1456 2423; baseline -0.007 -11"><span class='ocrx_word' id='word_1_376' title='bbox 171 2386 236 2423; x_wconf 69' lang='lat' dir='ltr'><strong>eqo</strong></span> <span class='ocrx_word' id='word_1_377' title='bbox 254 2374 446 2412; x_wconf 77' lang='lat' dir='ltr'><strong>vobiscum</strong></span> <span class='ocrx_word' id='word_1_378' title='bbox 461 2385 544 2411; x_wconf 80' lang='lat' dir='ltr'><strong>sum</strong></span> <span class='ocrx_word' id='word_1_379' title='bbox 556 2384 671 2422; x_wconf 79' lang='lat' dir='ltr'><strong>usque</strong></span> <span class='ocrx_word' id='word_1_380' title='bbox 690 2374 743 2410; x_wconf 81' lang='lat' dir='ltr'><strong>ad</strong></span> <span class='ocrx_word' id='word_1_381' title='bbox 758 2372 1115 2411; x_wconf 80' lang='lat' dir='ltr'><strong>consummationem</strong></span> <span class='ocrx_word' id='word_1_382' title='bbox 1128 2369 1275 2407; x_wconf 77' lang='lat' dir='ltr'><strong>soeculi.</strong></span> <span class='ocrx_word' id='word_1_383' title='bbox 1293 2370 1364 2405; x_wconf 90' lang='lat' dir='ltr'><strong>Per</strong></span> <span class='ocrx_word' id='word_1_384' title='bbox 1382 2368 1456 2404; x_wconf 87' lang='lat' dir='ltr'><strong>hoc</strong></span> 
     </span>
    </p>
   </div>
  </div>
 </body>
</html>
