1584 2569
252 117 330 144 uir.
356 117 382 144 ι,
409 115 454 142 οε
479 116 624 142 otricus
649 115 798 142 nonnus
821 109 918 142 ERGA·
944 117 1054 141 vmm
1080 116 1229 143 Pnoxmx
1320 110 1380 145 m

513 242 679 281 CAPUT
710 241 961 288 QUARTUM

384 341 436 371 DE
463 340 624 370 OFFICIIS
661 340 819 370 HOMINIS
847 341 952 369 ERGA
986 341 1095 370 ALIOS

143 437 339 483 Ploloqus.
370 435 503 472 Officia
529 435 698 471 hominis
725 446 816 483 erga
835 435 929 471 alios
950 446 972 471 a
992 436 1102 472 nobis
1135 437 1380 483 potissimum

119 489 374 527 onsideranda
398 489 474 525 duo
495 493 586 524 sunt
604 500 612 524 ε
644 489 719 525 alia
739 499 876 536 nempe
897 499 982 537 quae
1003 499 1025 525 a
1041 490 1127 536 Jure
1152 494 1301 527 naturae
1319 492 1380 527 ab·

96 543 218 580 solute
250 541 481 590 procedunt3
504 541 579 578 alia
606 552 694 578 vero
712 552 798 588 quae
816 552 838 578 a
857 546 995 578 natura
1024 541 1181 589 quidem
1206 547 1295 579 sunt
1316 544 1380 580 sed

97 599 400 644 praesupponunt
417 594 560 631 factum
578 594 774 641 quoddam
794 594 911 631 libere
936 595 1119 642 positum.
1139 595 1272 632 Officia
1292 607 1380 632 vero

95 649 268 685 absolute
287 647 478 684 naturalia
492 647 549 683 vel
566 648 775 694 respiciunt
789 648 912 695 ipsam
933 648 1190 684 substantiam
1206 659 1380 696 personae

95 702 289 746 humanae,
321 701 379 737 vel
399 701 481 747 ejus
506 700 792 748 perfectionem.
816 700 921 736 Unde
942 699 1146 737 dicendum
1175 705 1258 737 est:
1287 703 1319 736 1⁰
1339 702 1381 738 de

94 754 239 802 officiis
258 753 426 790 hominis
445 753 572 800 quoad
585 755 703 790 vitam
719 753 879 790 alterius
894 754 1062 790 hominis
1069 766 1083 799 ;
1104 757 1142 789 2⁰
1161 754 1206 791 de
1235 755 1380 802 officiis

93 819 184 855 erqa
188 807 458 854 perfectionem
464 807 641 853 proximi
645 819 660 852 ;
678 808 713 843 3⁰
729 806 774 843 de
787 807 944 853 officiiS,
961 817 1047 854 quae
1073 813 1379 855 praesupponunt

91 861 238 907 factum
258 859 373 897 libere
383 860 567 908 positum,
591 870 728 907 nempe
752 859 798 895 de
824 859 1095 896 contractibus.

503 965 762 1001 ARTICULUS
788 966 961 1002 PRIMUS

698 1050 769 1093 (39)
808 1047 810 1050 ’

287 1129 344 1166 De
368 1129 514 1176 officiis
539 1129 707 1165 hominis
732 1140 824 1176 erqa
849 1131 968 1166 vitam
987 1130 1175 1176 proximi.

136 1219 165 1254 1.
186 1218 301 1255 Amor
319 1218 512 1254 naturalis
529 1218 696 1254 hominis
723 1219 765 1254 in
783 1218 989 1254 hominem.
1015 1218 1252 1265 Principium
1279 1219 1373 1256 illud

88 1271 397 1317 vulgatissimum
414 1281 423 1305 :
444 1270 557 1306 Omne
575 1270 701 1306 simile
721 1270 867 1317 appetit
883 1269 964 1306 sibi
978 1271 1117 1315 simile,
1139 1271 1375 1308 adamussim

87 1324 126 1359 in
144 1323 314 1368 homine]
332 1323 561 1359 verificatur.
585 1322 722 1369 Utique
746 1323 940 1370 egoismus
963 1333 1063 1370 saepe
1092 1323 1314 1360 inimicitias
1340 1329 1377 1360 et

87 1375 176 1411 odia
203 1375 362 1411 suscitat
384 1375 484 1411 inter
503 1374 693 1420 homines,
723 1379 911 1422 quatenus
935 1374 1024 1411 facit
1045 1375 1286 1412 considerare
1311 1377 1375 1412 ho-

86 1429 232 1464 minem
248 1432 291 1464 ut
311 1427 506 1475 quoddam
524 1427 848 1475 impedimentum
874 1428 1019 1475 proprii
1044 1429 1154 1474 boni3
1178 1433 1215 1465 at
1236 1434 1374 1466 natura

86 1481 158 1516 sibi
184 1479 316 1517 relicta
334 1484 440 1517 amat
459 1480 682 1528 proximum
705 1484 894 1516 nostrum.
919 1480 1015 1517 Nam
1036 1480 1154 1517 homo
1171 1492 1215 1518 ex
1236 1486 1376 1518 natura

85 1537 190 1570 amat
207 1534 376 1581 seipsum
395 1534 466 1579 (35,
486 1533 572 1579 III);
591 1544 681 1581 ergo
697 1544 775 1570 non
796 1537 922 1581 potest
937 1534 974 1569 vi
987 1537 1135 1570 naturae
1153 1545 1230 1570 non
1246 1545 1374 1571 amare

84 1587 295 1634 imaginem
315 1597 438 1623 suam.
467 1586 563 1622 Cum
584 1597 674 1633 ergo
699 1586 763 1622 alii
784 1586 961 1623 homines
982 1586 1148 1623 reserant
1169 1588 1372 1634 expressis-

84 1639 222 1675 simam
254 1639 465 1686 imaginem
485 1642 671 1683 nostram,
693 1639 794 1683 sieut
807 1639 894 1686 jure
915 1642 1063 1675 naturae
1092 1644 1268 1675 tenemur
1289 1640 1372 1675 dili-

85 1702 171 1738 gere
187 1693 458 1739 nosmetipsos,
477 1692 532 1728 ita
552 1696 728 1728 ‘tenemur
746 1692 904 1739 diligere
922 1692 1144 1739 proximum
1168 1703 1175 1727 :
1199 1707 1214 1725 ‹
1234 1703 1279 1728 ex
1301 1693 1373 1729 hoc

82 1745 199 1789 enim,
219 1745 345 1790 inquit
362 1745 523 1781 Sanetus
537 1744 717 1789 Thomas,
740 1744 843 1791 quod
865 1745 984 1791 aliqui
1006 1744 1082 1780 duo
1104 1749 1192 1780 sunt
1213 1745 1370 1790 similes,

82 1796 191 1843 quasi
223 1796 408 1832 habentes
427 1796 603 1833 eamdem
633 1796 811 1842 sormam,
830 1801 919 1832 sunt
939 1796 1228 1843 quodammodo
1250 1809 1370 1833 unum

81 1850 121 1884 in
138 1848 264 1885 forma
279 1849 364 1894 illa3
382 1849 480 1885 sicut
498 1848 573 1884 duo
595 1849 775 1885 homines
792 1853 883 1885 sunt
898 1860 1019 1885 unum
1037 1850 1076 1885 in
1092 1850 1216 1897 specie
1236 1850 1373 1886 huma-

81 1902 226 1945 nitatis,
248 1906 286 1937 et
302 1901 378 1937 duo
399 1901 476 1938 albi
500 1902 539 1937 in
560 1901 747 1939 albedine.
767 1901 811 1937 Et
831 1901 917 1937 ideo
935 1901 1095 1938 affectus
1113 1905 1227 1938 unius
1249 1903 1371 1939 tendit

79 1955 119 1990 in
152 1954 329 1999 alterum,
361 1954 459 1990 sicut
482 1954 520 1989 in
548 1964 669 1990 unum
697 1954 782 1999 sibi,
814 1959 851 1990 et
885 1954 965 1990 vult
985 1955 1018 1989 ei
1050 1955 1196 1990 bonum
1219 1955 1317 1991 sicut
1335 1959 1371 1990 et

79 2007 165 2043 sibi.
189 2021 205 2040 ι
225 2027 270 2033 —-
290 2007 370 2052 1-11‚
393 2007 462 2049 Qu.
483 2007 623 2052 XXVII,
646 2008 760 2043 Artic.
784 2007 848 2043 111.
874 2027 919 2033 —
944 2007 1049 2043 Unde
1068 2008 1179 2044 Jesus
1195 2007 1368 2044 Christus

78 2059 310 2109 Redemptor
330 2065 473 2105 noster,
497 2061 703 2107 requisitus
721 2060 917 2108 quodnam
933 2065 1032 2096 esset
1047 2061 1270 2097 mandatum
1290 2072 1368 2097 ma-

75 2122 193 2158 gnum
212 2112 251 2148 in
270 2112 381 2160 Lege,
401 2112 601 2160 respondit
620 2112 759 2149 Matth.
789 2112 898 2158 XXII,
922 2114 964 2149 37
980 2117 1018 2149 et
1034 2122 1139 2160 seqq.
1159 2124 1166 2148 :
1190 2127 1205 2146 ι
1227 2113 1368 2161 Diliges

76 2164 283 2202 Dominum
309 2166 430 2202 Deum
455 2169 566 2201 tuum
599 2176 644 2202 ex
672 2170 752 2202 toto
777 2165 990 2211 cordetuo,
1013 2170 1051 2201 et
1071 2166 1109 2202 in
1132 2170 1212 2202 tota
1239 2167 1368 2203 anima

78 2221 157 2261 tua,
185 2220 223 2253 et
249 2218 288 2253 in
317 2221 398 2254 tota
426 2223 554 2255 mente
587 2223 665 2255 tua.
697 2219 774 2255 Hoc
797 2223 853 2255 est
881 2219 1099 2255 maximum
1126 2223 1163 2254 et
1197 2220 1366 2266 primum

74 2269 319 2307 mandatum.
345 2271 563 2308 Secundum
584 2276 714 2309 autem
731 2271 857 2308 simile
876 2276 936 2307 est
947 2271 1036 2308 huic
1052 2283 1060 2307 :
1083 2272 1224 2319 Diliges
1241 2273 1366 2319 proxi·

74 2331 184 2360 mum
202 2327 317 2360 tuum
334 2324 487 2361 sicutte
508 2325 651 2372 ipsum.
675 2338 683 2354 ι
