1584 2569
365 134 447 161 Aur.
482 136 521 161 u.
556 136 599 160 nn
626 136 819 162 RELIGIONE
846 137 1029 163 inrmuom
1286 130 1353 165 143

63 212 239 247 firmatur
264 209 304 245 in
329 207 486 245 homine
515 208 660 256 opinio,
690 208 793 256 quod
826 209 926 245 Deus
953 210 1003 245 sit
1028 221 1144 258 supra
1172 221 1286 247 omne
1313 211 1351 247 id

61 263 164 310 quod
184 261 345 310 cogitari
365 265 503 309 potest.
520 281 565 287 -
578 260 682 297 Adde
700 261 802 308 quod
821 272 891 309 per
909 261 1134 309 hujusmodi
1155 263 1352 300 revelatio·

42 312 47 317 ’
62 327 149 353 nem
167 314 392 362 reprimitur
410 313 581 350 humana
601 315 868 362 praesumptio,
888 328 907 347 «
929 325 1015 362 quae
1035 320 1091 351 est
1109 321 1232 352 mater
1249 327 1353 352 erro-

61 371 124 406 ris.
148 368 244 405 Sunt
261 368 365 404 enim
382 366 540 414 quidam
562 371 713 402 tantum
734 366 780 403 de
800 378 868 403 suo
885 368 1039 415 ingenio
1059 374 1349 416 praesumenteS,

61 427 102 460 ut
124 425 246 458 totam
272 419 442 456 divinam
472 424 651 455 naturam
674 431 711 456 se
733 424 913 467 reputent
933 432 1001 457 suo
1023 421 1218 458 intellectu
1241 433 1352 470 posse

62 475 208 519 metiri;
230 473 465 510 aestimantes
486 473 629 509 scilicet
650 477 777 509 totum
804 484 884 510 esse
906 484 1039 510 verum
1057 474 1160 522 quod
1178 475 1231 511 eis
1247 476 1351 512 vide-

61 533 124 564 tur
139 531 176 564 et
193 526 331 563 salsum
349 525 452 572 quod
470 526 523 562 eis
543 536 620 561 non
635 525 798 562 videtur.
812 526 860 562 Ut
878 537 967 574 ergo
986 527 1034 563 ab
1054 527 1126 564 hac
1141 538 1351 576 praesump·

60 582 164 617 tione
175 579 369 616 humanus
382 578 534 615 animus
554 579 751 623 liberatus,
768 579 816 615 ad
830 579 1046 616 modestam
1060 581 1350 627 inquisitionem

59 633 229 671 veritatis
239 632 449 680 perveniat,
462 632 719 668 necessarium
732 631 802 667 fuit
820 631 968 668 homini
986 634 1149 680 proponi
1170 633 1349 681 quaedam

58 687 255 730 divinitus,
283 695 369 732 quae
397 685 554 720 omnino
584 684 819 721 intellectum
841 685 922 725 ejus
949 686 1188 722 excederent.
1210 700 1229 719 »
1255 707 1298 712 —
1320 686 1348 723 1.

59 740 201 777 Contra
217 738 392 783 Gentiles,
412 738 502 785 Cap.
525 738 567 783 V,
588 749 625 773 n.
649 740 682 773 2.

103 792 272 839 Denique
293 791 493 838 supposita
520 790 731 827 elevatione
752 790 921 827 hominis
949 791 996 828 ad
1024 792 1199 829 ordinem
1220 803 1350 840 super-

57 845 273 882 naturalem
302 844 436 891 gratiae
466 848 503 879 et
539 843 684 890 gloriae,
714 843 797 880 haec
830 844 1012 880 revelatio
1043 850 1099 881 est
1136 846 1350 883 necessaria

59 898 245 942 absolute,
275 901 318 932 ut
348 896 438 932 alibi
471 896 579 931 innui
616 898 688 941 (25,
716 896 789 939 V):
822 908 911 933 nam
941 898 1031 945 quia
1062 898 1194 943 homo,
1216 899 1255 934 in
1276 899 1350 935 hoe

58 956 173 996 statu,
195 948 396 986 ordinatur
412 948 459 984 ad
476 948 597 984 Deum
617 949 715 985 sicut
735 948 782 985 ad
799 950 1007 996 quemdam
1028 952 1145 987 finem
1166 951 1231 998 qui
1246 962 1349 988 com-

56 1002 350 1052 prehensionem
370 1001 530 1037 rationis
549 1000 711 1046 excedit,
730 1006 768 1038 et
794 1003 881 1038 finis
900 1002 1012 1039 debet
1038 1014 1117 1040 esse
1136 1005 1350 1052 praecogni-

57 1062 118 1093 tus
151 1055 300 1092 homini
335 1058 378 1090 ut
414 1054 453 1090 in
492 1054 618 1101 ipsum
651 1055 883 1091 intentiones
915 1060 953 1092 et
984 1057 1153 1093 actiones
1191 1056 1347 1104 dirigat,

55 1107 314 1145 necessarium
334 1106 407 1142 fuit
426 1105 474 1142 ad
503 1106 667 1142 salutem
690 1111 731 1142 ut
751 1107 784 1142 ei
806 1112 897 1143 nota
917 1108 1052 1144 fierent
1075 1108 1254 1155 quaedam
1283 1120 1350 1157 per

57 1161 227 1197 divinam
245 1159 518 1196 revelationem
533 1169 619 1205 quae
641 1160 830 1196 rationem
850 1160 1060 1197 humanam
1083 1162 1284 1198 excedunt.
1304 1183 1348 1189 —-

58 1214 198 1250 Contra
217 1211 393 1256 Gentiles,
412 1211 492 1247 Lib.
513 1212 541 1255 I,
558 1212 649 1259 Cap.
670 1212 734 1256 111,
757 1213 803 1247 IV
818 1217 854 1248 et
874 1213 922 1258 V;
939 1214 979 1250 P.
994 1214 1021 1256 1,
1036 1215 1106 1255 Qu.
1129 1214 1157 1259 Ι,
1184 1215 1299 1251 Artic.
1318 1216 1346 1251 1.

58 1287 99 1293 —
118 1266 216 1301 Deus
237 1265 357 1312 igitur
372 1268 494 1310 potest
511 1264 691 1309 revelare,
712 1265 811 1300 Deus
832 1267 1180 1303 convenientissime
1206 1268 1349 1304 revelat

55 1330 144 1355 suas
163 1318 341 1354 veritates
357 1320 439 1352 tum
461 1316 605 1352 ordinis
625 1317 825 1363 naturalis,
848 1322 931 1354 tum
952 1319 1097 1355 ordinis
1120 1326 1348 1367 supernatu-

54 1371 170 1407 ralis:
192 1381 269 1417 qua
287 1368 518 1405 revelatione
540 1380 609 1405 nos
630 1369 861 1417 indigemus.
883 1371 981 1419 Ergo
999 1372 1239 1408 strictissimo
1261 1373 1348 1409 reli—

55 1423 180 1471 gionis
202 1422 327 1458 officio
349 1426 526 1457 tenemur
545 1421 691 1458 credere
711 1423 933 1459 firmissima
952 1423 1027 1460 fide
1047 1424 1123 1461 Deo
1147 1426 1345 1462 revelanti.

52 1477 181 1512 Primo
199 1474 355 1522 quidem
376 1475 524 1511 ratione
546 1475 714 1522 generali
736 1475 1001 1523 dependentiae
1021 1482 1164 1514 nostrae
1187 1489 1209 1514 a
1232 1478 1345 1516 Crea-

56 1535 147 1565 tore.
168 1527 311 1564 Deinde
332 1528 480 1563 ratione
506 1528 782 1575 specialissima
802 1539 888 1576 quae
916 1540 1078 1577 sequens
1105 1534 1173 1567 est.
1194 1531 1346 1568 Etenim

52 1586 118 1617 aut
136 1585 310 1617 tenemus
321 1580 442 1616 Deum
454 1591 536 1617 esse
554 1591 751 1617 summum
768 1592 901 1618 verum
914 1593 1141 1630 summeque
1154 1594 1344 1630 veracem,

51 1638 120 1671 aut
138 1644 259 1671 secus.
279 1633 317 1669 Si
339 1634 522 1680 primum,
538 1635 737 1670 verissima
757 1636 968 1671 necessario
990 1640 1080 1671 sunt
1091 1646 1178 1683 quae
1199 1637 1245 1672 ab
1261 1638 1345 1684 ipso

50 1687 161 1723 nobis
178 1697 247 1734 per
256 1686 530 1723 revelationem
545 1687 747 1733 dicuntur;
767 1692 804 1723 et
818 1693 1097 1734 consequenter
1111 1700 1155 1725 ea
1174 1701 1252 1725 non
1267 1701 1347 1726 am-

51 1739 266 1787 plectendo,
288 1743 418 1786 aperte
446 1739 746 1775 contradicimus
771 1741 938 1786 veritati,
962 1746 1000 1776 et
1025 1741 1139 1777 simul
1161 1742 1345 1789 injuriam

50 1792 267 1839 irrogamus
281 1791 442 1827 rationis
456 1796 598 1827 nostrae
610 1797 771 1837 naturae,
785 1797 823 1828 et
838 1793 915 1829 Deo
931 1804 1083 1830 summo
1095 1805 1183 1830 vero
1196 1799 1233 1830 et
1248 1794 1343 1830 fonti

51 1845 169 1881 totius
193 1844 378 1880 veritatis.
408 1843 446 1879 Si
473 1844 650 1889 alterum,
676 1844 962 1881 dehonoramus
990 1846 1111 1882 Deum
1138 1858 1213 1882 non
1245 1851 1345 1883 recte

51 1898 257 1933 sentientes
271 1895 318 1932 de
338 1897 434 1943 ipso,
454 1900 632 1943 putantes
650 1907 787 1944 nempe
803 1908 879 1933 non
900 1908 982 1933 esse
1004 1899 1130 1945 ipsum
1145 1909 1343 1935 summurn

49 1961 183 1987 verum
225 1954 261 1986 et
287 1949 366 1985 falli
395 1954 461 1986 aut
492 1949 622 1986 fallere
649 1960 772 1997 posse.
803 1971 848 1976 —
883 1951 977 1986 Hinc
1008 1951 1257 1987 manifestum
1287 1957 1345 1988 est

0 2016 5 2023 ·
49 1999 195 2049 q'uanta
211 2002 514 2038 contradictione
538 2002 685 2038 laboret
703 2003 826 2038 Julius
845 2003 978 2039 Simon
1006 2004 1044 2039 in
1071 2004 1148 2040 suis
1168 2004 1288 2049 libris,
1313 2005 1344 2041 le

47 2055 200 2098 Devoir,
213 2055 252 2090 la
268 2053 434 2099 Liberle',
449 2054 487 2090 la
503 2055 680 2101 Reliqion
691 2055 890 2100 natm-elle,
904 2056 1127 2092 sustinendo
1146 2057 1344 2105 religionis

49 2107 235 2144 naturalis
276 2108 556 2152 necessitatem,
599 2112 636 2143 et
677 2108 793 2144 simul
828 2107 1076 2145 detrectando
1115 2109 1343 2157 religionem

48 2161 252 2207 positivam
279 2160 500 2197 revelatam.
531 2161 682 2197 Etenim
710 2161 741 2196 si
777 2159 966 2208 dependet
993 2166 1132 2199 natura
1161 2167 1293 2199 nostra
1320 2172 1345 2201 a

12 2248 22 2258 ,
48 2213 139 2258 Deo,
166 2213 205 2248 in
226 2213 407 2249 omnibus
437 2213 650 2261 dependeat
678 2224 835 2249 necesse
862 2219 937 2260 est3
970 2215 1002 2250 si
1030 2226 1107 2251 non
1138 2215 1342 2263 dependet,

5 2275 20 2288 -”
50 2269 116 2301 aut
127 2265 210 2301 haec
222 2264 478 2313 dependentia
492 2266 539 2302 ad
561 2266 717 2302 libitum
735 2270 877 2302 nostrae
898 2268 1059 2303 rationis
1080 2273 1340 2314 mensuratur,

49 2328 173 2367 neque
193 2318 328 2366 religio
345 2319 532 2355 naturalis
551 2319 737 2364 subsistit,
755 2319 844 2366 quia
866 2331 942 2355 non
959 2321 1150 2357 rationem
1169 2326 1342 2359 nostram

52 2371 141 2417 Deo,
157 2370 223 2408 sed
239 2371 360 2408 Deum
378 2372 518 2408 rationi
537 2377 681 2409 nostrae
699 2383 828 2409 revera
845 2373 1082 2423 subjicimus,
1095 2378 1133 2411 et
1151 2375 1342 2412 rationem
