1554 2569
131 121 172 153 84
214 131 343 154 ΕΤΗΙΟΑ.
368 131 431 153 LIB·
455 131 490 153 11.
515 130 588 153 CAP.
612 130 646 152 ΙΙ.
672 129 712 152 ΒΕ
736 129 872 152 Achus
902 128 1045 152 nunnius
1069 129 1100 150 IN
1124 128 1255 160 omnim,
1279 128 1351 152 ETC.

132 198 234 245 apud
245 199 371 234 Deum
383 209 466 234 esse
478 208 553 233 non
565 201 690 244 potest
704 197 749 232 de
762 207 830 232 con
838 196 952 241 diqno
967 206 1012 231 ex
1025 195 1153 241 rigore
1160 195 1332 241 justitiae,
1344 195 1411 231 sed

130 250 340 287 secundum
359 250 745 297 praesuppositionem
761 249 900 285 divinae
916 248 1184 294 ordinationis,
1203 249 1276 286 hoc
1291 255 1348 287 est
1367 262 1412 288 ex

130 303 403 349 condt'qnz‘tale‚
425 303 479 338 ita
498 296 654 347 scilicet,
673 306 715 337 ut
738 301 775 336 id
796 300 913 337 homo
934 306 1191 348 consequatur
1210 312 1232 338 a
1251 302 1326 339 Deo
1347 315 1414 352 per

130 365 238 391 suam
260 355 538 402 operationem.
559 354 668 401 quasi
689 352 917 398 mercedem,
936 352 983 389 ad
1004 353 1107 400 quod
1126 354 1225 389 Deus
1245 355 1279 391 ei
1299 355 1415 391 virtu-

133 413 208 443 tem
229 407 414 455 operandi
434 407 644 454 deputavit.
662 406 790 452 Neque
811 416 857 442 ex
877 416 921 441 eo
949 405 1053 452 quod
1079 405 1268 453 quidquid
1286 408 1324 443 in
1347 408 1413 444 ho-

131 462 233 497 mine
247 466 316 505 est,
336 472 358 496 a
376 461 452 496 Deo
470 461 519 496 sit
543 465 580 496 et
599 460 675 495 Deo
697 459 894 504 debeatur,
916 460 1090 506 sequitur
1109 461 1263 507 negatio
1284 462 1412 509 cujus-

130 525 203 560 que
226 514 353 550 meriti
375 513 543 548 hominis
568 512 672 559 apud
692 512 826 556 Deum,
848 512 939 558 quia
960 526 975 545 ‹
1003 511 1135 557 homo,
1164 513 1202 547 in
1223 517 1412 559 quantum

132 566 287 613 propria
301 565 496 601 voluntate
512 565 600 601 facit
622 563 728 609 illud,
751 563 854 610 quod
873 563 998 609 debet,
1019 569 1212 600 meretur:
1241 565 1411 613 alioquin

131 623 236 655 actus
247 619 409 665 justitiae
421 629 497 664 quo
512 619 597 664 quis
609 617 735 653 reddit
747 616 933 661 debitum,
946 628 1023 653 non
1036 622 1133 653 essct
1147 618 1380 655 meritorius.
1396 634 1411 652 ι

131 690 175 697 -
191 670 290 707 Ibz‘d.
307 671 377 713 Qu.
399 671 520 715 CXIV,
541 670 655 705 Artic.
676 669 703 714 1,
723 680 826 715 corp.
846 674 883 704 et
903 669 950 705 ad
972 671 1003 705 1.

523 787 782 823 An⁷r1eULus
809 787 1024 829 QUARTUS

737 870 810 914 (19)

202 954 257 989 De
277 953 326 988 iis
347 963 430 998 quse
448 952 615 997 mlluunt
636 951 678 986 in
698 951 959 986 voluntarium
978 956 1145 997 exparte
1164 953 1343 989 rationis.

178 1048 206 1082 Ι.
220 1048 270 1083 De
283 1049 425 1082 natura
437 1045 663 1081 voluntarii.
678 1045 794 1080 Actus
807 1045 1060 1090 voluntarius,
1077 1056 1142 1081 seu
1157 1046 1416 1083 voluntarium

131 1099 390 1135 communiter
406 1097 588 1133 definitur
604 1107 691 1133 cum
712 1097 748 1132 S.
780 1096 928 1132 Tlioma
949 1108 957 1132 ς
982 1096 1089 1142 Quod
1099 1103 1151 1133 est
1167 1110 1191 1134 α
1213 1099 1415 1146 principio

132 1152 335 1187 intrinseco
354 1161 438 1187 cum
454 1150 668 1196 cognitione
686 1150 791 1197 sinis.
814 1150 935 1191 Quam
953 1149 1216 1186 definitionem
1233 1151 1286 1186 ita
1300 1152 1417 1199 expli-

131 1209 192 1239 cat
215 1203 251 1239 S.
282 1203 422 1239 Doctor
444 1213 451 1238 :
477 1216 493 1234 ‹
516 1201 779 1244 Quorumdam
805 1206 961 1237 actuum
990 1212 1055 1237 seu
1073 1207 1251 1238 motuum
1265 1204 1417 1250 princi-

131 1257 237 1297 pium
253 1260 311 1292 est
331 1255 372 1290 in
386 1259 527 1301 agente,
551 1265 616 1290 seu
644 1254 685 1289 in
711 1265 765 1299 e0‚
792 1253 893 1300 quod
922 1259 1097 1290 movetur
1117 1265 1126 1290 :
1158 1256 1416 1301 quorumdam

132 1314 260 1345 autem
275 1313 467 1352 motuum,
484 1308 542 1343 vel
556 1312 711 1343 actuum
728 1307 969 1353 principium
988 1311 1046 1343 est
1064 1312 1184 1343 extra.
1201 1308 1295 1343 Cum
1313 1309 1416 1344 enim

131 1362 229 1408 lapis
254 1364 432 1396 movetur
448 1370 615 1404 sursum,
638 1359 870 1406 principium
891 1358 1006 1405 hujus
1027 1359 1209 1394 motionis
1230 1364 1287 1395 est
1306 1365 1417 1396 extra

133 1413 313 1461 lapidem,
336 1412 414 1457 sed⁷
436 1423 523 1448 cum
544 1416 719 1448 movetur
738 1411 930 1454 deorsum,
950 1412 1181 1459 principium
1202 1412 1316 1459 hujus
1335 1424 1417 1449 mo-

133 1466 248 1502 tionis
274 1469 331 1501 est
360 1467 399 1500 in
423 1465 506 1512 ipso
538 1463 678 1511 lapide.
711 1464 853 1499 Eorum
879 1468 1022 1508 autem,
1057 1474 1142 1510 quae
1171 1475 1193 1500 a
1228 1465 1416 1512 principio

134 1518 339 1553 intrinseco
355 1521 571 1561 moventur,
583 1515 761 1563 quaedam
776 1520 932 1551 movent
946 1516 1082 1563 seipsa,
1093 1516 1272 1562 quaedam
1287 1522 1417 1554 autem

134 1582 224 1606 non.
252 1570 346 1606 Cum
374 1570 476 1605 enim
503 1579 616 1605 omne
637 1580 766 1616 agens,
789 1579 854 1604 seu
875 1573 1039 1612 motum,
1067 1573 1156 1616 agat
1178 1580 1244 1605 seu
1270 1580 1418 1606 movea-

134 1628 197 1658 tur
213 1627 370 1670 propter
389 1623 520 1666 finem,
543 1626 585 1656 ut
601 1632 717 1668 supra
738 1621 915 1656 habitum
936 1626 992 1656 est
1013 1622 1062 1666 (2,
1082 1622 1142 1665 ΙΙ),
1169 1621 1233 1657 illa
1254 1622 1418 1669 perfecte

134 1679 337 1712 moventur
352 1685 374 1710 a
387 1674 575 1721 principio
593 1674 811 1718 intrinseco,
830 1673 869 1708 in
883 1673 1022 1720 quibus
1037 1679 1092 1709 est
1107 1673 1262 1720 aliquod
1281 1675 1417 1710 intrin-

133 1738 252 1765 secum
266 1728 520 1774 principium,
539 1737 616 1762 non
637 1726 762 1761 solum
783 1730 825 1761 ut
839 1730 1077 1769 moveantur,
1097 1725 1162 1762 sed
1177 1731 1220 1761 ut
1239 1737 1418 1763 movean-

135 1786 197 1816 tur
216 1781 255 1816 in
272 1781 402 1815 finem.
423 1779 478 1814 Ad
499 1778 572 1815 hoc
592 1783 721 1814 autem
742 1778 844 1825 quod
862 1779 931 1814 fiat
953 1778 1098 1825 aliquid
1125 1783 1284 1825 propter
1300 1780 1417 1815 finem

134 1833 343 1879 requiritur
367 1832 535 1878 cognitio
568 1832 655 1867 finis
684 1831 872 1877 aliqualis.
904 1830 1181 1877 Quodcumque
1212 1832 1330 1878 igitur
1366 1833 1418 1868 sic

135 1887 227 1933 agit,
241 1885 301 1921 vel
320 1888 498 1920 movetur
511 1894 533 1919 a
552 1884 740 1930 principio
761 1884 981 1928 intrinseco,
997 1883 1101 1930 quod
1116 1883 1231 1919 habet
1248 1883 1417 1930 aliquam

135 1938 315 1973 notitiam
337 1937 437 1982 finis,
460 1936 576 1972 habet
597 1937 635 1971 in
656 1937 779 1983 seipso
804 1936 1036 1983 principium
1056 1936 1113 1971 sui
1132 1941 1238 1971 actus
1265 1947 1342 1972 non
1362 1947 1426 1980 so-¹

135 1990 216 2025 lum
235 1994 278 2025 ut
297 1994 401 2036 agat,
420 1989 484 2025 sed
503 1989 619 2025 etiam
640 1993 682 2024 ut
699 1992 788 2036 agat
812 1992 969 2035 propter
987 1989 1117 2023 finem.
1142 2002 1158 2019 ν
1188 2008 1231 2014 -
1253 1989 1330 2024 Hoc
1349 1982 1426 2036 igi-ff

136 2048 198 2077 tur
209 2042 371 2078 dicimus
386 2041 645 2077 voluntarium
660 2052 668 2076 2
685 2040 810 2087 cujus,
824 2040 979 2085 scilicet,
990 2040 1230 2086 principium
1241 2045 1293 2074 est
1314 2041 1420 2076 intra

135 2106 219 2130 cum
238 2094 457 2140 cognitione
477 2094 581 2140 sinis.
600 2114 645 2119 —-
666 2094 746 2138 1-11,
766 2093 835 2134 Qu.
857 2093 918 2137 vl,
939 2093 1054 2128 Artic.
1077 2093 1104 2127 Ι.

181 2148 229 2183 11.
262 2147 476 2183 Divisiones
503 2147 731 2182 voluntarii.
761 2145 1028 2181 voluntarium
1060 2144 1186 2180 varias
1213 2144 1418 2181 divisiones

136 2199 265 2244 subit3
287 2199 499 2246 praeoipuas
517 2198 656 2234 referre
676 2198 859 2234 debemus
885 2201 1092 2244 antequam
1115 2196 1163 2232 ad
1187 2197 1419 2243 quaestiones

136 2252 348 2288 veniamus.

190 2304 456 2340 Voluntarium
470 2303 680 2350 perfectum
702 2308 734 2339 et
755 2303 1026 2350 imperfectum.
1047 2303 1191 2338 Natura
1213 2302 1418 2338 voluntarii

140 2357 193 2395 est
207 2356 310 2405 quod
327 2357 376 2393 sit
389 2367 412 2393 a
427 2356 615 2404 principio
636 2357 842 2394 intrinseco
860 2367 946 2394 eum
964 2354 1179 2404 coquitione
1193 2355 1297 2402 finis.
1319 2354 1417 2401 Ergo
