<?xml version="1.0" encoding="UTF-8"?>
<!DOCTYPE html PUBLIC "-//W3C//DTD XHTML 1.0 Transitional//EN"
    "http://www.w3.org/TR/xhtml1/DTD/xhtml1-transitional.dtd">
<html xmlns="http://www.w3.org/1999/xhtml" xml:lang="en" lang="en">
 <head>
  <title>
</title>
<meta http-equiv="Content-Type" content="text/html;charset=utf-8" />
  <meta name='ocr-system' content='tesseract 3.04.00' />
  <meta name='ocr-capabilities' content='ocr_page ocr_carea ocr_par ocr_line ocrx_word'/>
</head>
<body>
  <div class='ocr_page' id='page_1' title='image "./summaphilosophic03zigluoft_0324.png"; bbox 0 0 1584 2569; ppageno 0'>
   <div class='ocr_carea' id='block_1_1' title="bbox 226 113 1503 153">
    <p class='ocr_par' dir='ltr' id='par_1_1' title="bbox 226 113 1503 153">
     <span class='ocr_line' id='line_1_1' title="bbox 226 113 1503 153; baseline 0.004 -6"><span class='ocrx_word' id='word_1_1' title='bbox 226 113 293 147; x_wconf 76' lang='lat'>314</span> <span class='ocrx_word' id='word_1_2' title='bbox 318 120 376 147; x_wconf 80' lang='lat' dir='ltr'>JUS</span> <span class='ocrx_word' id='word_1_3' title='bbox 391 120 557 147; x_wconf 68' lang='lat' dir='ltr'>NATURAE.</span> <span class='ocrx_word' id='word_1_4' title='bbox 580 119 651 147; x_wconf 73' lang='lat' dir='ltr'>un.</span> <span class='ocrx_word' id='word_1_5' title='bbox 671 121 710 146; x_wconf 87' lang='lat' dir='ltr'>u.</span> <span class='ocrx_word' id='word_1_6' title='bbox 732 120 810 147; x_wconf 78' lang='lat' dir='ltr'>CAP.</span> <span class='ocrx_word' id='word_1_7' title='bbox 834 121 869 145; x_wconf 85' lang='lat' dir='ltr'>V.</span> <span class='ocrx_word' id='word_1_8' title='bbox 889 121 932 147; x_wconf 86' lang='lat' dir='ltr'>DE</span> <span class='ocrx_word' id='word_1_9' title='bbox 953 122 1079 147; x_wconf 74' lang='lat' dir='ltr'><strong>MUTCIS</strong></span> <span class='ocrx_word' id='word_1_10' title='bbox 1099 123 1286 150; x_wconf 70' lang='lat' dir='ltr'>RELA‘rtoN.</span> <span class='ocrx_word' id='word_1_11' title='bbox 1306 125 1407 150; x_wconf 68' lang='lat' dir='ltr'>mma</span> <span class='ocrx_word' id='word_1_12' title='bbox 1427 126 1503 153; x_wconf 74' lang='lat' dir='ltr'>Ere.</span> 
     </span>
    </p>
   </div>
   <div class='ocr_carea' id='block_1_2' title="bbox 222 190 1514 2404">
    <p class='ocr_par' dir='ltr' id='par_1_2' title="bbox 222 190 1507 292">
     <span class='ocr_line' id='line_1_2' title="bbox 225 190 1507 241; baseline 0.004 -13"><span class='ocrx_word' id='word_1_13' title='bbox 225 193 348 241; x_wconf 84' lang='lat' dir='ltr'>magis</span> <span class='ocrx_word' id='word_1_14' title='bbox 377 195 561 239; x_wconf 80' lang='lat' dir='ltr'><strong>appareat</strong></span> <span class='ocrx_word' id='word_1_15' title='bbox 588 192 687 228; x_wconf 90' lang='lat' dir='ltr'>ratio</span> <span class='ocrx_word' id='word_1_16' title='bbox 715 190 966 235; x_wconf 78' lang='lat' dir='ltr'>ethnarchioe,</span> <span class='ocrx_word' id='word_1_17' title='bbox 998 203 1086 239; x_wconf 82' lang='lat' dir='ltr'>quae</span> <span class='ocrx_word' id='word_1_18' title='bbox 1114 193 1313 231; x_wconf 74' lang='lat' dir='ltr'>catholiam</span> <span class='ocrx_word' id='word_1_19' title='bbox 1333 197 1507 233; x_wconf 64' lang='lat' dir='ltr'>Ecclesiae</span> 
     </span>
     <span class='ocr_line' id='line_1_3' title="bbox 222 243 874 292; baseline -0.005 -9"><span class='ocrx_word' id='word_1_20' title='bbox 222 245 420 292; x_wconf 80' lang='lat' dir='ltr'>competit..</span> <span class='ocrx_word' id='word_1_21' title='bbox 438 245 492 281; x_wconf 91' lang='lat' dir='ltr'>Sit</span> <span class='ocrx_word' id='word_1_22' title='bbox 518 244 633 291; x_wconf 87' lang='lat' dir='ltr'>igitur</span> <span class='ocrx_word' id='word_1_23' title='bbox 648 243 842 280; x_wconf 84' lang='lat' dir='ltr'><strong>conclusio</strong></span> <span class='ocrx_word' id='word_1_24' title='bbox 865 255 874 280; x_wconf 77' lang='lat' dir='ltr'><em>z</em></span> 
     </span>
    </p>

    <p class='ocr_par' dir='ltr' id='par_1_3' title="bbox 223 296 1512 1181">
     <span class='ocr_line' id='line_1_4' title="bbox 269 296 1508 345; baseline 0.003 -10"><span class='ocrx_word' id='word_1_25' title='bbox 269 298 316 335; x_wconf 89' lang='lat'>11.</span> <span class='ocrx_word' id='word_1_26' title='bbox 336 297 448 334; x_wconf 82' lang='lat' dir='ltr'>Nullo</span> <span class='ocrx_word' id='word_1_27' title='bbox 465 297 575 333; x_wconf 85' lang='lat' dir='ltr'>modo</span> <span class='ocrx_word' id='word_1_28' title='bbox 595 296 765 333; x_wconf 81' lang='lat' dir='ltr'><strong>Ecclesia</strong></span> <span class='ocrx_word' id='word_1_29' title='bbox 785 297 980 334; x_wconf 89' lang='lat' dir='ltr'>catholica</span> <span class='ocrx_word' id='word_1_30' title='bbox 1001 298 1131 335; x_wconf 84' lang='lat' dir='ltr'>Statui</span> <span class='ocrx_word' id='word_1_31' title='bbox 1150 300 1269 345; x_wconf 83' lang='lat' dir='ltr'>civili,</span> <span class='ocrx_word' id='word_1_32' title='bbox 1292 301 1359 338; x_wconf 86' lang='lat' dir='ltr'>sed</span> <span class='ocrx_word' id='word_1_33' title='bbox 1374 301 1508 339; x_wconf 70' lang='lat' dir='ltr'>Status</span> 
     </span>
     <span class='ocr_line' id='line_1_5' title="bbox 224 349 1509 392; baseline 0.002 -4"><span class='ocrx_word' id='word_1_34' title='bbox 224 352 351 388; x_wconf 84' lang='lat' dir='ltr'>civilis</span> <span class='ocrx_word' id='word_1_35' title='bbox 366 353 507 387; x_wconf 84' lang='lat' dir='ltr'>natura</span> <span class='ocrx_word' id='word_1_36' title='bbox 527 359 596 385; x_wconf 79' lang='lat' dir='ltr'>sua</span> <span class='ocrx_word' id='word_1_37' title='bbox 616 352 677 385; x_wconf 78' lang='lat' dir='ltr'>est</span> <span class='ocrx_word' id='word_1_38' title='bbox 693 349 876 387; x_wconf 71' lang='lat' dir='ltr'>Ecclesiae</span> <span class='ocrx_word' id='word_1_39' title='bbox 896 350 1098 388; x_wconf 74' lang='lat' dir='ltr'>catholicae</span> <span class='ocrx_word' id='word_1_40' title='bbox 1119 352 1404 390; x_wconf 82' lang='lat' dir='ltr'>subordinatus.</span> <span class='ocrx_word' id='word_1_41' title='bbox 1422 355 1509 392; x_wconf 79' lang='lat' dir='ltr'>Haec</span> 
     </span>
     <span class='ocr_line' id='line_1_6' title="bbox 223 401 1510 452; baseline 0.002 -11"><span class='ocrx_word' id='word_1_42' title='bbox 223 403 435 452; x_wconf 85' lang='lat' dir='ltr'>propositio</span> <span class='ocrx_word' id='word_1_43' title='bbox 468 403 514 438; x_wconf 91' lang='lat' dir='ltr'>de</span> <span class='ocrx_word' id='word_1_44' title='bbox 552 401 652 438; x_wconf 90' lang='lat' dir='ltr'>facili</span> <span class='ocrx_word' id='word_1_45' title='bbox 684 402 885 449; x_wconf 81' lang='lat' dir='ltr'>probatur,</span> <span class='ocrx_word' id='word_1_46' title='bbox 927 404 958 439; x_wconf 90' lang='lat' dir='ltr'>si</span> <span class='ocrx_word' id='word_1_47' title='bbox 1001 404 1040 440; x_wconf 90' lang='lat' dir='ltr'>in</span> <span class='ocrx_word' id='word_1_48' title='bbox 1079 409 1248 442; x_wconf 85' lang='lat' dir='ltr'><strong>mentem</strong></span> <span class='ocrx_word' id='word_1_49' title='bbox 1285 411 1510 444; x_wconf 87' lang='lat' dir='ltr'>revocentur</span> 
     </span>
     <span class='ocr_line' id='line_1_7' title="bbox 224 455 1508 505; baseline 0.002 -11"><span class='ocrx_word' id='word_1_50' title='bbox 224 457 408 505; x_wconf 86' lang='lat' dir='ltr'>principia</span> <span class='ocrx_word' id='word_1_51' title='bbox 436 465 522 503; x_wconf 78' lang='lat' dir='ltr'>quae</span> <span class='ocrx_word' id='word_1_52' title='bbox 558 455 596 490; x_wconf 90' lang='lat' dir='ltr'>in</span> <span class='ocrx_word' id='word_1_53' title='bbox 633 455 761 502; x_wconf 88' lang='lat' dir='ltr'>Capite</span> <span class='ocrx_word' id='word_1_54' title='bbox 800 456 1038 502; x_wconf 83' lang='lat' dir='ltr'>praecedente</span> <span class='ocrx_word' id='word_1_55' title='bbox 1079 457 1366 498; x_wconf 87' lang='lat' dir='ltr'>declaravimus.</span> <span class='ocrx_word' id='word_1_56' title='bbox 1400 462 1508 498; x_wconf 83' lang='lat' dir='ltr'>Ratio</span> 
     </span>
     <span class='ocr_line' id='line_1_8' title="bbox 224 507 1511 551; baseline 0.003 -4"><span class='ocrx_word' id='word_1_57' title='bbox 224 512 325 547; x_wconf 88' lang='lat' dir='ltr'>enim</span> <span class='ocrx_word' id='word_1_58' title='bbox 346 521 412 546; x_wconf 90' lang='lat' dir='ltr'>seu</span> <span class='ocrx_word' id='word_1_59' title='bbox 443 512 583 545; x_wconf 90' lang='lat' dir='ltr'>natura</span> <span class='ocrx_word' id='word_1_60' title='bbox 618 507 949 546; x_wconf 88' lang='lat' dir='ltr'>subordinationis</span> <span class='ocrx_word' id='word_1_61' title='bbox 974 511 1201 548; x_wconf 83' lang='lat' dir='ltr'>societatum</span> <span class='ocrx_word' id='word_1_62' title='bbox 1231 523 1276 548; x_wconf 85' lang='lat' dir='ltr'>ex</span> <span class='ocrx_word' id='word_1_63' title='bbox 1303 513 1377 550; x_wconf 87' lang='lat' dir='ltr'>fine</span> <span class='ocrx_word' id='word_1_64' title='bbox 1401 514 1511 551; x_wconf 86' lang='lat' dir='ltr'>abso-</span> 
     </span>
     <span class='ocr_line' id='line_1_9' title="bbox 223 559 1509 604; baseline 0.002 -3"><span class='ocrx_word' id='word_1_65' title='bbox 223 566 302 601; x_wconf 92' lang='lat' dir='ltr'>lute</span> <span class='ocrx_word' id='word_1_66' title='bbox 327 562 475 600; x_wconf 87' lang='lat' dir='ltr'><strong>desumi</strong></span> <span class='ocrx_word' id='word_1_67' title='bbox 496 559 608 596; x_wconf 85' lang='lat' dir='ltr'>debet</span> <span class='ocrx_word' id='word_1_68' title='bbox 630 571 638 596; x_wconf 88' lang='lat'>:</span> <span class='ocrx_word' id='word_1_69' title='bbox 669 571 756 596; x_wconf 90' lang='lat' dir='ltr'>cum</span> <span class='ocrx_word' id='word_1_70' title='bbox 777 562 879 598; x_wconf 88' lang='lat' dir='ltr'>enim</span> <span class='ocrx_word' id='word_1_71' title='bbox 906 566 1046 599; x_wconf 90' lang='lat' dir='ltr'>natura</span> <span class='ocrx_word' id='word_1_72' title='bbox 1076 564 1268 600; x_wconf 88' lang='lat' dir='ltr'>societatis</span> <span class='ocrx_word' id='word_1_73' title='bbox 1292 576 1338 602; x_wconf 83' lang='lat' dir='ltr'>ex</span> <span class='ocrx_word' id='word_1_74' title='bbox 1358 566 1433 603; x_wconf 86' lang='lat' dir='ltr'>fine</span> <span class='ocrx_word' id='word_1_75' title='bbox 1461 567 1509 604; x_wconf 86' lang='lat' dir='ltr'>ad</span> 
     </span>
     <span class='ocr_line' id='line_1_10' title="bbox 224 614 1509 665; baseline 0.002 -12"><span class='ocrx_word' id='word_1_76' title='bbox 224 627 339 665; x_wconf 91' lang='lat' dir='ltr'>quem</span> <span class='ocrx_word' id='word_1_77' title='bbox 358 615 557 652; x_wconf 89' lang='lat' dir='ltr'>ordinatur</span> <span class='ocrx_word' id='word_1_78' title='bbox 573 617 748 660; x_wconf 83' lang='lat' dir='ltr'><strong>exurgat,</strong></span> <span class='ocrx_word' id='word_1_79' title='bbox 768 614 831 650; x_wconf 90' lang='lat' dir='ltr'>ubi</span> <span class='ocrx_word' id='word_1_80' title='bbox 855 616 949 652; x_wconf 85' lang='lat' dir='ltr'>fines</span> <span class='ocrx_word' id='word_1_81' title='bbox 976 615 1140 652; x_wconf 89' lang='lat' dir='ltr'>duarum</span> <span class='ocrx_word' id='word_1_82' title='bbox 1162 618 1392 654; x_wconf 77' lang='lat' dir='ltr'>societatum</span> <span class='ocrx_word' id='word_1_83' title='bbox 1416 620 1509 656; x_wconf 90' lang='lat' dir='ltr'>sub-</span> 
     </span>
     <span class='ocr_line' id='line_1_11' title="bbox 224 665 1511 717; baseline 0.001 -10"><span class='ocrx_word' id='word_1_84' title='bbox 224 669 390 707; x_wconf 84' lang='lat' dir='ltr'>ordinati</span> <span class='ocrx_word' id='word_1_85' title='bbox 408 668 495 712; x_wconf 86' lang='lat' dir='ltr'>sint,</span> <span class='ocrx_word' id='word_1_86' title='bbox 513 665 794 703; x_wconf 72' lang='lat' dir='ltr'>surbordinatoe</span> <span class='ocrx_word' id='word_1_87' title='bbox 814 669 959 715; x_wconf 87' lang='lat' dir='ltr'>pariter</span> <span class='ocrx_word' id='word_1_88' title='bbox 976 668 1115 705; x_wconf 87' lang='lat' dir='ltr'>debent</span> <span class='ocrx_word' id='word_1_89' title='bbox 1135 680 1215 706; x_wconf 88' lang='lat' dir='ltr'>esse</span> <span class='ocrx_word' id='word_1_90' title='bbox 1236 671 1457 717; x_wconf 83' lang='lat' dir='ltr'>societates3</span> <span class='ocrx_word' id='word_1_91' title='bbox 1474 675 1511 708; x_wconf 85' lang='lat' dir='ltr'>et</span> 
     </span>
     <span class='ocr_line' id='line_1_12' title="bbox 225 718 1509 768; baseline 0.001 -9"><span class='ocrx_word' id='word_1_92' title='bbox 225 723 385 759; x_wconf 83' lang='lat' dir='ltr'>societas</span> <span class='ocrx_word' id='word_1_93' title='bbox 400 720 507 767; x_wconf 82' lang='lat' dir='ltr'>cujus</span> <span class='ocrx_word' id='word_1_94' title='bbox 533 719 619 755; x_wconf 80' lang='lat' dir='ltr'>finis</span> <span class='ocrx_word' id='word_1_95' title='bbox 643 718 708 754; x_wconf 84' lang='lat' dir='ltr'>fini</span> <span class='ocrx_word' id='word_1_96' title='bbox 733 719 889 756; x_wconf 90' lang='lat' dir='ltr'>alterius</span> <span class='ocrx_word' id='word_1_97' title='bbox 917 721 1110 757; x_wconf 83' lang='lat' dir='ltr'>societatis</span> <span class='ocrx_word' id='word_1_98' title='bbox 1135 726 1192 758; x_wconf 91' lang='lat' dir='ltr'>est</span> <span class='ocrx_word' id='word_1_99' title='bbox 1219 723 1509 768; x_wconf 87' lang='lat' dir='ltr'>subordinatus,</span> 
     </span>
     <span class='ocr_line' id='line_1_13' title="bbox 225 771 1509 824; baseline 0.001 -12"><span class='ocrx_word' id='word_1_100' title='bbox 225 774 477 813; x_wconf 80' lang='lat' dir='ltr'>subordinata</span> <span class='ocrx_word' id='word_1_101' title='bbox 495 776 533 808; x_wconf 89' lang='lat' dir='ltr'>et</span> <span class='ocrx_word' id='word_1_102' title='bbox 558 773 642 818; x_wconf 85' lang='lat' dir='ltr'>ipsa</span> <span class='ocrx_word' id='word_1_103' title='bbox 663 771 773 808; x_wconf 82' lang='lat' dir='ltr'>alteri</span> <span class='ocrx_word' id='word_1_104' title='bbox 796 777 865 811; x_wconf 91' lang='lat' dir='ltr'>est.</span> <span class='ocrx_word' id='word_1_105' title='bbox 889 773 974 810; x_wconf 86' lang='lat' dir='ltr'>Haec</span> <span class='ocrx_word' id='word_1_106' title='bbox 1001 777 1088 810; x_wconf 90' lang='lat' dir='ltr'>sunt</span> <span class='ocrx_word' id='word_1_107' title='bbox 1108 775 1307 822; x_wconf 87' lang='lat' dir='ltr'>principia,</span> <span class='ocrx_word' id='word_1_108' title='bbox 1328 786 1350 812; x_wconf 89' lang='lat' dir='ltr'>a</span> <span class='ocrx_word' id='word_1_109' title='bbox 1370 776 1509 824; x_wconf 89' lang='lat' dir='ltr'>quibus</span> 
     </span>
     <span class='ocr_line' id='line_1_14' title="bbox 225 823 1509 877; baseline 0 -12"><span class='ocrx_word' id='word_1_110' title='bbox 225 829 256 865; x_wconf 91' lang='lat' dir='ltr'>si</span> <span class='ocrx_word' id='word_1_111' title='bbox 273 827 483 870; x_wconf 84' lang='lat' dir='ltr'><strong>recedatur,</strong></span> <span class='ocrx_word' id='word_1_112' title='bbox 502 823 598 860; x_wconf 86' lang='lat' dir='ltr'>nihil</span> <span class='ocrx_word' id='word_1_113' title='bbox 618 824 783 872; x_wconf 88' lang='lat' dir='ltr'>amplius</span> <span class='ocrx_word' id='word_1_114' title='bbox 816 826 974 877; x_wconf 76' lang='lat' dir='ltr'>firmum</span> <span class='ocrx_word' id='word_1_115' title='bbox 995 827 1033 862; x_wconf 90' lang='lat' dir='ltr'>in</span> <span class='ocrx_word' id='word_1_116' title='bbox 1062 828 1254 864; x_wconf 89' lang='lat' dir='ltr'>societatis</span> <span class='ocrx_word' id='word_1_117' title='bbox 1281 833 1420 865; x_wconf 87' lang='lat' dir='ltr'>natura</span> <span class='ocrx_word' id='word_1_118' title='bbox 1446 829 1509 865; x_wconf 87' lang='lat' dir='ltr'>de-</span> 
     </span>
     <span class='ocr_line' id='line_1_15' title="bbox 225 876 1509 925; baseline 0.001 -8"><span class='ocrx_word' id='word_1_119' title='bbox 225 878 467 918; x_wconf 81' lang='lat' dir='ltr'>terminanda</span> <span class='ocrx_word' id='word_1_120' title='bbox 496 876 682 913; x_wconf 85' lang='lat' dir='ltr'>consistit.</span> <span class='ocrx_word' id='word_1_121' title='bbox 713 878 827 925; x_wconf 83' lang='lat' dir='ltr'>Atqui</span> <span class='ocrx_word' id='word_1_122' title='bbox 857 879 945 915; x_wconf 78' lang='lat' dir='ltr'>sinis</span> <span class='ocrx_word' id='word_1_123' title='bbox 966 879 1168 916; x_wconf 64' lang='lat' dir='ltr'>‘societatis</span> <span class='ocrx_word' id='word_1_124' title='bbox 1200 881 1322 918; x_wconf 83' lang='lat' dir='ltr'>civilis</span> <span class='ocrx_word' id='word_1_125' title='bbox 1351 885 1388 917; x_wconf 90' lang='lat' dir='ltr'>et</span> <span class='ocrx_word' id='word_1_126' title='bbox 1420 883 1509 918; x_wconf 87' lang='lat' dir='ltr'>finis</span> 
     </span>
     <span class='ocr_line' id='line_1_16' title="bbox 225 930 1512 977; baseline -0.001 -6"><span class='ocrx_word' id='word_1_127' title='bbox 225 932 415 971; x_wconf 85' lang='lat' dir='ltr'>societatis</span> <span class='ocrx_word' id='word_1_128' title='bbox 435 930 622 977; x_wconf 83' lang='lat' dir='ltr'>religiosae</span> <span class='ocrx_word' id='word_1_129' title='bbox 640 933 728 966; x_wconf 87' lang='lat' dir='ltr'>sunt</span> <span class='ocrx_word' id='word_1_130' title='bbox 748 931 794 967; x_wconf 90' lang='lat' dir='ltr'>ad</span> <span class='ocrx_word' id='word_1_131' title='bbox 812 931 974 968; x_wconf 90' lang='lat' dir='ltr'>invicem</span> <span class='ocrx_word' id='word_1_132' title='bbox 993 932 1176 977; x_wconf 84' lang='lat' dir='ltr'>ordinati,</span> <span class='ocrx_word' id='word_1_133' title='bbox 1194 937 1231 969; x_wconf 89' lang='lat' dir='ltr'>et</span> <span class='ocrx_word' id='word_1_134' title='bbox 1252 934 1338 969; x_wconf 85' lang='lat' dir='ltr'>finis</span> <span class='ocrx_word' id='word_1_135' title='bbox 1353 934 1512 970; x_wconf 87' lang='lat' dir='ltr'>societa-</span> 
     </span>
     <span class='ocr_line' id='line_1_17' title="bbox 225 982 1510 1023; baseline 0 0"><span class='ocrx_word' id='word_1_136' title='bbox 225 987 272 1023; x_wconf 90' lang='lat' dir='ltr'>tis</span> <span class='ocrx_word' id='word_1_137' title='bbox 290 985 409 1023; x_wconf 85' lang='lat' dir='ltr'>civilis</span> <span class='ocrx_word' id='word_1_138' title='bbox 441 982 717 1020; x_wconf 85' lang='lat' dir='ltr'>subordinatur</span> <span class='ocrx_word' id='word_1_139' title='bbox 744 984 812 1019; x_wconf 84' lang='lat' dir='ltr'>fini</span> <span class='ocrx_word' id='word_1_140' title='bbox 839 984 1014 1021; x_wconf 82' lang='lat' dir='ltr'>Ecclesiae</span> <span class='ocrx_word' id='word_1_141' title='bbox 1039 984 1239 1022; x_wconf 81' lang='lat' dir='ltr'>catholicae</span> <span class='ocrx_word' id='word_1_142' title='bbox 1263 991 1300 1022; x_wconf 91' lang='lat' dir='ltr'>et</span> <span class='ocrx_word' id='word_1_143' title='bbox 1327 997 1403 1022; x_wconf 91' lang='lat' dir='ltr'>non</span> <span class='ocrx_word' id='word_1_144' title='bbox 1431 988 1510 1023; x_wconf 85' lang='lat' dir='ltr'>vice</span> 
     </span>
     <span class='ocr_line' id='line_1_18' title="bbox 225 1034 1510 1084; baseline 0.002 -10"><span class='ocrx_word' id='word_1_145' title='bbox 225 1049 345 1076; x_wconf 84' lang='lat' dir='ltr'>versa.</span> <span class='ocrx_word' id='word_1_146' title='bbox 365 1039 462 1084; x_wconf 82' lang='lat' dir='ltr'>Ergo</span> <span class='ocrx_word' id='word_1_147' title='bbox 482 1035 586 1071; x_wconf 91' lang='lat' dir='ltr'>nullo</span> <span class='ocrx_word' id='word_1_148' title='bbox 608 1034 725 1072; x_wconf 90' lang='lat' dir='ltr'>modo</span> <span class='ocrx_word' id='word_1_149' title='bbox 749 1036 914 1073; x_wconf 86' lang='lat' dir='ltr'>Ecclesia</span> <span class='ocrx_word' id='word_1_150' title='bbox 939 1037 1127 1074; x_wconf 91' lang='lat' dir='ltr'>catholica</span> <span class='ocrx_word' id='word_1_151' title='bbox 1152 1039 1276 1074; x_wconf 91' lang='lat' dir='ltr'>Statui</span> <span class='ocrx_word' id='word_1_152' title='bbox 1300 1039 1413 1082; x_wconf 89' lang='lat' dir='ltr'>civili,</span> <span class='ocrx_word' id='word_1_153' title='bbox 1444 1040 1510 1076; x_wconf 89' lang='lat' dir='ltr'>sed</span> 
     </span>
     <span class='ocr_line' id='line_1_19' title="bbox 227 1089 1509 1130; baseline 0.001 -2"><span class='ocrx_word' id='word_1_154' title='bbox 227 1094 354 1128; x_wconf 70' lang='lat' dir='ltr'>Status</span> <span class='ocrx_word' id='word_1_155' title='bbox 367 1090 488 1127; x_wconf 90' lang='lat' dir='ltr'>civilis</span> <span class='ocrx_word' id='word_1_156' title='bbox 501 1092 558 1124; x_wconf 87' lang='lat' dir='ltr'>est</span> <span class='ocrx_word' id='word_1_157' title='bbox 575 1091 715 1124; x_wconf 79' lang='lat' dir='ltr'>natura</span> <span class='ocrx_word' id='word_1_158' title='bbox 729 1099 800 1124; x_wconf 87' lang='lat' dir='ltr'>sua</span> <span class='ocrx_word' id='word_1_159' title='bbox 814 1089 1088 1126; x_wconf 84' lang='lat' dir='ltr'>subordinatus</span> <span class='ocrx_word' id='word_1_160' title='bbox 1101 1091 1279 1127; x_wconf 83' lang='lat' dir='ltr'>Ecclesiae</span> <span class='ocrx_word' id='word_1_161' title='bbox 1295 1091 1509 1130; x_wconf 81' lang='lat' dir='ltr'>catholicae.</span> 
     </span>
     <span class='ocr_line' id='line_1_20' title="bbox 224 1143 569 1181; baseline -0.014 0"><span class='ocrx_word' id='word_1_162' title='bbox 224 1145 412 1181; x_wconf 84' lang='lat' dir='ltr'>Probatur</span> <span class='ocrx_word' id='word_1_163' title='bbox 431 1143 569 1179; x_wconf 78' lang='lat' dir='ltr'>minor.</span> 
     </span>
    </p>

    <p class='ocr_par' dir='ltr' id='par_1_4' title="bbox 223 1196 1514 2131">
     <span class='ocr_line' id='line_1_21' title="bbox 269 1196 1510 1244; baseline 0 -10"><span class='ocrx_word' id='word_1_164' title='bbox 269 1197 381 1234; x_wconf 79' lang='lat' dir='ltr'>Finis</span> <span class='ocrx_word' id='word_1_165' title='bbox 399 1197 593 1233; x_wconf 82' lang='lat' dir='ltr'>societatis</span> <span class='ocrx_word' id='word_1_166' title='bbox 613 1197 742 1234; x_wconf 76' lang='lat' dir='ltr'>civilis</span> <span class='ocrx_word' id='word_1_167' title='bbox 761 1200 794 1232; x_wconf 85' lang='lat' dir='ltr'>et</span> <span class='ocrx_word' id='word_1_168' title='bbox 812 1196 904 1242; x_wconf 78' lang='lat' dir='ltr'>finis</span> <span class='ocrx_word' id='word_1_169' title='bbox 928 1196 1122 1232; x_wconf 77' lang='lat' dir='ltr'>societatis</span> <span class='ocrx_word' id='word_1_170' title='bbox 1145 1197 1338 1244; x_wconf 76' lang='lat' dir='ltr'>reliyz&#39;osae</span> <span class='ocrx_word' id='word_1_171' title='bbox 1353 1202 1442 1234; x_wconf 84' lang='lat' dir='ltr'>sunt</span> <span class='ocrx_word' id='word_1_172' title='bbox 1459 1198 1510 1234; x_wconf 86' lang='lat' dir='ltr'>ad</span> 
     </span>
     <span class='ocr_line' id='line_1_22' title="bbox 225 1249 1511 1295; baseline 0.001 -9"><span class='ocrx_word' id='word_1_173' title='bbox 225 1250 383 1286; x_wconf 80' lang='lat' dir='ltr'>invicem</span> <span class='ocrx_word' id='word_1_174' title='bbox 405 1249 593 1285; x_wconf 82' lang='lat' dir='ltr'>ordinati.</span> <span class='ocrx_word' id='word_1_175' title='bbox 616 1251 737 1286; x_wconf 88' lang='lat' dir='ltr'>Homo</span> <span class='ocrx_word' id='word_1_176' title='bbox 759 1249 860 1284; x_wconf 88' lang='lat' dir='ltr'>enim</span> <span class='ocrx_word' id='word_1_177' title='bbox 885 1249 1130 1295; x_wconf 88' lang='lat' dir='ltr'>componitur</span> <span class='ocrx_word' id='word_1_178' title='bbox 1150 1260 1196 1285; x_wconf 86' lang='lat' dir='ltr'>ex</span> <span class='ocrx_word' id='word_1_179' title='bbox 1217 1251 1350 1286; x_wconf 90' lang='lat' dir='ltr'>anima</span> <span class='ocrx_word' id='word_1_180' title='bbox 1373 1255 1409 1286; x_wconf 87' lang='lat' dir='ltr'>et</span> <span class='ocrx_word' id='word_1_181' title='bbox 1429 1261 1511 1287; x_wconf 85' lang='lat' dir='ltr'>cor-</span> 
     </span>
     <span class='ocr_line' id='line_1_23' title="bbox 224 1301 1511 1350; baseline 0.001 -11"><span class='ocrx_word' id='word_1_182' title='bbox 224 1313 329 1349; x_wconf 85' lang='lat' dir='ltr'>pore,</span> <span class='ocrx_word' id='word_1_183' title='bbox 347 1307 385 1338; x_wconf 87' lang='lat' dir='ltr'>et</span> <span class='ocrx_word' id='word_1_184' title='bbox 401 1302 569 1339; x_wconf 88' lang='lat' dir='ltr'>uthomo</span> <span class='ocrx_word' id='word_1_185' title='bbox 581 1307 638 1339; x_wconf 90' lang='lat' dir='ltr'>est</span> <span class='ocrx_word' id='word_1_186' title='bbox 655 1313 743 1350; x_wconf 89' lang='lat' dir='ltr'>pars</span> <span class='ocrx_word' id='word_1_187' title='bbox 757 1301 963 1337; x_wconf 87' lang='lat' dir='ltr'>societatis.</span> <span class='ocrx_word' id='word_1_188' title='bbox 979 1302 1026 1338; x_wconf 91' lang='lat' dir='ltr'>At</span> <span class='ocrx_word' id='word_1_189' title='bbox 1044 1302 1207 1338; x_wconf 88' lang='lat' dir='ltr'>societas</span> <span class='ocrx_word' id='word_1_190' title='bbox 1220 1303 1340 1340; x_wconf 90' lang='lat' dir='ltr'>civilis</span> <span class='ocrx_word' id='word_1_191' title='bbox 1358 1304 1511 1350; x_wconf 84' lang='lat' dir='ltr'>proprie</span> 
     </span>
     <span class='ocr_line' id='line_1_24' title="bbox 224 1354 1512 1402; baseline 0 -10"><span class='ocrx_word' id='word_1_192' title='bbox 224 1355 375 1402; x_wconf 89' lang='lat' dir='ltr'>respicit</span> <span class='ocrx_word' id='word_1_193' title='bbox 395 1354 667 1398; x_wconf 86' lang='lat' dir='ltr'>perfectionem</span> <span class='ocrx_word' id='word_1_194' title='bbox 695 1354 864 1391; x_wconf 89' lang='lat' dir='ltr'>hominis</span> <span class='ocrx_word' id='word_1_195' title='bbox 886 1355 1128 1399; x_wconf 82' lang='lat' dir='ltr'>exteriorem,</span> <span class='ocrx_word' id='word_1_196' title='bbox 1148 1355 1238 1402; x_wconf 88' lang='lat' dir='ltr'>quia</span> <span class='ocrx_word' id='word_1_197' title='bbox 1256 1356 1305 1392; x_wconf 90' lang='lat' dir='ltr'>ad</span> <span class='ocrx_word' id='word_1_198' title='bbox 1327 1356 1512 1392; x_wconf 90' lang='lat' dir='ltr'>interiora</span> 
     </span>
     <span class='ocr_line' id='line_1_25' title="bbox 223 1407 1512 1456; baseline 0 -12"><span class='ocrx_word' id='word_1_199' title='bbox 223 1408 465 1444; x_wconf 69' lang='lat' dir='ltr'>conscientiae</span> <span class='ocrx_word' id='word_1_200' title='bbox 485 1418 562 1443; x_wconf 89' lang='lat' dir='ltr'>non</span> <span class='ocrx_word' id='word_1_201' title='bbox 592 1411 716 1455; x_wconf 90' lang='lat' dir='ltr'>potest</span> <span class='ocrx_word' id='word_1_202' title='bbox 747 1411 960 1455; x_wconf 87' lang='lat' dir='ltr'>penetrare,</span> <span class='ocrx_word' id='word_1_203' title='bbox 989 1410 1024 1443; x_wconf 89' lang='lat' dir='ltr'>et</span> <span class='ocrx_word' id='word_1_204' title='bbox 1047 1407 1214 1449; x_wconf 85' lang='lat' dir='ltr'>aliunde,</span> <span class='ocrx_word' id='word_1_205' title='bbox 1239 1409 1331 1456; x_wconf 87' lang='lat' dir='ltr'>quia</span> <span class='ocrx_word' id='word_1_206' title='bbox 1357 1409 1512 1455; x_wconf 87' lang='lat' dir='ltr'>respicit</span> 
     </span>
     <span class='ocr_line' id='line_1_26' title="bbox 225 1461 1512 1510; baseline 0.001 -12"><span class='ocrx_word' id='word_1_207' title='bbox 225 1462 422 1498; x_wconf 89' lang='lat' dir='ltr'>hominem</span> <span class='ocrx_word' id='word_1_208' title='bbox 453 1462 640 1498; x_wconf 90' lang='lat' dir='ltr'>viventem</span> <span class='ocrx_word' id='word_1_209' title='bbox 673 1463 711 1498; x_wconf 91' lang='lat' dir='ltr'>in</span> <span class='ocrx_word' id='word_1_210' title='bbox 741 1461 813 1498; x_wconf 91' lang='lat' dir='ltr'>hac</span> <span class='ocrx_word' id='word_1_211' title='bbox 846 1461 934 1505; x_wconf 85' lang='lat' dir='ltr'>vita,</span> <span class='ocrx_word' id='word_1_212' title='bbox 967 1461 1222 1508; x_wconf 86' lang='lat' dir='ltr'>temporalem</span> <span class='ocrx_word' id='word_1_213' title='bbox 1255 1462 1337 1509; x_wconf 89' lang='lat' dir='ltr'>ejus</span> <span class='ocrx_word' id='word_1_214' title='bbox 1365 1462 1512 1510; x_wconf 89' lang='lat' dir='ltr'>perfec-</span> 
     </span>
     <span class='ocr_line' id='line_1_27' title="bbox 225 1513 1512 1562; baseline 0.001 -12"><span class='ocrx_word' id='word_1_215' title='bbox 225 1515 366 1551; x_wconf 86' lang='lat' dir='ltr'>tionem</span> <span class='ocrx_word' id='word_1_216' title='bbox 399 1514 590 1561; x_wconf 82' lang='lat' dir='ltr'>praecipue</span> <span class='ocrx_word' id='word_1_217' title='bbox 618 1518 751 1559; x_wconf 81' lang='lat' dir='ltr'>curat3</span> <span class='ocrx_word' id='word_1_218' title='bbox 777 1517 912 1550; x_wconf 88' lang='lat' dir='ltr'>contra</span> <span class='ocrx_word' id='word_1_219' title='bbox 938 1513 1136 1549; x_wconf 86' lang='lat' dir='ltr'>Catholica</span> <span class='ocrx_word' id='word_1_220' title='bbox 1167 1514 1348 1558; x_wconf 88' lang='lat' dir='ltr'>Ecclesia,</span> <span class='ocrx_word' id='word_1_221' title='bbox 1379 1518 1512 1562; x_wconf 91' lang='lat' dir='ltr'>utpote</span> 
     </span>
     <span class='ocr_line' id='line_1_28' title="bbox 225 1566 1513 1614; baseline -0.001 -10"><span class='ocrx_word' id='word_1_222' title='bbox 225 1568 385 1604; x_wconf 89' lang='lat' dir='ltr'>societas</span> <span class='ocrx_word' id='word_1_223' title='bbox 410 1567 623 1614; x_wconf 88' lang='lat' dir='ltr'>spiritualis</span> <span class='ocrx_word' id='word_1_224' title='bbox 647 1567 772 1613; x_wconf 85' lang='lat' dir='ltr'>magis</span> <span class='ocrx_word' id='word_1_225' title='bbox 795 1566 844 1602; x_wconf 86' lang='lat' dir='ltr'>ad</span> <span class='ocrx_word' id='word_1_226' title='bbox 863 1566 1002 1602; x_wconf 81' lang='lat' dir='ltr'>animae</span> <span class='ocrx_word' id='word_1_227' title='bbox 1015 1566 1288 1611; x_wconf 85' lang='lat' dir='ltr'>perfectionem</span> <span class='ocrx_word' id='word_1_228' title='bbox 1310 1567 1513 1603; x_wconf 90' lang='lat' dir='ltr'>ordinatur</span> 
     </span>
     <span class='ocr_line' id='line_1_29' title="bbox 225 1618 1512 1666; baseline -0.001 -10"><span class='ocrx_word' id='word_1_229' title='bbox 225 1625 261 1656; x_wconf 93' lang='lat' dir='ltr'>et</span> <span class='ocrx_word' id='word_1_230' title='bbox 281 1619 330 1656; x_wconf 88' lang='lat' dir='ltr'>ad</span> <span class='ocrx_word' id='word_1_231' title='bbox 353 1624 538 1656; x_wconf 84' lang='lat' dir='ltr'>aeternam</span> <span class='ocrx_word' id='word_1_232' title='bbox 563 1619 783 1656; x_wconf 86' lang='lat' dir='ltr'>felicitatem</span> <span class='ocrx_word' id='word_1_233' title='bbox 812 1618 989 1655; x_wconf 89' lang='lat' dir='ltr'>homines</span> <span class='ocrx_word' id='word_1_234' title='bbox 1023 1618 1167 1665; x_wconf 88' lang='lat' dir='ltr'>dirigit.</span> <span class='ocrx_word' id='word_1_235' title='bbox 1201 1620 1317 1666; x_wconf 88' lang='lat' dir='ltr'>Atqui</span> <span class='ocrx_word' id='word_1_236' title='bbox 1339 1620 1512 1666; x_wconf 85' lang='lat' dir='ltr'>quamvis</span> 
     </span>
     <span class='ocr_line' id='line_1_30' title="bbox 225 1670 1511 1719; baseline -0.001 -10"><span class='ocrx_word' id='word_1_237' title='bbox 225 1673 307 1709; x_wconf 83' lang='lat' dir='ltr'>haec</span> <span class='ocrx_word' id='word_1_238' title='bbox 336 1682 425 1708; x_wconf 86' lang='lat' dir='ltr'>vera</span> <span class='ocrx_word' id='word_1_239' title='bbox 457 1672 546 1717; x_wconf 84' lang='lat' dir='ltr'>sint,</span> <span class='ocrx_word' id='word_1_240' title='bbox 566 1682 699 1708; x_wconf 90' lang='lat' dir='ltr'>verum</span> <span class='ocrx_word' id='word_1_241' title='bbox 727 1674 785 1709; x_wconf 85' lang='lat' dir='ltr'>est</span> <span class='ocrx_word' id='word_1_242' title='bbox 809 1674 940 1707; x_wconf 87' lang='lat' dir='ltr'>tamen</span> <span class='ocrx_word' id='word_1_243' title='bbox 967 1670 1071 1718; x_wconf 89' lang='lat' dir='ltr'>quod</span> <span class='ocrx_word' id='word_1_244' title='bbox 1101 1671 1218 1707; x_wconf 88' lang='lat' dir='ltr'>homo</span> <span class='ocrx_word' id='word_1_245' title='bbox 1252 1672 1368 1708; x_wconf 82' lang='lat' dir='ltr'>dividi</span> <span class='ocrx_word' id='word_1_246' title='bbox 1387 1684 1511 1719; x_wconf 87' lang='lat' dir='ltr'>neque</span> 
     </span>
     <span class='ocr_line' id='line_1_31' title="bbox 224 1724 1512 1772; baseline 0 -11"><span class='ocrx_word' id='word_1_247' title='bbox 224 1729 350 1772; x_wconf 91' lang='lat' dir='ltr'>potest</span> <span class='ocrx_word' id='word_1_248' title='bbox 370 1735 493 1772; x_wconf 85' lang='lat' dir='ltr'>neque</span> <span class='ocrx_word' id='word_1_249' title='bbox 514 1725 639 1770; x_wconf 87' lang='lat' dir='ltr'>debet,</span> <span class='ocrx_word' id='word_1_250' title='bbox 660 1725 725 1761; x_wconf 89' lang='lat' dir='ltr'>sed</span> <span class='ocrx_word' id='word_1_251' title='bbox 748 1725 844 1761; x_wconf 88' lang='lat' dir='ltr'>sicut</span> <span class='ocrx_word' id='word_1_252' title='bbox 865 1724 996 1760; x_wconf 87' lang='lat' dir='ltr'>anima</span> <span class='ocrx_word' id='word_1_253' title='bbox 1022 1726 1079 1759; x_wconf 88' lang='lat' dir='ltr'>est</span> <span class='ocrx_word' id='word_1_254' title='bbox 1101 1724 1150 1760; x_wconf 86' lang='lat' dir='ltr'>ad</span> <span class='ocrx_word' id='word_1_255' title='bbox 1167 1725 1339 1772; x_wconf 90' lang='lat' dir='ltr'>corporis</span> <span class='ocrx_word' id='word_1_256' title='bbox 1366 1725 1512 1772; x_wconf 86' lang='lat' dir='ltr'>perfec-</span> 
     </span>
     <span class='ocr_line' id='line_1_32' title="bbox 225 1776 1513 1825; baseline 0 -11"><span class='ocrx_word' id='word_1_257' title='bbox 225 1779 369 1814; x_wconf 85' lang='lat' dir='ltr'>tionem</span> <span class='ocrx_word' id='word_1_258' title='bbox 389 1781 426 1813; x_wconf 90' lang='lat' dir='ltr'>et</span> <span class='ocrx_word' id='word_1_259' title='bbox 445 1788 585 1825; x_wconf 88' lang='lat' dir='ltr'>corpus</span> <span class='ocrx_word' id='word_1_260' title='bbox 605 1777 653 1814; x_wconf 90' lang='lat' dir='ltr'>ad</span> <span class='ocrx_word' id='word_1_261' title='bbox 671 1776 945 1825; x_wconf 84' lang='lat' dir='ltr'>perfectionem</span> <span class='ocrx_word' id='word_1_262' title='bbox 963 1777 1116 1820; x_wconf 70' lang='lat' dir='ltr'>animae,</span> <span class='ocrx_word' id='word_1_263' title='bbox 1137 1777 1193 1812; x_wconf 92' lang='lat' dir='ltr'>ita</span> <span class='ocrx_word' id='word_1_264' title='bbox 1210 1778 1354 1824; x_wconf 90' lang='lat' dir='ltr'>pariter</span> <span class='ocrx_word' id='word_1_265' title='bbox 1373 1781 1410 1814; x_wconf 90' lang='lat' dir='ltr'>et</span> <span class='ocrx_word' id='word_1_266' title='bbox 1430 1789 1513 1824; x_wconf 87' lang='lat' dir='ltr'>per-</span> 
     </span>
     <span class='ocr_line' id='line_1_33' title="bbox 224 1829 1514 1877; baseline -0.001 -10"><span class='ocrx_word' id='word_1_267' title='bbox 224 1831 335 1868; x_wconf 90' lang='lat' dir='ltr'>fectio</span> <span class='ocrx_word' id='word_1_268' title='bbox 365 1829 589 1877; x_wconf 85' lang='lat' dir='ltr'>corporalis,</span> <span class='ocrx_word' id='word_1_269' title='bbox 620 1840 738 1877; x_wconf 85' lang='lat' dir='ltr'>quam</span> <span class='ocrx_word' id='word_1_270' title='bbox 770 1829 910 1866; x_wconf 88' lang='lat' dir='ltr'>directe</span> <span class='ocrx_word' id='word_1_271' title='bbox 940 1831 1121 1875; x_wconf 88' lang='lat' dir='ltr'>procurat</span> <span class='ocrx_word' id='word_1_272' title='bbox 1151 1829 1279 1866; x_wconf 86' lang='lat' dir='ltr'>Status</span> <span class='ocrx_word' id='word_1_273' title='bbox 1307 1831 1439 1876; x_wconf 85' lang='lat' dir='ltr'>civilis,</span> <span class='ocrx_word' id='word_1_274' title='bbox 1476 1835 1514 1866; x_wconf 87' lang='lat' dir='ltr'>et</span> 
     </span>
     <span class='ocr_line' id='line_1_34' title="bbox 225 1881 1510 1931; baseline -0.002 -10"><span class='ocrx_word' id='word_1_275' title='bbox 225 1883 407 1931; x_wconf 82' lang='lat' dir='ltr'>perfectio</span> <span class='ocrx_word' id='word_1_276' title='bbox 433 1883 644 1930; x_wconf 88' lang='lat' dir='ltr'>spiritualis</span> <span class='ocrx_word' id='word_1_277' title='bbox 671 1893 789 1931; x_wconf 87' lang='lat' dir='ltr'>quam</span> <span class='ocrx_word' id='word_1_278' title='bbox 817 1883 957 1919; x_wconf 90' lang='lat' dir='ltr'>Christi</span> <span class='ocrx_word' id='word_1_279' title='bbox 988 1881 1154 1918; x_wconf 89' lang='lat' dir='ltr'>Ecclesia</span> <span class='ocrx_word' id='word_1_280' title='bbox 1184 1883 1362 1931; x_wconf 83' lang='lat' dir='ltr'>largitur,</span> <span class='ocrx_word' id='word_1_281' title='bbox 1386 1888 1510 1920; x_wconf 90' lang='lat' dir='ltr'>totum</span> 
     </span>
     <span class='ocr_line' id='line_1_35' title="bbox 225 1935 1511 1983; baseline -0.001 -10"><span class='ocrx_word' id='word_1_282' title='bbox 225 1937 425 1973; x_wconf 90' lang='lat' dir='ltr'>hominem</span> <span class='ocrx_word' id='word_1_283' title='bbox 445 1937 632 1983; x_wconf 86' lang='lat' dir='ltr'>respicere</span> <span class='ocrx_word' id='word_1_284' title='bbox 661 1935 815 1972; x_wconf 89' lang='lat' dir='ltr'>debent.</span> <span class='ocrx_word' id='word_1_285' title='bbox 843 1936 941 1982; x_wconf 84' lang='lat' dir='ltr'>Ergo</span> <span class='ocrx_word' id='word_1_286' title='bbox 969 1935 1062 1971; x_wconf 87' lang='lat' dir='ltr'>fines</span> <span class='ocrx_word' id='word_1_287' title='bbox 1084 1936 1282 1983; x_wconf 91' lang='lat' dir='ltr'>utriusque</span> <span class='ocrx_word' id='word_1_288' title='bbox 1304 1937 1511 1981; x_wconf 88' lang='lat' dir='ltr'>societatis,</span> 
     </span>
     <span class='ocr_line' id='line_1_36' title="bbox 225 1988 1513 2036; baseline 0 -11"><span class='ocrx_word' id='word_1_289' title='bbox 225 1988 400 2036; x_wconf 88' lang='lat' dir='ltr'>quamvis</span> <span class='ocrx_word' id='word_1_290' title='bbox 424 1989 523 2024; x_wconf 85' lang='lat' dir='ltr'>inter</span> <span class='ocrx_word' id='word_1_291' title='bbox 555 1999 594 2024; x_wconf 90' lang='lat' dir='ltr'>se</span> <span class='ocrx_word' id='word_1_292' title='bbox 625 1988 808 2033; x_wconf 86' lang='lat' dir='ltr'>distincti,</span> <span class='ocrx_word' id='word_1_293' title='bbox 841 1988 1074 2024; x_wconf 87' lang='lat' dir='ltr'>conveniunt</span> <span class='ocrx_word' id='word_1_294' title='bbox 1106 1992 1236 2024; x_wconf 87' lang='lat' dir='ltr'>tamen</span> <span class='ocrx_word' id='word_1_295' title='bbox 1265 1989 1304 2024; x_wconf 92' lang='lat' dir='ltr'>in</span> <span class='ocrx_word' id='word_1_296' title='bbox 1331 2000 1408 2026; x_wconf 91' lang='lat' dir='ltr'>uno</span> <span class='ocrx_word' id='word_1_297' title='bbox 1438 1991 1513 2025; x_wconf 89' lang='lat' dir='ltr'>fine</span> 
     </span>
     <span class='ocr_line' id='line_1_37' title="bbox 224 2040 1513 2088; baseline 0 -10"><span class='ocrx_word' id='word_1_298' title='bbox 224 2042 433 2082; x_wconf 90' lang='lat' dir='ltr'>communi,</span> <span class='ocrx_word' id='word_1_299' title='bbox 457 2042 522 2088; x_wconf 88' lang='lat' dir='ltr'>qui</span> <span class='ocrx_word' id='word_1_300' title='bbox 546 2045 603 2078; x_wconf 89' lang='lat' dir='ltr'>est</span> <span class='ocrx_word' id='word_1_301' title='bbox 629 2041 739 2077; x_wconf 83' lang='lat' dir='ltr'>homo</span> <span class='ocrx_word' id='word_1_302' title='bbox 763 2040 1045 2088; x_wconf 75' lang='lat' dir='ltr'>perficiendus;</span> <span class='ocrx_word' id='word_1_303' title='bbox 1067 2045 1103 2076; x_wconf 89' lang='lat' dir='ltr'>et</span> <span class='ocrx_word' id='word_1_304' title='bbox 1122 2045 1398 2088; x_wconf 86' lang='lat' dir='ltr'>consequenter</span> <span class='ocrx_word' id='word_1_305' title='bbox 1420 2043 1513 2078; x_wconf 83' lang='lat' dir='ltr'>fines</span> 
     </span>
     <span class='ocr_line' id='line_1_38' title="bbox 225 2093 786 2131; baseline 0.002 -1"><span class='ocrx_word' id='word_1_306' title='bbox 225 2094 277 2130; x_wconf 86' lang='lat' dir='ltr'>illi</span> <span class='ocrx_word' id='word_1_307' title='bbox 297 2094 346 2129; x_wconf 89' lang='lat' dir='ltr'>ad</span> <span class='ocrx_word' id='word_1_308' title='bbox 365 2094 525 2130; x_wconf 89' lang='lat' dir='ltr'>invicem</span> <span class='ocrx_word' id='word_1_309' title='bbox 544 2093 786 2131; x_wconf 89' lang='lat' dir='ltr'>ordinantur.</span> 
     </span>
    </p>

    <p class='ocr_par' dir='ltr' id='par_1_5' title="bbox 225 2145 1514 2404">
     <span class='ocr_line' id='line_1_39' title="bbox 271 2145 1511 2194; baseline 0.001 -12"><span class='ocrx_word' id='word_1_310' title='bbox 271 2146 383 2182; x_wconf 76' lang='lat' dir='ltr'>Finis</span> <span class='ocrx_word' id='word_1_311' title='bbox 392 2146 586 2183; x_wconf 76' lang='lat' dir='ltr'>societatis</span> <span class='ocrx_word' id='word_1_312' title='bbox 598 2146 728 2183; x_wconf 78' lang='lat' dir='ltr'>civilis</span> <span class='ocrx_word' id='word_1_313' title='bbox 737 2146 812 2194; x_wconf 78' lang='lat' dir='ltr'>fini</span> <span class='ocrx_word' id='word_1_314' title='bbox 820 2146 1020 2183; x_wconf 66' lang='lat' dir='ltr'>catholicae</span> <span class='ocrx_word' id='word_1_315' title='bbox 1029 2145 1211 2183; x_wconf 75' lang='lat' dir='ltr'>Ecclesioe</span> <span class='ocrx_word' id='word_1_316' title='bbox 1222 2146 1511 2192; x_wconf 79' lang='lat' dir='ltr'>subordinatur,</span> 
     </span>
     <span class='ocr_line' id='line_1_40' title="bbox 226 2198 1511 2246; baseline 0.001 -11"><span class='ocrx_word' id='word_1_317' title='bbox 226 2204 265 2235; x_wconf 87' lang='lat' dir='ltr'>et</span> <span class='ocrx_word' id='word_1_318' title='bbox 285 2210 362 2235; x_wconf 91' lang='lat' dir='ltr'>non</span> <span class='ocrx_word' id='word_1_319' title='bbox 385 2199 464 2235; x_wconf 87' lang='lat' dir='ltr'>vice</span> <span class='ocrx_word' id='word_1_320' title='bbox 484 2209 606 2235; x_wconf 86' lang='lat' dir='ltr'>versa.</span> <span class='ocrx_word' id='word_1_321' title='bbox 637 2199 788 2235; x_wconf 91' lang='lat' dir='ltr'>Etenim</span> <span class='ocrx_word' id='word_1_322' title='bbox 820 2198 916 2235; x_wconf 86' lang='lat' dir='ltr'>nihil</span> <span class='ocrx_word' id='word_1_323' title='bbox 942 2198 1119 2246; x_wconf 89' lang='lat' dir='ltr'>prohibet</span> <span class='ocrx_word' id='word_1_324' title='bbox 1150 2200 1358 2244; x_wconf 89' lang='lat' dir='ltr'>quominus</span> <span class='ocrx_word' id='word_1_325' title='bbox 1382 2199 1511 2242; x_wconf 87' lang='lat' dir='ltr'>homo,</span> 
     </span>
     <span class='ocr_line' id='line_1_41' title="bbox 225 2251 1514 2298; baseline 0 -10"><span class='ocrx_word' id='word_1_326' title='bbox 225 2254 358 2298; x_wconf 90' lang='lat' dir='ltr'>utpote</span> <span class='ocrx_word' id='word_1_327' title='bbox 377 2251 614 2298; x_wconf 84' lang='lat' dir='ltr'>compositus</span> <span class='ocrx_word' id='word_1_328' title='bbox 641 2262 685 2287; x_wconf 88' lang='lat' dir='ltr'>ex</span> <span class='ocrx_word' id='word_1_329' title='bbox 712 2252 843 2288; x_wconf 90' lang='lat' dir='ltr'>anima</span> <span class='ocrx_word' id='word_1_330' title='bbox 869 2255 906 2287; x_wconf 85' lang='lat' dir='ltr'>et</span> <span class='ocrx_word' id='word_1_331' title='bbox 933 2261 1106 2298; x_wconf 87' lang='lat' dir='ltr'>corpore,</span> <span class='ocrx_word' id='word_1_332' title='bbox 1134 2261 1179 2286; x_wconf 87' lang='lat' dir='ltr'>ea</span> <span class='ocrx_word' id='word_1_333' title='bbox 1205 2252 1336 2288; x_wconf 88' lang='lat' dir='ltr'>omnia</span> <span class='ocrx_word' id='word_1_334' title='bbox 1354 2252 1514 2288; x_wconf 90' lang='lat' dir='ltr'>honeste</span> 
     </span>
     <span class='ocr_line' id='line_1_42' title="bbox 228 2303 1512 2351; baseline -0.001 -11"><span class='ocrx_word' id='word_1_335' title='bbox 228 2304 298 2340; x_wconf 86' lang='lat' dir='ltr'>sibi</span> <span class='ocrx_word' id='word_1_336' title='bbox 337 2308 516 2351; x_wconf 87' lang='lat' dir='ltr'>procuret</span> <span class='ocrx_word' id='word_1_337' title='bbox 550 2313 637 2350; x_wconf 84' lang='lat' dir='ltr'>quae</span> <span class='ocrx_word' id='word_1_338' title='bbox 676 2303 723 2339; x_wconf 89' lang='lat' dir='ltr'>ad</span> <span class='ocrx_word' id='word_1_339' title='bbox 762 2304 862 2340; x_wconf 89' lang='lat' dir='ltr'>hanc</span> <span class='ocrx_word' id='word_1_340' title='bbox 903 2304 1018 2340; x_wconf 83' lang='lat' dir='ltr'>vitam</span> <span class='ocrx_word' id='word_1_341' title='bbox 1058 2303 1260 2340; x_wconf 87' lang='lat' dir='ltr'>commode</span> <span class='ocrx_word' id='word_1_342' title='bbox 1299 2304 1512 2341; x_wconf 85' lang='lat' dir='ltr'>ducendam</span> 
     </span>
     <span class='ocr_line' id='line_1_43' title="bbox 229 2357 1512 2404; baseline 0.001 -11"><span class='ocrx_word' id='word_1_343' title='bbox 229 2360 473 2394; x_wconf 86' lang='lat' dir='ltr'>concurrunt.</span> <span class='ocrx_word' id='word_1_344' title='bbox 503 2358 682 2393; x_wconf 81' lang='lat' dir='ltr'>Attamen</span> <span class='ocrx_word' id='word_1_345' title='bbox 715 2357 939 2394; x_wconf 86' lang='lat' dir='ltr'>irrationale</span> <span class='ocrx_word' id='word_1_346' title='bbox 971 2359 1007 2392; x_wconf 88' lang='lat' dir='ltr'>et</span> <span class='ocrx_word' id='word_1_347' title='bbox 1039 2360 1147 2404; x_wconf 88' lang='lat' dir='ltr'>turpe</span> <span class='ocrx_word' id='word_1_348' title='bbox 1178 2361 1235 2393; x_wconf 87' lang='lat' dir='ltr'>est</span> <span class='ocrx_word' id='word_1_349' title='bbox 1258 2358 1427 2394; x_wconf 86' lang='lat' dir='ltr'>animam</span> <span class='ocrx_word' id='word_1_350' title='bbox 1461 2358 1512 2394; x_wconf 81' lang='lat' dir='ltr'>ita</span> 
     </span>
    </p>
   </div>
  </div>
 </body>
</html>
