1584 2569
206 84 271 122 258
287 95 346 121 sus
366 93 526 120 niu-unz.
548 92 618 119 ιω.
637 91 678 118 u.
694 91 773 118 cn.
795 91 834 116 11.
852 90 896 117 nn
915 89 1103 116 SOCIETATE
1117 89 1188 117 civ,
1207 89 1244 115 m
1256 90 1296 115 sr.
1307 90 1479 115 specum

206 166 383 203 civitate?
415 165 496 200 Non
525 175 603 207 rex,
626 174 700 200 non
723 162 844 206 miles,
875 172 952 198 non
973 161 1116 208 judex:
1141 161 1216 198 sive
1239 162 1381 209 potius,
1409 172 1481 198 nu-

207 220 311 255 mina
331 220 543 266 S'lpersunt‚
566 216 690 252 officia
709 215 850 251 viribus
870 224 992 258 cassa,
1008 224 1182 262 persouae
1200 217 1327 252 autem
1344 225 1481 264 sopore

206 276 241 309 et
262 268 424 317 paralysi
447 270 623 306 detentae.
650 283 664 300 ›

609 378 857 415 ARTICULUS
886 379 1082 414 DECIMUS

811 452 884 499 (58)

547 529 602 566 De
621 529 767 574 optima
785 529 985 573 reqiminis
1003 529 1143 575 forma.

253 635 280 669 1.
305 629 482 677 Quaestio.
512 630 687 677 Seposita
719 633 849 665 autem
876 629 1000 665 forma
1027 629 1225 675 regiminis
1251 629 1483 667 monarchici

208 697 290 733 quae
303 682 626 721 constitutionalis
637 683 787 726 dicitur,
800 685 837 717 et
854 692 973 728 quam
983 682 1227 728 probavimus
1239 682 1276 717 in
1289 683 1485 731 principiis

209 737 427 781 absurdam,
454 737 493 771 in
513 736 611 771 facto
633 739 762 770 autem
785 744 866 770 esse
886 738 953 770 aut
973 733 1282 778 ahsolutismum‚
1313 746 1378 771 seu
1404 747 1485 772 me-

207 792 277 827 lius
297 788 537 837 tyrannidem
553 786 803 831 monarchiae,
825 790 891 822 aut
906 786 1149 834 tyrannidem
1165 787 1423 833 democratiae‚
1441 789 1486 825 dc

208 844 352 891 optima
373 841 570 889 regiminis
590 840 714 876 forma
728 840 811 886 Jam
833 840 1054 887 quaerimus.
1072 841 1159 876 Haec
1180 845 1308 876 autem
1324 842 1485 887 quaestio

209 895 344 943 agitari
365 898 488 941 potest
509 894 565 929 vel
585 894 623 928 in
651 903 761 928 sensu
782 893 937 928 relativo
959 893 1015 928 vel
1031 893 1069 927 in
1089 903 1202 928 sensu
1223 893 1412 931 absoluto.
1435 895 1486 930 De

208 950 355 995 optima
380 947 504 982 forma
535 946 733 993 regiminis
763 946 801 980 in
827 956 940 981 sensu
966 945 1123 980 relativo
1153 946 1245 981 satis
1270 951 1372 992 sunt,
1400 957 1487 994 quae

209 1002 408 1048 attigimus
437 1010 553 1046 supra
582 1001 653 1044 (56,
684 999 744 1044 IV)
768 1009 775 1042 3
811 999 927 1045 igitur
951 998 1174 1034 resolvenda
1200 999 1324 1035 solum
1356 1005 1486 1036 manet

208 1054 367 1102 quaestio
395 1053 439 1088 de
466 1053 612 1099 optima
643 1052 839 1098 regiminis
867 1052 991 1086 forma
1018 1052 1056 1085 in
1079 1061 1193 1086 sensu
1219 1052 1408 1090 absoluto.
1435 1054 1489 1088 Sit

208 1108 336 1154 itaque
355 1106 477 1152 prima
497 1104 702 1140 conclusio.

252 1161 299 1196 11.
337 1159 486 1203 Optima
519 1157 642 1193 forma
670 1156 871 1201 regiminis
908 1160 969 1192 est.
998 1157 1230 1192 Mauricum.
1261 1157 1448 1194 Probatur
1479 1170 1487 1194 :

208 1213 276 1250 Illa
289 1212 412 1247 forma
431 1210 627 1256 regiminis
648 1208 824 1244 habenda
844 1212 900 1244 est
921 1212 962 1243 ut
982 1209 1141 1255 optima,
1163 1220 1248 1254 quae
1265 1211 1390 1257 magis
1413 1222 1489 1246 res-

210 1264 351 1313 pondet
371 1263 436 1299 fini
457 1262 660 1304 societatis,
678 1266 715 1296 ct
735 1271 820 1307 quae
835 1272 880 1296 ex
895 1261 1350 1298 historiademonstratur
1365 1265 1488 1310 magis

210 1320 322 1354 firma
359 1320 472 1363 atque
518 1314 714 1350 durabilis.
751 1315 865 1360 Atqui
907 1313 1128 1360 hujusmodi
1157 1319 1214 1350 est
1245 1315 1487 1352 Monarchia.

209 1374 305 1418 Ergo
326 1368 551 1405 monarchia
570 1372 627 1404 est
646 1368 792 1414 optima
811 1367 1009 1414 regiminis
1030 1367 1167 1405 forma.
1189 1388 1234 1394 --
1253 1369 1371 1415 Major
1389 1375 1491 1405 ceria

211 1429 286 1460 est:
307 1433 398 1458 nam
425 1422 462 1457 in
482 1420 542 1456 his
562 1431 648 1468 quae
669 1421 842 1456 homines
864 1421 1086 1467 respiciunt,
1100 1431 1177 1456 non
1195 1421 1321 1457 solum
1343 1422 1491 1458 theoria

212 1475 417 1523 spectanda
436 1477 504 1518 est,
526 1473 715 1509 sedetiam
729 1473 933 1519 praxz's,ut
945 1483 991 1508 ex
1007 1473 1274 1518 conjunctione
1292 1474 1491 1522 utriusque

211 1532 355 1565 rectum
382 1527 596 1574 proseratur
610 1525 813 1572 judicium.
835 1526 928 1560 Cum
954 1536 1043 1572 ergo
1063 1525 1213 1572 publica
1229 1527 1493 1563 auctoritassit*¹

213 1581 260 1617 ad
284 1580 504 1616 societatem
524 1578 562 1613 in
583 1579 698 1613 finem
726 1577 967 1624 dirigendam
991 1588 999 1612 :
1028 1589 1112 1624 quae
1135 1578 1183 1613 sit
1209 1580 1494 1616 convenientior

212 1635 334 1669 forma
365 1635 446 1667 tum
485 1641 529 1666 ecc
564 1631 652 1677 fine,
683 1635 768 1665 tum
797 1640 841 1665 ex
871 1630 975 1675 facto
1003 1633 1103 1666 recte
1131 1635 1187 1666 est
1219 1631 1491 1677 colligendum.

212 1685 398 1723 Probatur
417 1686 545 1731 itaque
565 1684 704 1720 minor.

257 1736 487 1775 Monarehia
507 1736 630 1782 mayis
644 1735 839 1781 respondet
858 1735 933 1782 fini
938 1736 1144 1772 societatis.
1162 1736 1262 1771 Finis
1271 1747 1337 1772 seu
1350 1737 1494 1774 bonurn

214 1801 414 1827 commune
433 1794 467 1825 et
489 1789 593 1824 salus
606 1788 1102 1824 consociataemultitudinis
1123 1793 1192 1831 est,
1206 1792 1246 1823 ut
1263 1789 1344 1835 ejus
1364 1792 1495 1826 unitas

213 1847 464 1883 conservetur,
487 1852 574 1888 quae
595 1841 734 1877 dicitur
754 1851 828 1888 pax
847 1842 918 1885 (52,
940 1841 1017 1885 VII)
1035 1852 1043 1885 ;
1065 1852 1141 1888 qua
1161 1846 1323 1885 remota,
1346 1843 1495 1879 socialis

214 1898 299 1932 vitae
317 1896 414 1942 perit
435 1895 591 1935 utilitas,
616 1894 788 1940 quinimo
813 1894 1018 1929 multitudo
1042 1894 1267 1930 dissentiens
1288 1895 1433 1941 sibiipsi
1453 1898 1493 1931 fit

215 1959 389 1985 onerosa.
407 1949 500 1994 Ergo
513 1950 656 1993 quanto
676 1947 801 1994 magiS
821 1947 1004 1994 Regimen
1013 1946 1209 1993 publicum
1230 1946 1364 1983 efficax
1381 1947 1495 1984 fuerit

216 2002 262 2038 ad
287 2002 473 2036 unitatem
500 2001 604 2047 pacis
631 1999 781 2035 socialis
807 1999 1109 2035 conservandam
1131 2002 1244 2045 atque
1278 1999 1495 2045 fovendam,

157 2052 159 2055 '
217 2058 320 2089 tanto
345 2053 466 2099 magis
494 2051 741 2099 respondebit
776 2052 841 2087 fini
871 2051 989 2099 ipsius
1023 2051 1228 2087 societatis.
1261 2051 1328 2087 Illa
1368 2056 1497 2089 autem

217 2108 343 2142 unitas
375 2105 567 2140 efficacius
595 2107 632 2140 et
666 2103 868 2152 perfectius
902 2104 1093 2140 obtinetur
1129 2103 1177 2139 ab
1213 2114 1288 2139 uno
1327 2115 1443 2151 quam
1474 2116 1496 2141 a

218 2159 388 2204 pluribus
422 2157 585 2204 publicis
612 2156 854 2192 rectoribus:
883 2167 973 2192 nam
997 2156 1035 2190 in
1066 2166 1140 2191 uno
1177 2155 1340 2192 habetur
1368 2158 1496 2194 um‘tas

217 2222 293 2247 non
318 2210 442 2247 solum
468 2209 627 2245 moralis
654 2209 720 2245 sed
746 2208 904 2256 physica
923 2213 960 2244 et
987 2219 1054 2255 per
1079 2219 1131 2252 se,
1162 2211 1198 2244 et
1224 2219 1309 2254 quae
1337 2209 1496 2255 proinde

219 2275 241 2299 a
265 2274 303 2300 se
320 2274 396 2299 non
416 2266 540 2309 potest
561 2261 776 2306 dissentire,
803 2272 925 2309 neque
944 2260 1145 2308 proepchri
1165 2261 1201 2296 in
1225 2272 1295 2297 sua
1315 2263 1462 2298 actione
1484 2275 1493 2305 ;

218 2328 236 2352 e
263 2320 394 2351 contra
419 2316 456 2350 in
485 2314 659 2362 pluribus
696 2313 860 2350 babetur
891 2315 1018 2349 unitas
1050 2312 1206 2360 quidem
1245 2314 1399 2350 moralis
1428 2315 1494 2350 sed
