1554 2569
234 113 314 138 Ant.
342 113 395 138 111.
425 113 467 138 m:
494 113 703 138 SUBJECTlvo
730 113 898 138 curruum
924 113 1160 138 MORALtTATls
1297 102 1340 135 423

99 183 208 229 Resp.
247 183 446 231 Distinguo
480 185 734 221 antecedens:
763 184 918 221 cuilibet
951 187 1100 219 naturae
1136 184 1234 218 inest
1266 183 1341 216 ins-

54 235 194 280 tinctus
213 237 441 272 conveniens
467 240 505 272 et
528 237 843 284 proportionatus
865 240 1016 273 naturae
1042 236 1130 282 ipsi,
1154 235 1339 278 conced0;

54 299 175 333 secuS‚
207 298 314 335 neqo.
350 290 395 325 Et
432 289 470 324 in
504 290 642 325 eodem
674 301 789 326 sensu
823 289 1138 336 distinguendum
1168 292 1227 323 est
1260 298 1342 324 con·

51 351 219 387 sequens.
253 361 297 368 -
323 342 406 377 Non
438 352 628 389 negamus
661 342 811 378 homini
840 342 962 378 inesse
994 342 1234 385 instinctum,
1269 339 1342 375 hoc

52 397 110 429 est
147 394 366 430 naturalem
404 394 694 431 inclmationem
728 395 765 431 in
800 406 846 431 ea
881 405 967 441 quae
1006 394 1079 430 sibi
1114 392 1342 430 naturaliter

52 446 296 491 conveniunt,
320 447 385 483 sed
406 447 646 483 affirmamus
669 448 873 494 praefatum
899 447 1138 491 instinctum,
1172 447 1210 482 in
1231 446 1341 481 nobis

54 498 191 534 debere
229 509 310 535 esse
345 500 681 547 proportionatum
714 504 863 536 naturae
893 501 1046 542 nostrae,
1081 498 1155 534 hoc
1196 501 1252 534 est
1284 508 1342 532 ra-

53 551 250 588 tionalem.
291 552 576 599 consequenter
621 563 698 588 non
739 553 898 588 ferimur
934 552 973 587 in
1017 551 1166 598 objecta
1208 554 1341 586 nostra

53 604 151 640 sicut
188 604 302 640 bruta
334 604 511 641 feruntur
548 606 586 641 in
619 617 702 650 sua,
742 605 808 641 sed
844 604 939 641 duce
976 604 1139 649 ratione,
1178 603 1250 639 hoc
1285 608 1340 639 est

52 656 268 704 cognitione
299 657 489 694 rationali
521 658 611 694 boni
641 658 746 705 quod
776 658 1009 705 appetimus,
1039 661 1077 692 et
1109 657 1201 692 mali
1237 656 1339 704 quod

53 721 287 748 aversamur.

101 762 270 822 Objectio
302 764 480 802 secunda.
511 764 637 800 Rudes
664 767 700 800 et
719 763 866 799 indocti
895 763 1095 810 proferunt
1116 763 1289 798 celeriter
1306 768 1343 797 et

53 815 135 850 sine
156 804 240 851 ulla
244 808 633 862 difficultatejudicia
646 815 751 851 haud
772 826 860 852 raro
881 826 970 851 vera
985 816 1031 851 de
1049 815 1246 850 actionum
1261 825 1343 849 mo-

53 867 216 903 ralitate.
250 868 365 915 Atqui
391 868 432 903 id
462 869 615 904 nonnisi
646 878 747 904 caeco
774 868 955 904 instinctu
982 867 1141 903 faciunt.
1175 867 1275 914 Ergo
1305 868 1343 901 in

54 920 147 967 ipsis
167 919 306 956 saltem
327 930 466 956 norma
482 920 621 956 talium
640 920 878 967 judiciorum
905 924 962 956 est
982 930 1104 955 caecus
1124 920 1341 955 instinctus.

98 973 208 1020 Hesp.
230 974 335 1020 Nego
355 973 553 1009 minorem.
571 973 675 1009 Sicut
695 973 798 1009 enim
825 984 894 1020 per
914 972 1089 1008 naturale
1106 972 1265 1008 rationis
1283 972 1342 1006 lu-

54 1036 157 1068 men,
180 1026 285 1073 quod
304 1026 423 1062 etiam
444 1026 606 1062 rudibus
626 1026 725 1062 inest
743 1029 859 1073 atque
878 1025 1058 1069 indoctis,
1083 1025 1216 1060 statim
1238 1024 1344 1059 inno-

55 1082 204 1114 tescunt
218 1077 345 1125 prima
359 1078 549 1125 principia
567 1078 814 1124 speculativa,
835 1082 873 1113 et
894 1078 1108 1124 generatim
1127 1078 1345 1112 inseruntur

54 1130 230 1166 veritates
251 1130 472 1167 immediate
492 1141 581 1166 cum
602 1130 696 1178 ipsis
715 1130 915 1178 principiis
935 1140 1132 1173 connexae,
1149 1131 1203 1166 ita
1225 1133 1263 1165 et
1282 1130 1342 1165 in-

55 1186 256 1219 notescunt
282 1183 470 1230 principia
496 1187 612 1229 atque
638 1183 906 1219 conclusiones
932 1182 1170 1219 immediatae
1196 1182 1345 1218 ordinis

55 1235 225 1271 moralis.
249 1235 455 1282 Utrobique
476 1236 579 1272 enim
608 1236 710 1282 viget
738 1236 872 1271 eadem
904 1236 1016 1280 ratio,
1045 1239 1087 1270 ut
1114 1235 1258 1270 dictum
1288 1237 1344 1269 est

54 1298 215 1324 numero
230 1287 481 1335 praecedenti;
495 1287 596 1324 unde
607 1288 754 1324 inutilis
764 1291 833 1333 est,
851 1288 929 1324 imo
945 1287 1150 1333 absurdus,
1165 1298 1343 1323 recursus

56 1341 106 1377 ad
126 1348 268 1377 caecum
289 1341 529 1377 instinctum.

102 1393 272 1440 objectio
293 1393 419 1430 tercia.
439 1394 509 1429 Via
528 1394 729 1430 instinctus
749 1394 868 1430 facilis
884 1398 941 1430 est
961 1396 997 1429 et
1012 1393 1238 1438 infallibilis,
1253 1393 1345 1440 quia

54 1449 193 1482 natura
219 1457 433 1493 numquam
460 1446 618 1482 fallitur.
649 1447 834 1482 Fallimur
855 1450 985 1482 autem
1008 1456 1109 1493 saepe
1133 1447 1172 1481 in
1188 1445 1342 1492 judiciis

54 1499 234 1535 ferendis.
246 1499 368 1546 Igitur
383 1499 618 1536 credendum
629 1504 686 1535 est
703 1500 923 1535 Creatorem
943 1498 1055 1535 nobis
1075 1498 1258 1534 indidisse
1272 1509 1341 1534 cae-

53 1562 142 1588 cum
167 1551 394 1588 instinctum
423 1557 466 1588 ut
497 1562 676 1589 normam
709 1553 942 1589 moralitatis
974 1555 1196 1589 nostrarum
1227 1553 1342 1588 actio-

55 1615 162 1641 num.

99 1658 207 1705 Resp.
224 1657 400 1695 Concedo
417 1659 520 1695 viam
536 1659 738 1696 instinctus
753 1670 834 1695 esse
845 1659 997 1695 facilem
1012 1663 1048 1694 et
1064 1658 1193 1704 aliquo
1215 1668 1323 1694 sensu

54 1710 128 1746 hoc
147 1714 205 1747 est
230 1715 421 1758 quatenus
452 1715 509 1748 est
533 1717 686 1749 naturae
714 1712 904 1759 impulsus
924 1712 973 1748 ad
1003 1712 1149 1747 bonum
1170 1711 1210 1746 in
1239 1721 1341 1746 com-

54 1764 177 1807 muni,
199 1774 281 1800 esse
306 1764 563 1810 infallibilem,
590 1769 628 1800 et
653 1775 724 1801 nos
744 1765 782 1800 in
808 1765 920 1801 nobis
941 1764 1121 1811 ponimus
1144 1763 1247 1799 hunc
1269 1763 1343 1798 ins-

53 1816 244 1862 tinctum3
274 1817 340 1852 sed
365 1816 495 1864 quoad
525 1818 628 1853 bona
661 1817 910 1864 particularia
936 1817 1139 1853 instinctus
1177 1816 1243 1862 qui
1278 1816 1343 1851 ho·

54 1868 149 1904 mini
169 1870 354 1916 competit
382 1874 439 1905 est
471 1870 520 1906 ad
550 1870 699 1916 objecta
730 1870 859 1917 prouti
891 1881 914 1905 a
945 1870 1097 1905 ratione
1124 1868 1344 1915 judicantur

53 1922 321 1958 convenientia
345 1922 403 1958 vel
431 1933 509 1958 non
534 1923 813 1967 convenientia,
847 1926 889 1957 ut
922 1921 1069 1957 dictum
1093 1925 1151 1956 est
1174 1921 1212 1955 in
1241 1931 1342 1967 resp.

56 1973 105 2009 ad
128 1976 160 2010 1.
184 1974 230 2010 Et
255 1985 302 2011 ex
327 1974 399 2011 hac
418 1979 527 2022 parte
557 1975 757 2011 instinctui
780 1976 819 2010 in
843 1985 913 2010 sua
944 1973 1199 2009 determinata
1226 1974 1344 2020 appli-

55 2026 206 2062 catione
217 2028 402 2075 competit
422 2027 488 2063 illa
500 2027 582 2063 sola
600 2027 867 2072 infallibilitas‚
884 2037 971 2073 quae
989 2026 1129 2062 rationi
1146 2026 1343 2072 competit,

54 2078 269 2116 Intellectus
285 2084 416 2116 autem
442 2091 519 2116 non
545 2080 692 2115 fallitur
717 2080 817 2115 circa
842 2079 969 2126 prima
994 2078 1183 2126 principia
1206 2078 1259 2125 (L.
1287 2079 1343 2121 53,

55 2130 384 2226 le)''bn‘?iqul÷v?er
416 2143 455 2168 se
482 2133 628 2168 fallitur
658 2132 762 2168 ratio
794 2133 833 2168 in
868 2130 1076 2168 inferendis
1108 2131 1346 2167 illationibus

100 2209 112 2220 .
133 2194 147 2219 ι
176 2195 188 2219 ι
222 2211 246 2229 .,
316 2211 342 2229 ,.
