1584 2569
221 161 290 198 200
384 171 443 198 ωδ
464 172 708 199 tinomaus.
732 174 769 200 ιι.
794 173 871 199 CAP.
895 174 919 199 1.
942 174 986 198 ns
1004 172 1195 197 soeiETATE
1215 170 1405 197 οοΜεε-ῑιῡε,

569 333 877 370 ARTIGULUS
904 333 1141 375 QUINTUS

826 417 896 461 (46)

425 496 476 533 De
493 498 636 544 officiis
653 502 686 533 et
706 497 867 544 juribus
879 503 1083 544 parentum
1102 498 1144 534 in
1163 497 1280 545 filios.

258 597 285 632 1.
314 597 443 633 Patria
475 601 660 643 potestas.
690 598 790 634 Finis
823 598 1044 645 principalis
1069 597 1307 634 matrimonii
1333 601 1390 633 est
1412 606 1498 644 pro·

211 651 351 685 creatio
374 655 410 685 et
432 650 605 686 educatio
630 651 812 696 filiorum,
834 655 876 687 ut
896 651 1038 699 pluries
1058 651 1204 687 dictum
1221 655 1277 686 est
1295 660 1303 685 ε
1323 649 1497 686 educatio

213 707 293 738 tum
322 703 529 739 materialis
556 704 681 751 quoad
711 715 861 752 corpus,
883 709 966 741 tum
999 704 1206 751 spiritualis
1233 703 1360 750 quoad
1389 703 1496 738 intel-

211 754 350 791 lectum
381 761 417 791 et
445 757 693 792 voluntatem.
728 757 835 801 Hinc,
857 762 1061 793 consecuta
1091 757 1288 792 nativitate
1314 755 1495 800 filiorum:

211 809 370 844 societas
389 809 598 845 domestica
615 810 807 857 completa
822 811 904 857 jam
920 815 987 855 est,
1009 815 1046 846 et
1066 814 1191 857 potest
1217 809 1367 845 definiri
1387 818 1395 844 :
1414 818 1497 844 con-

211 860 358 904 junctio
371 867 572 907 parentum
585 867 617 898 et
629 863 800 910 filiorum
814 863 976 899 eamdem
992 863 1080 899 vitoe
1093 861 1396 899 consuetudinem
1410 861 1496 896 reti-

209 915 378 949 nentium
404 915 641 951 educationz's
666 917 812 962 qratia.
848 916 1063 953 Auctoritas
1091 925 1177 952 vero
1210 914 1423 951 necessaria
1450 912 1495 949 ad

211 965 312 1001 hunc
343 967 458 1002 finem
488 968 782 1014 assequendum,
810 972 969 1004 vocatur
997 968 1210 1004 auctoritas
1240 966 1299 1003 vel
1330 968 1497 1013 potestas

209 1019 354 1064 patria,
375 1031 396 1055 a
416 1025 523 1066 patre
540 1031 676 1067 nempe
697 1032 837 1057 nomen
858 1021 1075 1067 desumens,
1101 1021 1192 1068 quia
1211 1020 1249 1056 in
1267 1023 1375 1067 patre
1395 1019 1497 1066 prin-

210 1071 382 1117 cipaliter
399 1072 551 1117 residet,
572 1079 612 1108 ut
633 1073 778 1109 dictum
801 1078 857 1110 est
877 1075 915 1110 in
930 1074 1119 1121 superiori
1137 1073 1298 1109 articulo
1317 1071 1432 1108 n.1V.

256 1124 302 1159 II.
325 1125 591 1162 Rationalismi
611 1136 761 1163 errores
791 1128 894 1163 circa
915 1128 1102 1172 originem
1117 1127 1255 1172 patriae
1274 1126 1495 1171 potestatis.

210 1175 420 1211 Hobbesius
436 1178 473 1212 in
491 1178 570 1213 Lib.
588 1179 641 1214 De
651 1179 737 1215 Cive
749 1179 837 1226 Cap.
855 1179 914 1224 IX,
927 1181 944 1224 ἕ
957 1181 991 1224 2,
1009 1179 1344 1226 repetitoriginem
1363 1177 1495 1225 patriae

210 1230 408 1274 potestatis
428 1241 473 1265 ex
500 1231 532 1265 vi
548 1231 821 1277 possessionis,
839 1232 944 1279 aJens
964 1242 972 1267 :
995 1245 1010 1264 ‹
1035 1231 1257 1268 Dominium
1275 1230 1432 1267 infantis
1449 1229 1494 1266 ad

210 1292 296 1316 eum
320 1283 488 1329 primum
508 1285 685 1330 pertinet,
712 1286 777 1332 qui
798 1286 946 1332 primus
966 1285 1005 1320 in
1032 1288 1220 1332 potestate
1240 1293 1309 1320 sua
1328 1283 1456 1320 habet.
1478 1297 1493 1316 ›

209 1334 321 1375 Quasi
350 1346 486 1381 nempe
513 1336 581 1372 tilii
614 1336 744 1373 haberi
775 1337 962 1374 exclusive
989 1337 1152 1374 debeant
1181 1341 1224 1373 ut
1251 1341 1386 1372 ceterae
1412 1346 1496 1383 pro-

208 1387 401 1433 prietates.
436 1388 487 1424 Ex
518 1400 593 1436 quo
620 1390 808 1437 principio
836 1392 867 1436 ἓ.
900 1393 918 1426 3
939 1390 1066 1436 infert,
1095 1390 1311 1426 dominium
1340 1387 1494 1425 infantis

209 1441 445 1488 originaliter
465 1442 511 1477 ad
533 1442 654 1479 solam
672 1448 835 1479 matrem
853 1444 1055 1490 pertinere,
1075 1454 1161 1490 quae
1178 1442 1264 1479 ideo
1282 1442 1393 1478 illum
1411 1442 1497 1478 edu-

208 1503 307 1537 care,
329 1494 383 1529 vel
400 1505 581 1541 exponere
599 1506 668 1532 suo
687 1496 854 1532 arbitrio
870 1501 903 1532 et
913 1496 1009 1543 jure
1015 1500 1151 1543 polest,
1168 1500 1205 1532 et
1220 1498 1490 1542 consequentei

208 1556 341 1582 necare
359 1547 388 1581 si
408 1548 529 1594 magis
550 1547 679 1584 lubeat
698 1560 706 1593 ;
732 1559 835 1593 nam,
856 1553 898 1584 ut
920 1549 1138 1585 Lactantius
1158 1549 1296 1585 merito
1325 1547 1495 1584 animad-

208 1599 411 1635 vertitLib.
430 1600 487 1635 IV.
506 1601 674 1637 [nstz'tut.
696 1602 785 1649 Cap.
811 1602 884 1646 XX,
907 1607 984 1638 tam
1008 1602 1203 1647 nefarium
1221 1605 1274 1638 est
1299 1611 1491 1647 exponere,

208 1662 320 1698 quam
340 1663 483 1688 necare.
512 1653 705 1690 Rousseau
726 1654 904 1690 Hobhesii
934 1655 1165 1701 principium
1195 1654 1241 1690 dc
1261 1654 1492 1701 suprematia

209 1705 399 1741 societatis
419 1706 539 1742 civilis
559 1707 794 1754 amplectens
823 1709 895 1753 (10,
923 1707 985 1753 ΙΙ),
1015 1707 1154 1743 inferre
1178 1706 1328 1743 videtur
1358 1707 1397 1742 in
1425 1718 1493 1742 suo

212 1756 391 1793 Discours
411 1769 480 1794 sm·
506 1758 727 1806 l'ine'yalz'te,
750 1764 820 1796 etc.
852 1764 949 1806 part.
973 1760 1017 1804 ΙΙ,
1039 1760 1203 1807 patriam
1225 1763 1453 1807 potestatem
1475 1770 1492 1794 a

210 1814 395 1855 potestate
432 1811 530 1847 civili
569 1812 742 1848 derivari.
776 1812 904 1860 Neque
935 1812 1216 1849 Puffendorfius
1236 1812 1346 1848 aliter
1380 1813 1492 1848 sentit

209 1862 286 1897 Lib.
303 1863 360 1898 VI.
379 1863 433 1900 De
447 1864 539 1911 J'ure
555 1870 704 1901 παιᾶνα]
719 1870 752 1901 et
770 1865 951 1912 gentium.
971 1865 1060 1913 Cap.
1082 1865 1128 1910 11,
1147 1866 1164 1910 ἓ
1183 1865 1241 1910 1V,
1263 1865 1402 1902 docens
1431 1876 1491 1913 pa-

210 1916 321 1951 triam
343 1921 572 1963 potestatem
591 1918 731 1965 partim
753 1929 799 1954 ex
818 1918 1030 1955 socialitate
1050 1919 1155 1963 oriri,
1174 1918 1315 1964 partim
1336 1929 1382 1954 ex
1404 1918 1492 1954 libe-

209 1978 338 2003 rorum
369 1970 481 2005 tacito
513 1980 699 2006 consensu
728 1970 787 2006 vel
815 1975 940 2018 pacto.
974 1971 1019 2006 Et
1042 1970 1140 2006 hanc
1166 1970 1381 2007 doctrinam
1410 1970 1493 2018 plus

208 2021 380 2057 minusve
404 2027 617 2069 sequuntur
644 2023 821 2060 hodierni
849 2023 1114 2068 rationalistae‚
1137 2024 1203 2070 qui
1235 2024 1358 2060 verbis
1385 2024 1493 2061 liber-

210 2076 325 2108 tatem
352 2074 586 2121 affectantes,
614 2077 789 2113 omnium
821 2076 1046 2114 libertatum
1064 2076 1154 2124 jura
1172 2077 1399 2113 conculcant
1426 2087 1494 2125 per

207 2124 487 2172 despotismum
504 2128 650 2166 Status.
670 2129 743 2166 Sed
761 2133 921 2166 contra:

252 2178 317 2214 111.
332 2179 462 2216 Patria
477 2184 650 2226 potestas
667 2182 890 2219 immediate
902 2185 995 2219 esta
1007 2182 1094 2229 iure
1106 2184 1271 2218 naturae.
1285 2181 1330 2217 Et
1346 2192 1490 2219 revera.

208 2229 471 2278 Generatione,
490 2243 576 2281 quae
594 2235 779 2271 naturalis
799 2239 856 2271 est
875 2239 912 2271 et
928 2235 1017 2271 finis
1036 2234 1288 2276 matrimonii,
1313 2233 1380 2270 tilii
1406 2246 1494 2282 pro·

208 2288 396 2321 creantur.
418 2284 530 2334 Ergo,
550 2292 591 2323 ut
612 2292 711 2324 recte
728 2288 842 2325 insert
851 2288 1071 2325 Aristoteles
1086 2288 1125 2325 in
1139 2287 1235 2324 Vlil.
1253 2287 1381 2325 Ethic.
1401 2288 1490 2335 Cap.

209 2335 285 2381 XII,
310 2338 378 2373 filii
401 2344 491 2374 sunt
511 2341 618 2385 quasi
647 2341 717 2387 ipsi
746 2345 922 2387 parentes
942 2341 1107 2388 separati
1130 2352 1139 2377 ι
1163 2346 1199 2377 et
1223 2340 1305 2377 haec
1324 2344 1380 2377 est
1394 2341 1491 2377 ratio

206 2399 276 2430 eur
295 2396 473 2438 parentes
498 2398 607 2430 natos
630 2397 672 2430 ut
695 2395 838 2441 seipsos
859 2399 1002 2431 amam.
1021 2408 1037 2426 ι
1067 2394 1122 2431 Ex
1146 2395 1290 2432 semine
1309 2394 1412 2432 enim
1428 2405 1491 2444 pa·
