1554 2569
243 137 321 162 ΛΒΤ.
350 137 406 161 111.
432 136 475 161 DE
501 136 711 162 SUBJECTIVO
732 136 897 161 cnrremo
918 135 1152 160 MORALITATIS
1297 125 1340 160 43

56 207 201 244 morale
219 207 259 243 in
280 207 455 243 actuillo.
477 208 574 253 Ergo
596 207 626 242 si
642 207 689 242 ab
709 206 766 242 his
785 206 977 250 omnibus,
1000 205 1201 247 adulterio,
1224 205 1339 250 furto,

57 259 276 303 homicidio,
298 259 456 303 incestu,
483 260 642 306 aliisque
664 270 858 295 removeas
882 263 1099 306 respectum
1127 258 1175 293 ad
1194 259 1318 305 legem
1330 270 1343 303 ;‘

56 315 166 348 erunt
186 312 270 348 haeo
287 323 444 358 prorsus
458 311 729 348 indifferentia.
755 325 773 345 n

101 366 210 412 Hesp.
227 365 426 412 Distinguo
445 364 675 410 antecedens,
693 365 848 411 ejusque
863 364 1132 412 probationem
1149 375 1156 399 :
1177 364 1340 406 Quilibet

56 422 163 458 actus
183 417 278 454 citra
297 417 422 465 legem
443 417 517 453 sive
538 417 742 464 positivam
772 418 846 453 sive
867 421 1052 453 aeternam
1074 421 1163 452 sunt
1185 417 1341 452 omnino

58 470 317 506 indifferentes
347 475 383 506 et
415 474 546 506 carent
572 470 744 516 qualibet
772 470 1004 513 moralitate,
1039 469 1216 514 coneedo;
1246 470 1342 505 citra

56 522 179 558 solam
201 522 325 569 legem
346 522 562 569 positivam,
585 533 689 569 neyo.
716 544 754 548 —
779 524 854 559 Hoc
874 526 930 558 est
953 522 1110 570 praecise
1132 521 1235 568 quod
1256 533 1343 558 con-

56 575 278 611 trovertitur
293 574 392 610 inter
408 585 478 611 nos
499 577 536 611 et
551 575 853 611 Puffendorfium
877 585 885 610 z
906 579 1051 618 utrum,
1071 585 1222 621 nempe,
1246 575 1343 610 eitra

55 627 179 674 legem
206 627 407 674 positivam
436 630 543 663 actus
577 639 708 664 omnes
736 628 811 663 sint
840 628 1037 663 moraliter
1070 627 1340 663 indifferentes.

55 681 247 727 Negamus
276 691 360 726 nos,
388 681 480 728 quIa
510 692 626 727 supra
651 681 776 727 legem
802 681 1006 728 positivam
1032 683 1089 716 est
1112 681 1172 716 lex
1199 685 1343 717 aeterua

56 733 202 779 (supra,
226 732 286 769 ad.
307 733 339 780 1)
354 733 533 779 adquam
554 743 632 768 non
653 733 855 769 advertens
874 732 1158 769 Puffeudorfius
1179 734 1343 780 {equivo-

55 789 164 820 catur
182 785 220 821 in
239 796 310 821 sua
331 785 556 832 objectione.

104 837 273 884 objectio
292 842 410 874 sexta.
430 839 530 874 Deus
547 840 726 886 praecepit
744 839 973 886 quandoque
986 843 1027 873 ut
1044 849 1088 874 ea
1102 840 1236 874 fierent
1257 849 1342 885 quae

56 900 77 926 a
101 890 209 926 nobis
231 889 409 926 dicuntur
428 890 630 931 intrinsece
651 891 768 935 mala,
791 891 889 927 sicut
910 891 1091 938 praecepit
1112 891 1275 926 Abrahae
1302 895 1343 925 ut

56 943 277 978 immolaret
296 943 417 979 filium
438 953 552 978 suurn
572 944 691 984 Isaac,
711 944 804 979 Osee
825 948 868 978 ut
889 943 1074 991 acciperet
1091 944 1162 979 sibi
1184 954 1343 978 uxorem

56 995 321 1041 fornicariam,
343 996 512 1032 Hebraeis
538 1000 580 1031 ut
608 996 818 1043 spoliarent
837 996 1044 1043 :Egyptios‚
1074 1000 1144 1032 etc.
1172 997 1286 1042 Atqui
1313 996 1342 1031 si

57 1052 184 1084 essent
211 1048 436 1096 hujusmodi
460 1049 662 1085 intrinsece
689 1050 806 1094 mala,
836 1050 934 1084 Deus
961 1059 1038 1084 non
1062 1049 1250 1095 potuisset
1279 1049 1343 1084 illa

57 1102 276 1149 praecipere.
299 1102 395 1138 Sunt
414 1112 503 1149 ergo
522 1102 653 1138 omnia
673 1102 775 1138 bona
789 1102 846 1138 vel
867 1101 971 1137 mala
991 1102 1190 1137 moraliter
1211 1102 1301 1148 quia
1323 1112 1345 1137 a

60 1154 182 1190 libera
201 1154 396 1191 voluntate
417 1154 545 1191 divina
561 1155 784 1191 constituta.

104 1207 213 1253 Hesp.
228 1207 330 1254 Nego
350 1206 546 1254 maJ‘orem.
561 1209 711 1243 Etenim
730 1221 748 1240 «
764 1207 920 1254 quando
933 1207 1001 1243 filii
1019 1207 1136 1252 Israel
1152 1212 1343 1254 praecepto

58 1261 124 1295 Dei
146 1260 314 1304 tulerunt
334 1259 596 1307 [Egyptiorum
618 1260 739 1307 spolia
761 1288 769 1303 ‚
793 1271 868 1296 non
890 1260 961 1295 fuit
980 1260 1139 1304 furtum,
1163 1261 1253 1306 quia
1273 1260 1344 1295 hoe

58 1312 112 1347 eis
127 1312 338 1349 debebatur
357 1323 404 1349 ex
430 1314 621 1349 sententia
647 1314 725 1349 Dei.
758 1313 941 1349 Similiter
966 1316 1002 1348 et
1030 1313 1226 1348 Abraham
1256 1323 1342 1348 cum

58 1365 250 1401 consensit
262 1365 432 1401 occidere
452 1365 588 1410 filium,
610 1376 687 1401 non
704 1366 897 1405 consensit
912 1366 949 1401 in
971 1365 1237 1409 homicidium,
1255 1366 1344 1412 quia

59 1416 232 1453 debitum
249 1420 330 1453 erat
344 1428 432 1453 eum
451 1417 571 1454 occidi
585 1429 653 1465 per
669 1417 898 1453 mandatum
911 1418 991 1462 Dei,
1006 1418 1072 1464 qui
1087 1420 1143 1453 est
1158 1418 1343 1453 Dominus

58 1470 144 1505 vitae
163 1473 200 1506 et
220 1470 399 1506 mortis...
421 1471 465 1506 Et
482 1470 658 1506 similiter
672 1470 790 1507 etiam
805 1470 900 1507 Osee
915 1471 1099 1506 accedens
1114 1469 1162 1506 ad
1183 1480 1341 1506 uxorem

57 1520 304 1557 fornicariam
335 1521 392 1558 vel
422 1522 622 1558 mulierem
653 1522 882 1564 adulteram,
913 1533 990 1558 non
1023 1525 1080 1558 est
1110 1521 1339 1559 moechatus.

58 1584 127 1609 neo
145 1573 376 1610 fornicatus:
395 1575 487 1621 quia
499 1576 657 1611 accessit
670 1575 718 1610 ad
733 1585 831 1616 eam,
848 1586 934 1621 quoe
952 1585 1022 1610 sua
1033 1579 1115 1610 erat
1131 1574 1340 1610 seeundum

58 1626 286 1662 mandatum
313 1627 392 1672 Dei,
421 1628 485 1675 qui
517 1630 574 1663 est
599 1632 734 1663 auctor
765 1628 1015 1664 institutionis
1042 1627 1293 1663 matrimonii.
1329 1642 1340 1657 ι

58 1680 138 1715 1-11.
157 1679 229 1722 Qu.
252 1680 290 1716 C.
311 1680 429 1716 Artic.
450 1681 543 1716 VIII.
563 1679 613 1716 ad
633 1682 668 1716 3.

463 1786 718 1822 Auricuffls
750 1786 941 1822 TERTIUS

665 1874 698 1920 (¹
710 1876 739 1920 ¹)

339 1960 393 1998 De
412 1960 620 2008 subjective
640 1961 796 1996 criterio
814 1960 1062 1998 moralitatis.

105 2048 136 2084 1.
151 2048 440 2086 Animadversio
456 2050 646 2096 generica.
665 2049 758 2085 Cum
776 2049 987 2095 quaerimus
1002 2059 1226 2096 supremum
1241 2049 1345 2084 crite·

59 2100 160 2135 rium
186 2101 437 2147 moralitatis,
465 2112 617 2138 necesse
648 2104 706 2138 est
734 2104 775 2137 ut
802 2101 1085 2148 distinguamus
1113 2101 1344 2148 principium

57 2154 348 2189 constitutivum
387 2159 423 2190 et
469 2155 700 2202 principium
738 2153 1062 2190 manifestativum
1098 2153 1342 2189 moralitatis.

59 2205 195 2241 Procul
216 2205 332 2242 dubio
354 2207 581 2255 principium
602 2206 929 2242 manifestativum
943 2206 980 2241 in
999 2206 1110 2242 nobis
1128 2210 1183 2241 est
1199 2206 1343 2252 aliquid

60 2257 213 2302 animae‚
247 2270 384 2306 nempe
416 2260 628 2296 intellectus
667 2260 886 2296 discernens
918 2260 1062 2295 bonum
1103 2270 1125 2294 a
1168 2259 1270 2294 malo
1307 2259 1343 2293 in

60 2309 209 2346 actibus
226 2310 420 2355 humanis,
443 2312 651 2348 secundum
673 2312 766 2347 illud
787 2311 931 2347 Psalmi
952 2312 998 2347 lV
1017 2323 1025 2346 :
1048 2311 1165 2347 Mulli
1181 2311 1313 2346 dicunt
1331 2322 1343 2346 .·

59 2363 146 2410 quis
159 2363 321 2400 ostendit
335 2364 444 2401 nobis
460 2364 556 2401 bom
566 2364 586 2401 ,⁹
599 2364 804 2408 Stanacum
814 2369 989 2410 estsuper
1005 2374 1073 2401 nos
1085 2363 1343 2413 lumenrvultus
