1584 2569
210 167 275 201 102
313 175 370 200 ms
398 174 559 199 nsi-runs.
587 173 657 200 Lus.
685 175 724 200 11.
746 175 823 200 οη.
852 175 877 200 1.
905 174 948 199 na
982 175 1174 200 SOCIETATE
1199 175 1393 202 DO‘AEESRCA

207 247 348 283 directe
365 246 566 282 ordinatur
580 257 690 282 verus
707 246 918 291 caelibatus‚
937 256 1054 292 quam
1069 247 1293 294 perfectioni
1305 248 1492 295 corporali

207 300 256 337 ad
272 310 387 346 quam
409 299 588 335 directius
615 298 815 334 ordinatur
833 299 1151 345 matrimonium3
1171 300 1345 346 sequitur
1358 301 1496 336 matri-

207 353 338 389 monio
360 352 666 400 praestantiorem
688 362 768 388 esse
788 362 921 387 verum
939 352 1169 388 caelibatum.

253 406 384 447 Quoad
396 406 611 441 societatem
630 415 637 439 :
658 415 748 440 nam
764 404 811 440 ad
831 404 1102 451 perfectionem
1120 405 1313 441 societatis
1327 406 1496 442 maxime

208 458 464 494 necessarium
491 462 548 493 est
573 461 616 492 ut
647 456 765 503 aliqui
786 456 955 504 expediti
982 458 1029 494 ab
1051 458 1156 494 omni
1187 468 1278 495 cura
1307 459 1361 495 rei
1385 458 1495 495 fami-

206 511 325 556 liaris,
357 510 604 547 scientiarum
633 509 775 554 studio,
800 510 880 545 sine
913 510 1052 557 quibus
1079 510 1182 558 leges
1202 511 1396 558 sapienter
1415 522 1491 548 non

208 566 394 609 seruntur,
433 568 470 599 et
500 562 705 598 virtutibus
737 562 1050 609 exquisitioribus
1087 563 1319 607 excolendis,
1356 564 1496 611 quibus

208 618 380 653 societati
401 626 497 663 opus
511 620 568 651 est
587 614 635 651 ad
659 615 804 651 bonum
831 625 1036 652 commune
1064 616 1391 663 consequendum,
1416 628 1496 653 sese

209 669 401 705 addicant.
420 669 540 711 Quem
560 669 678 703 finem
696 667 981 704 nobilissimum
1002 668 1189 716 attingere
1221 669 1360 706 nititur
1386 680 1496 705 verus

208 722 417 767 caelibatus,
436 732 511 768 quo
543 725 733 768 suscepto,
765 720 942 757 homines
973 722 1171 768 propriam
1204 722 1322 757 vitam
1355 732 1495 769 expen-

209 775 304 810 dunt
323 776 361 810 in
379 774 684 811 emolumentum
705 774 912 818 societatis,
934 778 977 810 ut
1002 774 1194 822 praecipue
1222 779 1327 821 patet
1348 775 1387 810 in
1408 775 1495 810 mis-

207 829 383 864 sionariis
417 827 645 863 catholicis:
679 835 845 874 quorum
879 826 1030 863 labores
1067 827 1258 874 suscipere
1297 828 1496 876 conjugati

207 881 425 918 nullatenus
439 884 611 928 possunt.
633 879 678 915 Et
704 879 803 916 hane
827 881 1043 925 veritatem,
1071 890 1188 927 quam
1218 880 1352 926 procul
1377 880 1494 916 dubio

209 934 392 972 animales
409 933 585 970 homines
605 932 816 980 intelligere
842 943 920 969 non
945 938 1104 980 queunt,
1139 933 1255 969 etiam
1288 933 1495 970 nobiliores

207 987 426 1035 philosophi
457 986 616 1034 gentiles
644 985 870 1031 docuerunt,
908 997 1024 1033 penes
1060 997 1155 1033 quos
1195 986 1310 1022 veluti
1341 988 1495 1022 axioma

208 1046 315 1077 erat:
354 1039 490 1076 nubere
522 1040 692 1085 sapienti
726 1050 802 1075 non
830 1039 1017 1086 expedire.
1059 1058 1102 1065 —-
1139 1039 1282 1075 Contra
1319 1039 1493 1083 Gentiles,

209 1095 298 1141 Cap.
317 1094 380 1137 cit,
400 1098 437 1128 et
456 1103 560 1139 seqq.
579 1104 588 1137 3
607 1112 652 1118 ——
681 1092 874 1138 Supplem.
897 1093 966 1133 Qu.
995 1092 1084 1137 XLI,
1105 1093 1220 1129 Artic.
1250 1092 1305 1136 113
1327 1112 1373 1118 —
1393 1093 1493 1138 II-II,

208 1148 277 1189 Qu.
299 1146 403 1191 CLII,
424 1146 539 1181 Artic.
562 1145 621 1189 IV,
644 1150 681 1180 et
696 1146 810 1181 Artie.
835 1145 880 1188 II,
901 1145 948 1181 ad
969 1147 1000 1180 1.

254 1201 313 1236 IV.
333 1200 450 1235 Nori.
479 1198 691 1235 Solvuntur
711 1198 976 1234 difficultates.
1004 1217 1049 1223 —
1077 1197 1247 1244 Objectz'o
1261 1198 1408 1245 prima.
1427 1199 1495 1236 Bo·

209 1264 302 1289 num
336 1261 540 1288 commune
573 1251 701 1298 potius
733 1256 790 1286 est
827 1255 864 1286 et
899 1251 1023 1297 magis
1058 1250 1161 1286 cadit
1198 1251 1268 1286 sub
1305 1256 1494 1299 praecepto

209 1316 325 1352 quam
347 1305 492 1340 bonum
524 1302 728 1339 individui.
757 1303 871 1349 Atqui
907 1303 1200 1339 matrimonium
1226 1302 1427 1340 ordinatur
1446 1304 1494 1340 ad

209 1359 353 1394 bonum
383 1367 601 1399 commune,
633 1355 831 1391 caelibatus
856 1360 986 1391 autem
1022 1355 1070 1391 ad
1111 1355 1256 1390 honum
1294 1355 1493 1391 individui.

208 1411 306 1458 Ergo
336 1409 629 1446 matrimonium
659 1409 788 1455 potius
818 1411 875 1443 est
899 1407 1076 1444 caelibatu
1109 1411 1146 1442 et
1175 1407 1276 1443 cadit
1305 1408 1375 1443 sub
1403 1418 1498 1455 prae-

211 1468 333 1510 cepto.

254 1518 363 1562 Resp.
384 1515 585 1562 Distinguo
598 1514 785 1560 majorem
800 1524 808 1549 :
826 1514 949 1560 magis
966 1512 1069 1549 cadit
1085 1513 1154 1548 sub
1168 1517 1360 1560 praecepto
1373 1514 1491 1550 relate

211 1569 257 1605 ad
277 1569 511 1612 societatem,
533 1567 710 1603 concedo:
734 1566 850 1602 relate
871 1565 918 1601 ad
936 1565 1192 1610 individuum,
1210 1565 1492 1613 subdistingue,

210 1621 516 1663 indeterminate,
554 1619 734 1661 concedo;
772 1618 1038 1663 determinate,
1077 1629 1183 1664 neyo.
1216 1639 1261 1644 —
1293 1619 1495 1667 Distinguo

210 1675 353 1722 pariter
371 1672 578 1709 secundam
607 1675 757 1719 partem
785 1671 948 1706 minoris
971 1682 979 1706 z
1002 1670 1198 1707 caelibatus
1227 1671 1428 1707 ordinatur
1446 1672 1494 1708 ad

209 1729 355 1764 honum
372 1725 558 1762 individui
578 1724 837 1769 solummodo,
856 1735 970 1770 ηερω-
992 1724 1045 1759 ita
1063 1723 1265 1759 ordinatur
1284 1723 1332 1759 ad
1347 1724 1494 1760 bonurn

210 1779 410 1823 individui,
438 1782 481 1814 ut
508 1778 676 1814 maxime
708 1778 825 1813 etiam
849 1776 1049 1812 ordinetur
1067 1776 1182 1812 simul
1202 1776 1250 1812 ad
1270 1776 1416 1813 bonum
1436 1788 1495 1813 so·

210 1833 370 1876 cietatis,
389 1831 561 1868 concedo.
577 1830 874 1866 Distinctionum
897 1830 995 1865 ratio
1013 1828 1165 1864 evidens
1183 1833 1239 1864 est
1258 1839 1303 1864 ex
1325 1828 1436 1865 dictis
1457 1831 1495 1865 in

211 1886 436 1934 probatione
455 1883 585 1920 thesis.

258 1938 426 1985 Objectio
451 1936 629 1973 secunda.
659 1935 714 1971 Ex
743 1935 919 1971 caelibatu
949 1935 1122 1981 sequitur
1147 1935 1329 1970 extinctio
1349 1936 1498 1982 generis

211 1992 385 2035 humani,
436 1989 540 2036 quod
586 1989 739 2024 nonnisi
784 1999 851 2036 per
893 1988 1187 2024 matrimonium
1235 1993 1495 2025 conservatur.

211 2046 324 2091 Atqui
352 2043 534 2080 extinctio
579 2042 727 2089 generis
759 2041 919 2077 humani
955 2045 1012 2077 est
1042 2045 1176 2076 contra
1217 2044 1366 2076 naturae
1402 2053 1494 2089 prae-

210 2098 364 2145 scripta,
408 2105 495 2142 quae
536 2094 799 2141 adimplentur
845 2105 912 2142 per
958 2093 1265 2130 matrimonium.
1303 2093 1400 2141 Ergo
1440 2105 1495 2130 re-

211 2149 431 2198 probandus
477 2152 533 2183 est
569 2147 779 2192 caelibatuS,
829 2147 939 2193 eique
979 2145 1260 2193 praeferendum
1299 2146 1496 2182 matrimo-

210 2204 334 2240 nium.

255 2257 365 2302 Resp.
387 2255 474 2290 Haec
491 2253 654 2300 ohJeetio
672 2263 750 2288 non
770 2251 874 2288 aliud
901 2252 1039 2299 probat
1067 2251 1140 2286 nisi
1170 2251 1272 2297 quod
1295 2252 1495 2288 matrimo-

212 2309 320 2345 nium
354 2308 403 2344 sit
434 2307 471 2342 in
508 2311 699 2353 praecepto
729 2304 856 2351 quoad
894 2304 1227 2348 communitatem,
1256 2315 1332 2340 non
1365 2309 1494 2340 autem

213 2360 339 2408 quoad
359 2358 623 2404 individuum3
643 2362 682 2394 et
701 2358 754 2394 sic
774 2358 820 2393 de
847 2357 1054 2404 respectiva
1074 2357 1313 2393 matrimonii
1340 2360 1376 2394 et
1394 2356 1493 2393 caeli-

211 2415 324 2452 batus
347 2412 570 2460 ¹nobilitate.
597 2429 642 2437 —-·
665 2410 722 2447 Ita
750 2411 852 2447 enim
874 2420 896 2446 a
924 2410 1007 2457 pari
1035 2415 1162 2456 posset
1196 2409 1280 2455 quis
1305 2419 1493 2457 arguere:
