1554 2569
86 47 291 114 stares—‚mi
335 40 386 94 “Q
407 32 436 69 Ψ
468 28 632 81 2122?ss-
775 45 825 71 M
871 41 898 59 Α
943 41 1004 63 -f
1064 47 1093 57 Α
1157 41 1181 60 ¹*
1318 54 1325 70 ι
1359 36 1383 56 ³²*

71 151 93 173 1
146 114 177 140 Ψ
261 136 347 173 Ant,
365 136 388 160 v
421 135 465 160 m:
483 135 525 160 ΡΑ
549 133 684 160 umam
703 123 971 174 cocuoscmvil
988 132 1225 159 nomm-Ans
1368 124 1412 158 57
1485 157 1510 170 Α

71 165 108 184 '⁵⁷'
143 166 196 200 Ὗ)
197 175 337 209 “3⁵32‘'
381 152 498 202 ζμ*
504 172 533 195 t
603 164 643 189 ’Ῡ
631 169 705 195 ἰ)
714 172 746 193 4
754 172 784 189 <⁴
802 174 838 193 ὲ
845 183 894 198 Ἣ
906 175 945 188 ·
1003 182 1010 195 t
1038 179 1045 192 s
1375 174 1412 192 21
1429 160 1551 207 &HJ-02

120 208 158 244 in
177 208 291 255 gloss.
312 206 444 244 Ezech
466 207 496 250 Ι,
518 192 754 253 synderesim
771 203 1045 241 conscientiam
1066 170 1257 249 nominat,
1265 195 1317 241 et
1344 205 1412 240 Ba·
1443 243 1449 256 -.
1533 210 1554 257 (s,

121 260 227 296 silius
245 260 424 309 naturale
437 259 738 306 judicatorium,
764 262 801 293 et
821 258 1080 294 Damascenus
1107 257 1199 293 dicit
1219 257 1299 303 (lib,
1320 258 1350 292 lI
1369 258 1414 293 de

119 314 205 361 fide,
227 323 312 360 cap.
339 314 447 358 XXII)
481 311 584 359 quod
614 316 671 347 est
694 311 761 347 lux
780 310 990 346 intellectus
1014 311 1150 346 nostri.
1177 310 1412 346 Consuetum

120 366 223 402 enim
237 369 295 402 est
311 365 415 412 quod
428 374 556 401 causae
574 367 610 400 et
622 364 777 400 effectus
795 374 863 410 per
878 363 1040 399 invicem
1058 363 1319 398 nominentur.
1336 377 1351 395 ›
1372 384 1410 388 —

119 421 160 456 Ρ,
182 420 210 455 Ι.
233 418 304 460 Qu.
327 418 476 455 LXXIX.
495 419 576 453 Art.
598 417 691 452 XIII.

166 472 228 508 IV.
243 472 346 507 Nou
366 472 410 506 ΙΙ.
426 471 680 507 Conscientiae
701 470 922 506 divisiones.
944 469 1197 504 Distinximus
1218 469 1256 504 in
1275 469 1414 515 Logica

119 525 259 568 (Artic.
281 525 342 568 40)
362 523 532 559 diversos
553 523 694 558 mentis
713 527 855 558 nostrae
885 524 1007 557 status
1031 524 1205 568 respectu
1225 522 1412 557 veritatis.

120 577 218 619 Quia
237 579 367 612 autem
388 576 635 620 conscientia,
659 576 690 611 si
711 579 889 611 sumatur
909 579 952 610 ut
978 575 1153 619 facultas,
1182 585 1258 610 non
1288 574 1414 610 differt

121 630 170 666 ab
201 629 409 674 intellectu,
438 633 476 664 et
501 629 583 675 ejus
611 633 718 664 actus
754 631 809 663 est
838 632 944 663 actus
977 627 1151 674 eJ'usdem
1185 627 1412 669 intellectus,

120 681 210 717 hinc
241 681 297 717 illi
326 685 448 717 slatus
469 682 585 716 etiam
606 683 782 727 respectu
807 680 1050 716 conscientiae
1068 683 1270 715 recurrunt
1296 680 1335 714 in
1356 690 1414 715 or-

122 733 207 769 dine
240 733 289 769 ad
317 733 521 780 judicium,
557 733 662 780 quod
694 732 929 768 conscientia
962 732 1107 778 profert
1145 732 1191 767 de
1229 731 1415 778 singulari

122 796 235 833 opere
255 785 455 821 moraliter
473 786 730 822 considerato.

168 837 412 874 Conscientia
437 849 526 874 vera
547 842 583 874 et
604 838 724 884 falsa.
744 838 797 873 Ex
821 848 864 873 eo
887 837 990 883 quod
1017 848 1077 873 res
1097 842 1155 873 est
1174 837 1231 873 vel
1249 848 1325 873 non
1345 841 1413 881 est,

120 890 308 936 judicium
329 889 470 925 dicitur
485 900 612 926 verum
630 890 687 926 vel
705 889 851 935 falsum
871 890 926 935 (L.
952 892 1010 934 21,
1033 889 1092 936 VI)
1120 900 1128 925 ε
1153 892 1259 925 actus
1281 892 1413 925 autem

120 942 363 979 conscientiae
383 945 439 978 est
450 942 654 988 judicium,
676 952 767 988 ergo
788 942 1021 978 conscientia
1040 942 1224 988 objective
1247 945 1416 988 spectata

122 994 305 1031 dividitur
327 995 367 1030 in
389 1005 516 1031 veram
535 997 572 1030 et
590 994 736 1040 falsam
756 1005 822 1030 seu
842 1005 1038 1030 erroneam
1059 1005 1071 1029 .·
1092 995 1218 1040 prima
1245 997 1302 1030 est
1321 1005 1414 1030 con-

122 1047 253 1084 formis
278 1047 334 1083 rei
360 1047 407 1083 de
430 1058 508 1094 qua
526 1047 744 1093 judicatum
764 1047 885 1082 altera
915 1046 1104 1082 difformis
1125 1050 1182 1082 est
1204 1056 1226 1081 a
1252 1057 1292 1082 re
1307 1046 1415 1093 judi-

120 1104 222 1136 cata.

169 1153 412 1189 Conscientia
429 1157 530 1189 recta
543 1157 580 1189 et
596 1163 673 1189 non
691 1156 807 1189 recta.
830 1153 918 1188 Haec
939 1152 1073 1188 divisio
1094 1153 1240 1200 passim
1260 1152 1416 1188 confun-

123 1206 227 1241 ditur
248 1216 336 1242 cum
356 1205 602 1252 praecedenti,
625 1205 691 1241 sed
710 1209 840 1241 tamen
862 1205 1020 1240 omnino
1042 1205 1305 1252 distinguitur,
1326 1205 1418 1252 quia

122 1259 249 1306 prima
269 1257 404 1293 divisio
428 1261 485 1293 est
504 1257 707 1305 objectiva,
734 1258 814 1293 haec
833 1261 963 1293 autem
984 1262 1041 1293 est
1060 1257 1286 1304 subjectiva.
1309 1259 1415 1293 Aetio

122 1311 226 1347 enim
252 1310 410 1346 moralis
432 1310 581 1346 elicitur
607 1321 630 1346 a
649 1311 859 1353 voluntate,
888 1314 927 1345 at
952 1310 1074 1345 fertur
1093 1310 1131 1345 in
1158 1310 1350 1356 objectum
1376 1315 1418 1345 ut

121 1363 320 1411 cognitum
346 1373 370 1398 a
391 1363 554 1408 ratione,
578 1373 665 1409 quae
694 1364 750 1398 est
775 1362 909 1409 regula
928 1363 1114 1408 proxima
1139 1361 1261 1409 ipsius
1286 1362 1417 1397 volun-

122 1417 226 1451 tatis.
253 1417 391 1452 Rectus
420 1416 538 1462 igitur
560 1415 761 1451 moraliter
795 1416 864 1451 erit
886 1419 991 1451 actus
1016 1415 1239 1458 voluntatis,
1269 1415 1418 1461 quoties

121 1469 243 1505 fertur
261 1468 301 1504 in
320 1468 513 1515 objectum
530 1467 635 1516 quod
654 1468 753 1504 ratio
769 1468 977 1515 prudenter
992 1467 1142 1514 judicat
1163 1472 1205 1503 ut
1220 1468 1419 1503 moraliter

122 1526 271 1558 rectum
293 1533 301 1558 :
323 1521 415 1569 quia
433 1521 506 1557 hoc
525 1522 563 1557 in
583 1531 675 1557 casu
696 1532 775 1557 suae
791 1521 931 1568 regulae
946 1521 1183 1557 immediatae
1199 1520 1418 1557 conforma-

123 1580 199 1611 tur.
225 1575 270 1610 Et
301 1577 431 1610 tamen
454 1572 645 1620 judicium
675 1576 801 1621 potest
833 1584 915 1610 esse
942 1573 1097 1617 salsum,
1131 1574 1417 1609 consideratum

124 1626 299 1663 absolute
325 1637 372 1662 ex
393 1630 502 1674 parte
525 1627 677 1673 objecti.
706 1627 779 1663 Sed
802 1627 1091 1663 consideratum
1121 1637 1167 1662 ex
1196 1631 1305 1673 parte
1330 1628 1419 1663 sub-

91 1706 107 1722 .
123 1680 224 1726 J‘ecti‚
243 1679 431 1726 judicium
449 1683 506 1715 est
519 1679 750 1715 rectumhoc
770 1690 883 1715 sensu
898 1679 1001 1726 quod
1020 1680 1226 1716 secundum
1241 1680 1419 1716 elementa

121 1731 278 1778 coynica
296 1732 396 1768 ratio
408 1732 581 1778 judicat,
615 1732 706 1778 quia
721 1732 864 1778 positis
887 1732 969 1768 illis
986 1732 1175 1768 elementis
1196 1743 1272 1768 non
1294 1735 1420 1779 potest

123 1785 235 1820 aliter
249 1783 439 1831 judicium
468 1784 570 1821 ferri.
590 1786 643 1820 Ac
668 1788 872 1832 propterea
891 1785 1126 1821 conscientia
1153 1784 1225 1820 hoc
1249 1785 1287 1820 in
1313 1795 1417 1826 casu,

124 1841 229 1872 recta
248 1837 335 1880 erit,
365 1837 432 1872 sed
459 1837 531 1872 erit
556 1847 730 1872 erronea.
761 1838 815 1872 Sit
849 1837 1068 1884 exemplum
1100 1848 1108 1872 ε
1137 1837 1285 1883 Aliquis
1317 1840 1420 1873 tenet

124 1898 206 1924 rem
235 1889 266 1924 A
285 1898 368 1924 esse
389 1898 514 1933 suam,
536 1899 623 1935 quoe
645 1892 774 1924 tamen
801 1894 858 1924 est
879 1890 1059 1933 alterius;
1082 1893 1119 1924 et
1145 1889 1232 1925 ideo
1263 1889 1308 1925 de
1338 1890 1420 1935 ipsa

124 1940 308 1988 disponit,
334 1941 573 1977 Conscientia
593 1944 697 1977 recta
722 1944 778 1976 est
797 1942 889 1988 quia
910 1941 1101 1987 judicium
1129 1946 1185 1977 est
1206 1941 1417 1977 secundum

123 1994 317 2030 elementa
343 2003 429 2040 quae
458 1994 662 2040 subjective
688 1998 973 2040 cognoscuntur
998 1998 1035 2029 et
1066 1994 1245 2041 cognosci
1281 2004 1303 2029 a
1330 2004 1419 2030 con-

125 2045 285 2082 scientia
304 2050 466 2092 possunt
485 2057 494 2082 :
518 2049 648 2081 tamen
666 2046 774 2092 falsa
794 2050 864 2090 est,
888 2046 978 2092 quia
1006 2057 1080 2089 res,
1103 2050 1145 2082 ut
1175 2047 1418 2092 supponitur,

123 2103 182 2134 cst
203 2098 375 2134 alterius.

173 2150 416 2187 Conscientia
431 2150 711 2195 invincibiliter
719 2151 776 2187 vel
787 2151 1201 2188 vincibilitererronea.
1219 2152 1421 2188 Conscien-

125 2203 180 2239 tia
216 2213 378 2240 erronea
409 2204 676 2240 invincibiliter
702 2204 768 2239 illa
788 2207 845 2240 est
865 2215 949 2250 quae
982 2204 1170 2251 judicium
1207 2205 1420 2251 practicum

129 2254 309 2291 efformat
330 2266 375 2291 ex
393 2256 588 2303 principiis
615 2267 701 2302 quae
722 2256 913 2292 habentur
934 2260 976 2292 ut
999 2267 1101 2302 vera,
1127 2260 1163 2292 et
1187 2267 1272 2304 quae
1293 2267 1420 2293 mora-

128 2307 215 2343 liter
229 2306 424 2355 loquendo
443 2308 678 2356 impossibile
700 2313 756 2344 est
771 2309 934 2354 judicari
960 2309 1056 2345 salsa
1076 2320 1098 2345 a
1118 2310 1290 2356 subjecto
1312 2309 1421 2345 effor-

130 2362 260 2396 mante
283 2359 486 2407 praefatum
510 2361 710 2408 judicium.
734 2363 780 2398 Ut
800 2361 829 2398 si
846 2361 964 2406 judex
986 2362 1143 2398 damnet
1173 2362 1418 2406 innocentem,
