1554 2569
68 121 241 149 autumn
248 119 408 145 ‹zm-ramo
417 118 629 144 Exrnmsnco
639 118 873 143 MORALITATIS
881 117 1064 143 Acrlomm
1073 117 1293 143 nummilatria
1306 110 1350 142 27

67 203 139 240 que
159 191 315 228 tandem
336 190 492 226 nomino
513 189 689 225 donetur.
710 209 755 215 —
779 189 992 224 consensus
1013 188 1083 223 iste
1107 198 1184 224 non
1212 193 1265 223 est
1287 200 1349 225 ne-

66 256 139 293 que
155 255 238 280 esse
257 247 382 292 potest
402 243 474 278 nisi
494 242 665 278 collectio
685 242 880 277 rationum
904 239 1200 276 individualium
1219 246 1347 287 quate-

66 308 138 334 nus
155 296 386 334 conveniunt
405 295 444 331 in
466 295 705 331 decernendo
727 294 874 341 aliquid
895 304 975 330 esse
994 304 1127 329 verum
1149 298 1184 329 et
1205 294 1347 340 aliquid

64 360 147 386 esse
172 349 325 385 falsum.
349 348 453 385 Sicut
479 351 609 383 autem
638 347 800 394 objecta,
818 347 918 382 circa
941 357 1025 392 quae
1048 346 1192 392 judicia
1218 352 1348 383 nostra

65 404 277 446 versantur,
300 411 376 437 non
401 399 570 448 pendent
590 411 613 435 a
630 399 774 446 judicio
796 399 956 435 rationis
977 401 1116 434 nostrae
1139 398 1348 435 individua·

65 454 124 500 lis,
147 457 213 490 sed
231 454 372 490 veritas
391 456 614 489 nostrorum
632 451 866 498 judiciorum
888 461 909 486 a
932 451 1089 486 veritate
1111 450 1348 497 objectorum

66 506 205 554 pendet
219 506 273 553 (L.
289 507 363 550 56),
380 506 433 542 ita
449 504 624 541 absolute
641 503 970 550 pronuntiandum
991 506 1046 539 est
1065 503 1109 539 dc
1127 504 1348 540 collectione

63 558 259 595 rationum
273 557 579 601 individualium,
599 557 740 592 scilicet
758 556 803 592 de
817 556 980 593 ratione.
993 555 1047 590 uti
1065 556 1183 591 etiam
1200 560 1348 601 vocant,

65 610 316 657 impersonali
330 621 343 646 .·
363 609 501 646 accidit
520 610 622 645 cniin
642 609 791 644 veritati
812 609 917 655 quod
938 608 985 644 ab
1006 619 1083 643 uuo
1103 608 1161 643 vel
1177 608 1350 654 pluribus

64 667 317 710 cognoscatur
345 667 382 699 et
406 661 615 709 judicetur,
638 672 706 697 nec
735 665 914 697 naturam
947 661 1030 707 ipsa
1057 663 1194 701 mutat,
1218 662 1307 707 quia
1329 673 1350 698 a

65 716 197 752 multis
215 715 402 751 collectIm
425 715 591 761 sumptis
611 719 678 750 aut
702 717 802 749 recte
828 718 894 749 aut
921 724 997 748 non
1023 717 1124 750 recte
1141 713 1349 760 judicatur.

64 771 162 815 Ergo
196 768 365 804 collectio
399 768 593 803 rationum
629 766 921 802 individualium
955 777 1029 801 non
1070 770 1128 802 est
1155 766 1348 802 criterium

62 819 349 856 constitutivum
367 820 552 862 veritatis,
576 823 655 854 esto
677 819 724 854 sit
744 819 846 854 iutra
865 818 1055 866 quosdam
1080 818 1222 854 limites
1241 819 1350 854 crite-

64 873 165 908 rium
194 872 315 918 ipsius
340 871 510 907 veritatis
536 870 878 915 manifestativum,
909 872 950 905 ut
982 869 1072 906 alibi
1105 870 1350 917 probavimus

63 925 118 971 (L.
140 926 198 969 59,
218 925 282 969 III)
303 934 312 960 :
334 934 472 971 nempe
493 925 559 959 'res
587 927 645 958 est
670 933 759 959 vera
788 933 863 958 non
893 922 987 969 quia
1014 933 1223 959 consensus
1243 934 1350 960 com-

64 977 193 1012 munis
224 975 402 1020 habetur,
433 975 499 1012 sed
533 985 668 1011 sensus
698 976 916 1011 communis
943 985 1053 1010 verus
1085 980 1142 1011 est
1173 976 1267 1022 quia
1292 987 1351 1011 res

63 1039 153 1064 vera
171 1032 240 1065 est.
258 1028 405 1064 Veritas
430 1030 560 1064 autem
586 1030 623 1063 et
645 1027 843 1070 honestas,
862 1027 1009 1062 falsitas
1037 1031 1075 1062 et
1094 1027 1292 1074 turpitudo
1314 1028 1351 1063 in

64 1080 179 1116 rebus
205 1080 419 1116 moralibus
445 1080 547 1115 idem
573 1090 731 1126 prorsus
761 1079 991 1126 significant.
1020 1082 1117 1125 Ergo
1143 1091 1351 1116 consensus

64 1132 310 1180 populorum,
329 1133 504 1179 quamvis
524 1132 626 1168 intra
651 1132 802 1179 aliquos
822 1132 966 1168 limites
985 1131 1064 1176 tib.)
1089 1132 1136 1167 sit
1156 1133 1350 1168 criterium

65 1184 390 1221 manifestativum
411 1185 593 1221 bonitatis
613 1185 671 1221 vel
690 1185 849 1221 malitiae
866 1184 1039 1228 moralis,
1058 1196 1135 1221 non
1157 1190 1281 1232 potest
1297 1189 1352 1221 ta-

65 1248 153 1274 men
167 1241 276 1273 extra
294 1238 381 1273 illos
399 1237 540 1273 limites
554 1237 708 1273 extendi
722 1249 731 1282 ;
747 1241 784 1273 et
804 1237 908 1273 nullo
927 1242 1039 1285 pacto
1061 1241 1185 1284 potest
1206 1240 1350 1274 assumi

64 1294 107 1325 ut
125 1290 322 1326 criterium
341 1290 632 1326 constitutivum
653 1289 900 1325 moralitatis.

113 1342 312 1389 Sapienter
324 1342 482 1387 Tullius,
499 1342 577 1378 Lib.
594 1344 622 1378 I.
638 1342 693 1378 De
705 1341 881 1389 Legibus,
901 1343 990 1389 Cap.
1007 1343 1094 1384 XVI,
1111 1345 1147 1377 et
1163 1353 1241 1389 seq.
1258 1354 1266 1378 ε
1286 1358 1300 1375 ι
1316 1344 1351 1379 Si

64 1394 296 1442 populorum
311 1393 443 1441 jussis,
470 1394 502 1430 si
529 1395 746 1442 principum
774 1395 947 1438 decretis,
971 1396 1000 1430 si
1028 1396 1228 1431 sententiis
1252 1396 1353 1441 judi-

61 1457 152 1483 cum
169 1447 258 1494 jura
282 1448 632 1492 constituerentur3
652 1448 714 1494 jus
735 1451 835 1483 esset
859 1447 1102 1493 latrocinari;
1120 1447 1184 1493 jus
1208 1447 1352 1484 adulte—

63 1510 172 1543 rare;
189 1500 253 1546 jus
274 1503 508 1536 testamenta
535 1499 632 1536 salsa
659 1510 888 1547 supponere,
910 1500 940 1536 si
966 1500 1047 1535 haec
1068 1500 1261 1547 suffragiis
1287 1504 1352 1536 aut

63 1553 168 1588 scitis
197 1551 458 1588 multitudinis
489 1553 760 1600 probarentur.
789 1553 881 1595 Quae
908 1552 938 1588 si
967 1555 1076 1588 tanta
1101 1556 1273 1599 potestas
1296 1560 1353 1589 est

64 1604 273 1641 stultorum
294 1605 492 1641 sententiis
512 1609 628 1652 atque
645 1605 776 1652 jussis,
796 1608 837 1640 ut
854 1615 989 1641 eorum
1009 1605 1204 1652 suffragiis
1224 1616 1352 1642 rerum

64 1661 204 1693 natura
222 1660 415 1703 vertatur3
437 1668 505 1693 cur
529 1667 607 1693 non
635 1658 826 1702 sanciunt,
849 1662 905 1703 ut,
928 1668 1015 1704 quae
1041 1658 1145 1693 mala
1171 1659 1355 1705 pernicio-

64 1719 184 1756 saque
213 1712 314 1754 sunt,
336 1709 554 1746 habeantur
581 1720 651 1757 pro
681 1710 793 1747 honis
820 1720 864 1746 ac
891 1710 1152 1746 salutaribus?
1182 1714 1249 1746 aut
1272 1722 1352 1756 cur,

62 1772 185 1808 quum
200 1761 265 1808 jus
285 1772 332 1798 ex
352 1762 495 1809 injuria
514 1763 575 1798 lex
595 1762 718 1799 facere
738 1763 874 1810 possit,
897 1763 1042 1799 bonum
1069 1763 1205 1799 eadem
1231 1763 1355 1801 facere

66 1822 140 1848 non
162 1814 283 1860 possit
306 1824 352 1849 ex
371 1814 500 1850 malo?
521 1814 638 1861 Atqui
665 1825 734 1850 nos
760 1815 886 1861 legem
907 1815 1050 1851 bonam
1079 1826 1101 1851 a
1121 1815 1225 1851 mala
1250 1816 1355 1852 nulla

64 1865 142 1901 alia
160 1865 233 1901 nisi
252 1869 401 1902 naturae
420 1876 558 1902 norma
576 1866 744 1902 dividere
759 1878 980 1914 possumus.
1004 1869 1079 1903 Nec
1097 1867 1222 1903 solum
1242 1867 1303 1914 jus
1319 1873 1356 1904 et

64 1917 205 1964 inJurIa
224 1928 247 1953 a
266 1921 405 1954 natura
425 1917 699 1964 dijudicantur,
716 1918 784 1954 sed
803 1920 962 1954 omnino
981 1919 1113 1955 omnIa
1133 1920 1295 1956 honesta
1313 1930 1355 1956 ac

65 1969 206 2016 turpia.
227 1969 324 2005 Nam
344 1972 382 2006 et
406 1970 623 2006 communis
644 1970 895 2016 intelligentm
917 1973 1027 2006 notas
1053 1972 1165 2007 nobis
1191 1982 1251 2007 res
1278 1972 1356 2007 effi-

21 2021 26 2030 ²
63 2021 127 2062 cit,
149 2031 289 2068 easque
315 2022 355 2057 in
384 2022 523 2057 animis
553 2022 696 2058 nostris
725 2022 932 2067 inchoavit,
958 2027 1000 2058 ut
1032 2021 1197 2059 honesta
1222 2024 1262 2059 in
1286 2023 1356 2059 vir-

67 2077 145 2109 tute
165 2076 372 2120 ponantur,
395 2074 433 2110 in
453 2075 554 2110 vitiis
574 2075 718 2121 turpia.
741 2075 827 2110 Haec
846 2077 975 2110 autem
998 2075 1037 2110 in
1058 2076 1240 2122 opinione
1257 2077 1356 2112 exis-

66 2126 216 2169 timare,
235 2136 313 2162 non
329 2126 368 2162 in
385 2128 523 2162 natura
537 2128 679 2173 posita,
698 2127 889 2163 dementis
903 2130 971 2164 est.
994 2128 1092 2164 Nam
1107 2139 1178 2164 nec
1192 2129 1354 2170 arboris,

67 2188 135 2214 nec
153 2173 241 2225 efrui
260 2178 392 2223 virtus,
417 2189 504 2226 quae
531 2179 671 2215 dicitur
698 2180 752 2225 (in
778 2190 855 2227 quo
882 2179 1081 2216 abutimur
1107 2181 1293 2226 nomine),
1318 2181 1355 2216 in

65 2230 244 2277 opinione
270 2231 345 2266 sita
374 2235 445 2276 est,
474 2232 541 2267 sed
573 2232 610 2267 in
643 2236 796 2268 natura.
828 2232 937 2274 Quod
957 2233 989 2268 si
1022 2233 1076 2269 ita
1101 2237 1170 2276 est,
1196 2233 1356 2269 honesta

65 2292 217 2329 quoque
237 2285 273 2318 et
295 2284 423 2329 turpia
444 2288 583 2320 natura
604 2284 850 2331 dijudicanda
872 2289 972 2320 sunt.
996 2286 1094 2321 Nam
1115 2285 1144 2321 si
1173 2285 1356 2332 opinione

66 2334 243 2371 universa
260 2335 392 2380 virtus,
413 2336 549 2372 eadem
570 2336 652 2384 ejus
675 2337 793 2373 etiam
821 2340 948 2384 partes
969 2337 1239 2384 probarentur.
1264 2337 1357 2380 Quis
