1554 2569
130 145 197 183 110
210 156 482 182 ETmCA.1.IB.11.
498 156 577 183 car.
590 156 645 182 111.
661 156 705 183 nr:
718 156 867 183 tici-raus
881 157 968 183 nun.
979 158 1016 183 m
1032 157 1114 183 om).
1127 157 1174 183 u>
1185 157 1317 192 sonuit,
1335 157 1411 184 s‘rc.

127 230 165 264 et
179 229 236 273 36,
258 227 308 263 ΙΙΙ
336 231 372 264 et
390 228 450 274 1V)
469 239 478 273 ;
497 248 542 253 -
564 230 614 273 30,
637 227 816 275 denique,
838 232 928 264 sunt
946 228 1101 273 Deisloe,
1120 229 1187 275 qui
1206 229 1328 264 Deum
1349 227 1415 264 ad-

126 279 287 316 mittunt
307 279 373 317 sed
394 281 475 327 eJ'us
495 280 778 328 providentiam
800 281 839 316 in
861 281 975 317 rebus
995 281 1176 317 humanis
1197 281 1414 329 denegant;

126 331 362 380 proindeque
382 332 429 369 ad
450 333 655 379 rationem,
676 333 878 381 legemque
897 334 1129 378 naturalem,
1148 334 1271 370 verbis
1291 344 1416 370 recur-

125 390 229 430 runt,
250 385 317 421 sed
337 396 493 422 omnem
519 385 644 431 legem
669 385 841 422 divinam
868 385 1072 434 denegant.
1102 386 1245 422 Contra
1269 386 1416 422 Deistas

124 438 219 473 etin
238 448 374 485 genere
391 442 526 475 contra
542 439 830 475 Autonomistas
851 439 1011 475 rationis
1028 439 1211 475 humanae
1225 438 1302 475 duo
1329 449 1414 486 pro-

125 490 253 526 banda
272 491 502 538 suscipimus
524 501 532 526 :
558 493 593 526 10
609 491 731 527 Deum
751 491 832 527 sine
857 491 1027 538 laesione,
1049 491 1115 528 sed
1136 492 1214 528 imo
1241 501 1310 538 pro
1335 501 1416 538 per-

126 543 288 579 fectione
313 548 456 579 nostrae
484 543 672 580 libertatis
702 554 812 591 posse
838 543 1061 581 bominibus
1091 545 1290 591 imponere
1313 543 1418 591 leges

125 596 329 642 positivas;
360 598 398 632 2⁰
430 607 510 632 esse
548 595 771 633 hominibus
806 597 1061 633 necessariam
1090 597 1260 644 aliquam
1291 596 1416 643 legem

124 648 305 685 divinam.
329 648 385 684 Sit
404 650 533 694 itaque
551 650 677 696 prima
687 649 880 685 conclusio
903 660 912 685 :

170 701 230 736 IV.
244 702 342 737 Deus
352 702 434 737 sine
450 702 698 746 detrimento,
713 702 790 738 imo
801 711 889 738 cum
903 703 1068 739 maximo
1078 702 1258 748 proiectu
1267 704 1415 739 nostra

123 753 319 790 libertatis
333 756 465 799 potest
479 755 682 800 suasleges
697 754 888 799 positivae
900 754 1121 791 hominihus
1128 754 1314 791 indicere.
1328 754 1416 789 Haec

126 806 338 852 propositio
355 806 486 852 negari
499 816 576 841 non
591 810 719 853 potest
738 808 832 853 quin
850 806 964 842 simul
976 807 1075 842 ratio
1093 807 1175 853 ipsa
1190 805 1414 853 denegetur.

123 859 219 894 ,Nam
238 862 294 894 est
312 858 444 905 procul
465 857 584 895 dubio
604 859 795 895 contraire
816 860 890 906 ipsi
909 859 1092 895 humanae
1111 859 1252 895 rationi
1273 868 1414 906 negare

125 922 147 946 a
165 911 241 947 Deo
264 911 347 946 fieri
380 921 504 958 posse,
532 910 636 958 quod
663 911 888 948 conceditur
916 922 1026 959 posse
1058 912 1141 948 fieri
1170 912 1218 948 ab
1243 911 1416 947 humana

131 963 372 1000 auctoritate.
394 964 524 1009 Atqui,
548 964 878 1000 consentientibus
901 964 994 1012 ipsis
1017 964 1303 1008 autonomistis,
1328 973 1413 999 auc-

125 1016 259 1052 toritas
288 1015 460 1052 humana
491 1016 572 1052 sine
605 1016 684 1052 ullo
720 1015 968 1061 detrimento,
1004 1017 1083 1052 imo
1118 1026 1207 1052 cum
1241 1015 1413 1063 profectu

125 1073 266 1104 nostrae
294 1069 498 1113 libertatis,
533 1073 658 1115 potest
686 1069 851 1105 condere
883 1074 921 1105 et
950 1070 1148 1116 imponere
1179 1069 1282 1117 leges
1310 1078 1410 1104 suaS.

124 1122 222 1169 Ergo
250 1125 317 1156 aut
342 1121 440 1157 Deus
467 1132 545 1157 non
572 1122 716 1167 existit,
739 1125 805 1157 aut
833 1121 933 1158 Deus
956 1132 980 1157 a
998 1121 1148 1157 fortiori
1181 1125 1306 1168 potest
1334 1121 1415 1155 sine

126 1173 204 1210 uno
229 1173 461 1209 detrimento
488 1174 566 1210 imo
588 1178 624 1209 et
644 1184 733 1209 cum
756 1175 929 1210 maximo
950 1173 1140 1210 libertatis
1169 1178 1312 1209 nostrae
1335 1183 1419 1220 pro-

125 1227 225 1262 fectu
241 1226 343 1272 leges
363 1236 450 1261 suas
471 1226 654 1272 positivas
675 1226 898 1262 hominibus
918 1225 1029 1262 ferre.
1052 1246 1096 1251 —
1115 1225 1193 1262 Hoc
1217 1236 1419 1273 argumen-

126 1284 209 1314 tum
240 1277 327 1314 talis
362 1283 417 1314 est
450 1277 664 1323 evidentiae‚
693 1283 735 1313 ut
765 1279 831 1324 qui
866 1279 1088 1314 inficiantur
1120 1278 1417 1324 possibilitatem

126 1331 369 1367 revelationis
386 1330 482 1379 legis
499 1331 675 1377 positivae
695 1329 849 1375 divinae,
873 1335 940 1366 aut
956 1330 1077 1366 Deum
1101 1340 1182 1365 esse
1204 1332 1334 1376 aperte
1355 1328 1419 1364 de-

130 1387 269 1430 negent
283 1387 321 1418 et
338 1383 469 1419 omnia
480 1383 712 1419 submittant
727 1383 850 1427 caecis,
864 1382 1044 1418 fatalibus
1058 1386 1096 1417 et
1106 1380 1417 1418 contradictoriis

130 1435 361 1483 quibusdam
390 1435 540 1482 legibus
567 1440 730 1480 naturoe,
748 1439 791 1470 ut
820 1435 921 1471 inter
939 1434 1036 1470 alios
1060 1433 1249 1481 Josephus
1269 1433 1418 1469 Ferrari

130 1493 168 1524 et
190 1488 380 1524 Ausonius
407 1487 592 1533 Franchi3
623 1491 689 1523 aut
716 1486 951 1523 atheismum
981 1486 1184 1534 palliatum
1215 1487 1418 1533 profitean-

131 1547 206 1586 tur,
227 1541 310 1577 loco
331 1541 397 1576 Dei
418 1540 597 1588 ponendo
613 1539 812 1577 Rationem
837 1540 965 1576 nescio
989 1550 1106 1586 quam
1126 1539 1358 1576 abstractam
1381 1543 1419 1574 et

132 1593 399 1637 universalem,
429 1603 516 1639 quae
541 1593 640 1628 Deus
669 1603 747 1628 non
780 1596 850 1638 est,
880 1602 1003 1639 neque
1030 1592 1130 1628 ratio
1156 1590 1417 1638 indiyidualis,

133 1645 198 1682 sed
219 1650 275 1682 est
293 1655 433 1692 purum
452 1644 632 1680 nihilum.
1249 1641 1251 1643 ’

175 1699 218 1734 V.
243 1699 391 1735 Praeter
412 1697 536 1744 legem
552 1696 774 1733 naturalem
795 1699 836 1733 et
854 1698 980 1743 legem
1003 1697 1223 1742 humanam,
1243 1706 1420 1733 necessa-

129 1752 231 1788 rium
240 1751 317 1787 fuit
325 1751 373 1787 ad
387 1750 643 1787 directionem
652 1750 832 1787 humanae
839 1750 933 1786 vitae
940 1749 1084 1786 hahere
1093 1750 1217 1795 legem
1234 1749 1416 1786 divinam.

133 1803 310 1839 Sistendo
319 1804 358 1839 in
368 1802 503 1839 ordine
514 1813 619 1839 mere
628 1803 809 1848 naturali,
820 1803 958 1849 loquor
974 1802 1020 1838 de
1028 1802 1171 1838 morali
1180 1802 1417 1839 necessitate.

130 1857 321 1893 Probatur
336 1856 545 1901 conclusio,
567 1865 654 1903 quae
673 1855 870 1892 estverhis
886 1855 978 1903 ipsis
997 1855 1034 1891 S.
1053 1854 1226 1900 Thomae,
1244 1854 1326 1899 1-11,
1347 1854 1417 1895 Qu.

131 1908 220 1954 XCI,
238 1908 353 1944 Artic.
373 1907 421 1944 lv
437 1917 630 1954 expressa,
653 1907 868 1943 rationibus
884 1906 1058 1954 ejusdem
1077 1906 1112 1943 S.
1136 1906 1322 1943 Doctoris.

177 1960 233 1997 Ad
268 1959 521 1997 directionem
557 1959 740 1997 humanae
768 1960 857 1996 vita>
882 1959 1140 1996 necessarium
1168 1963 1226 1995 est
1253 1965 1296 1994 ut
1331 1970 1419 1995 cum

131 2014 237 2050 omni
257 2013 487 2049 certitudine
505 2017 543 2049 et
560 2013 641 2049 sine
662 2012 739 2049 ulla
754 2011 996 2049 dubitatione
1010 2012 1182 2048 sciantur
1195 2022 1282 2059 quae
1296 2022 1420 2048 mora·

131 2066 280 2102 litatem
297 2066 520 2113 respiciunt,
540 2066 580 2101 in
601 2065 735 2101 ordine
758 2065 974 2113 praesertim
994 2063 1043 2100 ad
1061 2074 1282 2112 supremam
1304 2063 1419 2102 felici-

134 2123 265 2163 tatem,
286 2128 374 2164 quae
391 2128 530 2165 scopus
550 2123 607 2154 est
629 2119 747 2154 totius
767 2118 855 2155 vitae
875 2121 1031 2154 nostras.
1053 2117 1182 2163 Atqui,
1204 2121 1246 2152 ut
1268 2121 1420 2153 constat

133 2183 178 2207 ex
206 2171 320 2215 facto,
354 2175 511 2218 propter
537 2170 851 2207 incertitudinem
876 2169 1037 2206 humani
1053 2168 1203 2216 judicii,
1228 2169 1419 2217 praecipue

133 2223 179 2260 de
203 2223 499 2271 particularibus
519 2227 557 2258 et
576 2223 903 2270 contingentibus,
927 2227 965 2259 et
984 2226 1141 2270 propter
1162 2222 1357 2269 passiones
1383 2226 1420 2257 et

135 2287 270 2324 pravas
294 2275 593 2312 consuetudines
612 2277 684 2322 (24,
706 2276 772 2321 ΙΙΙ)
793 2275 984 2323 contingit
1006 2273 1053 2312 de
1071 2274 1220 2312 actibus
1240 2274 1420 2311 humanis

136 2330 375 2366 diversorum
398 2339 479 2365 esse
500 2328 650 2365 diversa
662 2328 823 2377 judicia,
846 2339 892 2365 ex
910 2328 1049 2375 quibus
1066 2327 1184 2364 etiam
1206 2326 1366 2364 diversae
1383 2332 1421 2362 et

134 2383 338 2421 contraria)
354 2382 457 2430 leges
470 2381 696 2431 procedunt,
717 2385 756 2418 et
771 2380 951 2427 quaedam
968 2381 1085 2418 etiam
1099 2384 1291 2429 proecepta
1301 2380 1421 2427 ipsius
