1584 2569
236 99 299 131 550
346 106 406 130 sus
426 104 588 130 NATunAE.
607 104 677 131 Lm.
707 104 732 129 1.
758 103 836 129 cnr.
858 104 896 128 ιι.
920 103 963 128 οε
986 104 1062 130 051².
1087 102 1175 129 nou.
1202 102 1295 129 ERGA
1324 104 1416 130 nunu

231 178 497 216 Tridentinum
525 175 623 213 Sess.
648 175 757 220 xxii,
783 175 873 222 Gap.
901 175 943 220 V,
971 175 1020 212 ad
1047 175 1308 212 defendendos
1337 177 1433 213 ritus
1460 189 1512 215 sa-

230 244 314 271 cros
329 231 535 268 Catholicae
551 229 740 266 Ecclesiae.

277 287 319 322 V.
331 286 449 321 NOTA.
467 284 678 321 Solvuntur
694 282 961 320 difficultatem
981 282 1151 330 Objt’ctz'o
1166 284 1312 329 prima.
1328 284 1439 329 Deus,
1460 285 1515 320 in-

231 341 314 387 quit
342 338 584 381 Thomasius,
612 347 689 372 non
721 340 807 383 eget
829 335 934 379 cultu
960 340 1131 372 externo.
1161 336 1284 382 Igitur
1305 336 1430 373 cultus
1457 348 1517 374 ex-

233 398 362 428 ternus
382 401 459 427 non
478 394 534 426 est
551 389 628 425 Deo
647 387 897 424 exhibendus.

277 446 385 490 Resp.
408 444 510 480 Hanc
525 442 780 489 obJectionem
801 440 949 478 sutilem
970 452 1050 478 esse
1065 442 1148 489 ¹jam
1167 441 1515 480 demonstravimus

231 498 269 534 in
292 498 417 544 primo
442 496 557 542 huJus
578 494 720 541 Capitis
742 494 910 529 Articulo
936 504 973 530 n.
999 494 1063 530 Vll
1084 495 1124 530 in
1145 505 1316 542 respons.
1345 495 1392 531 ad
1415 498 1447 540 1,
1470 517 1512 523 —

234 563 252 583 α
271 550 451 586 Instituta
467 552 569 592 sunt,
592 547 716 594 inquit
735 545 771 582 S.
800 546 981 592 Thomas,
1004 547 1147 584 Contra
1166 547 1327 584 Gentiles
1341 548 1413 584 loc.
1435 549 1513 594 cit.,

230 603 425 640 sensibilia
446 600 633 637 sacrificia
655 608 742 646 quae
764 598 882 635 homo
908 599 984 636 Deo
1008 599 1132 645 offert,
1155 611 1232 637 non
1259 605 1416 648 propter
1443 601 1513 638 hoc

230 655 332 702 quod
354 656 452 691 Deus
472 654 525 690 eis
545 652 729 700 indigeat,
753 651 818 688 sed
842 656 884 688 ut
909 657 1206 700 repraesentetur
1227 653 1390 699 homini,
1412 655 1515 700 quod

230 709 398 755 seipsum
422 711 459 742 et
478 706 609 742 omnia
624 714 694 742 sua
716 704 829 741 debet
848 705 987 741 referre
1008 705 1047 741 in
1070 706 1198 753 ipsum
1218 706 1316 742 sicut
1336 706 1375 742 in
1398 707 1515 744 finem

228 766 266 796 et
286 761 383 797 sicut
399 759 438 794 in
462 758 681 794 Creatorem
698 762 736 793 et
754 756 1059 794 Gubernatorem
1079 762 1117 794 et
1136 758 1344 795 Dominum
1368 759 1515 796 univer-

229 822 374 849 sorum.
391 825 405 844 ι

277 864 447 912 Objectio
466 863 644 901 secunda.
670 863 769 899 Deus
794 874 871 899 non
898 869 984 911 eget
1007 863 1251 901 adminiculis
1274 864 1513 901 sensibilium

229 922 273 955 ut
292 928 358 954 cor
383 917 613 961 humanum,
639 916 677 952 in
704 926 780 963 quo
808 919 866 952 est
887 916 1012 952 cultus
1038 917 1269 964 praecipuus,
1295 927 1432 963 nempe
1459 917 1513 952 in-

230 975 373 1016 ternus,
389 973 593 1006 scrutetur.
604 968 702 1016 Ergo
717 968 841 1004 cultus
853 973 1032 1005 externus
1045 970 1202 1005 omnino
1214 968 1430 1016 superfluus
1445 975 1512 1005 est.

273 1023 383 1070 Resp.
400 1023 504 1071 Nego
522 1021 772 1069 Suppositum
792 1026 828 1057 et
846 1022 1148 1069 consequentiam
1166 1022 1396 1069 argumenti.
1421 1022 1516 1069 Sup-

229 1077 339 1123 ponit
362 1076 464 1112 enim
485 1074 722 1112 adversarius
743 1073 847 1121 quod
867 1074 992 1110 cultus
1015 1078 1194 1111 externus
1215 1074 1445 1110 adhibeatur
1469 1085 1516 1110 ex

228 1130 294 1165 Dei
324 1128 549 1176 indigentia,
577 1137 665 1164 curn
694 1136 825 1163 verum
854 1127 903 1163 sit
932 1127 1106 1163 adhiberi
1130 1137 1175 1163 ex
1205 1127 1418 1174 indigentia
1450 1126 1515 1163 ho-

229 1183 357 1220 minis.
390 1196 408 1214 «
444 1181 676 1218 Exercentur
709 1180 826 1216 etiam
857 1180 904 1215 ab
935 1179 1157 1216 hominibus
1188 1179 1366 1227 quaedam
1399 1179 1516 1215 sensi·

229 1235 321 1271 bilia
346 1244 475 1282 opera,
501 1234 625 1281 inquit
653 1232 690 1269 S.
719 1232 885 1269 Thomas
910 1232 982 1269 loc.
1013 1233 1092 1278 cit.,
1120 1243 1197 1269 non
1231 1233 1370 1280 quibus
1394 1233 1515 1269 Deum

229 1288 408 1332 excitent,
429 1286 494 1323 sed
518 1287 657 1333 quibus
678 1286 823 1333 seipsos
843 1289 1049 1332 provocent
1069 1286 1108 1321 in
1125 1284 1274 1330 divina3
1290 1285 1388 1322 sicut
1411 1296 1514 1332 pros-

228 1341 427 1386 trationes,
458 1339 756 1388 genuflexiones,
783 1338 930 1375 vocales
957 1338 1142 1375 clamores
1172 1342 1209 1375 et
1231 1342 1365 1375 cantus
1391 1348 1399 1373 ε
1428 1348 1514 1385 quae

228 1403 306 1429 non
327 1393 426 1429 fiunt
444 1393 553 1439 quasi
573 1392 672 1428 Deus
695 1391 755 1427 his
778 1391 962 1438 indigeat,
984 1391 1050 1437 qui
1072 1391 1202 1427 omnia
1222 1391 1328 1427 novit
1348 1395 1386 1426 et
1405 1392 1515 1438 quus

228 1445 406 1482 voluntas
429 1449 485 1481 est
508 1443 774 1489 immutabilis,
800 1448 837 1480 et
860 1443 1039 1480 affectum
1066 1444 1206 1480 mentis
1229 1447 1266 1480 et
1292 1444 1409 1481 etiam
1436 1453 1516 1480 mo-

229 1503 312 1534 tum
332 1497 503 1545 corporis
522 1507 599 1533 non
622 1501 779 1544 propter
794 1507 833 1532 se
856 1501 1050 1543 acceptat;
1069 1496 1134 1533 sed
1158 1500 1316 1544 propter
1335 1506 1404 1532 nos
1428 1496 1514 1532 faci·

228 1561 329 1595 mus,
350 1555 393 1586 ut
409 1560 476 1597 per
490 1550 573 1586 haec
591 1549 787 1585 sensibilia
807 1559 923 1596 opera
943 1549 1105 1585 intentio
1124 1553 1256 1585 nostra
1277 1548 1513 1596 dirigaturin

229 1603 351 1639 Deum
380 1606 417 1638 et
443 1601 593 1638 affectio
622 1601 864 1638 accendatur.
894 1600 1016 1637 Simul
1045 1602 1161 1637 etiam
1196 1611 1263 1649 per
1292 1600 1365 1637 hoc
1393 1601 1514 1637 Deum

229 1656 457 1703 profitemur
475 1655 614 1691 animae
635 1658 673 1690 et
688 1654 858 1700 eorporis
879 1657 1088 1698 auctorem,
1111 1653 1172 1689 cui
1189 1657 1226 1690 et
1246 1653 1460 1701 spiritualia
1478 1658 1515 1689 et

228 1708 444 1755 corporalia
460 1707 645 1753 obsequia
659 1706 899 1743 exhibemus.
931 1720 946 1739 ι

277 1760 446 1807 objectio
475 1761 601 1797 tertia.
633 1759 765 1796 Cultus
795 1763 973 1795 externus
1005 1764 1061 1795 est
1094 1759 1241 1796 occasio
1277 1759 1513 1806 superstitio-

228 1814 301 1859 nis,
334 1812 549 1860 praesertim
577 1822 666 1847 vero
696 1811 821 1847 cultus
858 1812 1087 1859 imaginum.
1118 1812 1239 1859 Igitur
1271 1811 1516 1859 abrogandus

227 1871 298 1903 est.

275 1919 384 1966 Resp.
406 1918 607 1965 Distinguo
628 1918 845 1954 antecedens
857 1929 869 1953 :
881 1917 1006 1954 cultus
1018 1922 1198 1954 externus
1210 1922 1267 1953 est
1280 1918 1427 1954 occasio
1446 1928 1514 1965 per

228 1982 268 2008 se
290 1976 328 2007 et
347 1982 393 2008 ex
413 1981 481 2007 sua
501 1975 641 2007 natura
661 1970 957 2017 superstitionis,
980 1980 1072 2016 nego
1091 1981 1100 2015 3
1129 1981 1197 2017 per
1217 1970 1391 2006 accidens
1411 1974 1448 2007 et
1468 1980 1514 2006 ex

229 2024 432 2060 hominum
452 2024 589 2068 abusu,
608 2023 781 2060 concedo.
804 2043 848 2048 —
869 2023 963 2059 Cum
979 2023 1104 2058 cultus
1125 2028 1305 2058 externus
1319 2027 1396 2059 uta
1414 2023 1514 2070 prin-

229 2078 328 2123 cipio
346 2076 497 2112 formali
514 2076 696 2123 procedat
713 2077 758 2112 ab
779 2077 930 2112 interno
951 2079 988 2111 et
1008 2075 1055 2111 ad
1076 2076 1270 2111 internum
1288 2079 1427 2111 natura
1445 2086 1511 2111 sua

229 2128 440 2174 ordinetur,
453 2139 529 2164 non
546 2133 673 2176 potest
684 2133 823 2165 natura
836 2138 904 2164 sua
918 2128 1157 2164 occasionem
1174 2126 1263 2163 dare
1277 2127 1512 2175 superstitio-

229 2182 282 2217 ni.
306 2182 353 2217 At
378 2191 422 2216 eo
445 2181 659 2217 abutuntur
687 2181 919 2227 quandoque
946 2179 1136 2224 homines,
1165 2180 1263 2215 sicut
1293 2179 1377 2215 aliis
1403 2179 1513 2215 bonis

229 2234 442 2269 abutuntur
458 2242 565 2280 :quae
582 2233 613 2268 si
634 2237 675 2268 ut
690 2233 793 2269 mala
807 2237 931 2269 essent
951 2231 1239 2276 consideranda,
1259 2232 1349 2278 quia
1365 2232 1512 2268 malitia

230 2286 400 2322 humana
419 2286 465 2322 iis
484 2285 669 2329 abutitur,
683 2286 809 2321 nescio
825 2285 917 2332 quid
934 2285 1139 2321 honestum
1157 2284 1231 2321 dici
1247 2284 1413 2332 amplius
1431 2294 1513 2331 pos-

229 2343 298 2376 set.
316 2339 408 2383 Quae
423 2338 620 2387 responsio
642 2337 768 2374 danda
788 2339 930 2386 pariter
946 2342 1003 2374 est
1019 2337 1237 2374 difficultati
1259 2338 1357 2373 circa
1378 2337 1512 2384 imagi-
