1584 2569
382 107 465 132 aar.
485 107 525 131 11.
547 105 590 131 nn
609 105 752 130 NATURA
772 104 814 129 ar
833 104 987 129 susurra
1008 103 1109 128 astu
1324 92 1390 124 277

101 182 179 213 tate
196 182 234 215 et
260 182 457 213 conservet
476 178 514 213 in
536 187 642 223 pace.
663 177 747 212 Non
765 176 868 212 enim
887 186 962 223 pax
982 175 1170 222 quaeritur
1187 178 1228 208 ut
1248 172 1392 209 bellum

101 231 298 274 excitetur,
332 231 399 266 sed
429 230 564 266 bellum
582 229 737 277 yeritur,
752 234 793 264 ut
806 239 891 276 pax
910 227 1157 275 adquiratur.
1182 228 1271 262 Esto
1299 236 1392 272 ergo

101 284 217 319 etiam
248 283 426 320 bellando
456 284 651 331 pacificus,
683 287 725 317 ut
753 293 818 318 eos
847 292 944 329 quos
968 291 1179 328 expugnas,
1208 279 1256 315 ad
1288 279 1393 327 pacis

101 337 308 372 utilitatem
330 337 514 373 vincendo
536 336 737 384 perducas.
761 350 778 368 ι
799 337 989 371 —Potest
1006 338 1135 370 autem
1152 333 1392 380 contingere,

102 395 144 425 ut
176 390 224 425 sit
251 390 424 437 legitima
451 390 662 426 auctoritas
688 388 890 424 indicentis
916 387 1075 431 bellum,
1097 389 1212 434 prout
1232 386 1394 433 requirit

101 443 228 490 prima
253 443 438 488 conditio,
464 447 500 479 et
529 453 646 479 causa
671 442 785 489 justa,
811 442 909 477 sicut
932 442 971 476 in
992 440 1158 477 secunda
1175 439 1394 475 conditione

101 496 245 531 dictum
283 500 353 540 est,
387 501 423 532 et
458 495 710 531 nihilominus
748 497 903 542 propter
940 504 1099 541 pravam
1141 493 1392 529 intentionem

105 549 248 584 bellum
271 549 455 585 reddatur
477 549 680 596 injustum.
712 548 808 584 Dicit
829 547 931 584 enim
955 548 1115 594 ipsemet
1143 546 1393 593 Augustinus,

100 602 183 638 Lib.
208 602 302 637 XXII
323 607 458 638 contra
486 603 667 637 Faustum
699 600 971 637 manichaeum.
995 600 1086 647 Cap.
1102 599 1258 635 LXXIV:
1285 613 1300 631 ‹
1324 599 1396 633 No·

101 655 213 690 cendi
239 655 447 701 cupiditas,
478 654 686 691 ulciscendi
708 654 928 698 crudelitas,
951 653 1180 700 implacatus
1208 655 1244 688 et
1262 651 1395 698 impla-

101 708 236 745 cabilis
269 709 440 751 animus,
465 708 595 744 feritas
623 706 848 751 rebellandi,
881 706 999 743 libido
1028 705 1270 750 dominandi,
1309 707 1344 740 et
1363 705 1395 739 si

103 771 180 807 qua
207 760 360 804 similia,
384 761 464 796 hacc
491 765 581 796 sunt
608 771 692 807 quae
720 760 757 794 in
784 759 893 795 bellis
922 760 1008 806 jure
1041 758 1259 804 culpantur.
1287 771 1306 790 »
1332 757 1396 792 His

104 814 313 860 praemissis
334 814 381 849 sit
400 814 615 850 conclusio:

147 867 189 902 V.
203 867 365 909 Bellum,
385 868 552 903 servatis
565 868 776 912 servandis,
795 870 855 903 est
871 877 939 912 per
959 876 998 902 se
1015 866 1167 902 licitum
1187 875 1250 907 ;-
1263 865 1300 900 10
1315 864 1397 899 sive

102 920 154 955 sit
177 919 436 963 defensivmm
457 921 554 956 —20
570 921 652 957 sive
673 922 725 957 sit
751 921 980 957 offensivum
1006 919 1050 954 Et
1065 918 1199 965 prima
1238 916 1396 964 quidem

100 983 192 1017 pars
222 972 476 1008 conclusionis
505 974 566 1008 vix
599 973 827 1020 probatione
860 972 1019 1019 indiget.
1049 970 1248 1007 Societatis
1288 970 1396 1004 enim

103 1026 254 1070 potiora
280 1029 370 1061 sunt
385 1025 475 1072 jura
500 1036 619 1073 quam
641 1025 847 1061 individuae
873 1034 1071 1072 personae;
1093 1022 1161 1059 sed
1189 1021 1396 1058 individuae

102 1088 276 1123 personae
301 1078 448 1114 licitum
478 1084 536 1114 est
561 1080 638 1114 vim
664 1090 699 1114 vi
728 1078 927 1126 repellere,
955 1079 1104 1113 servato
1129 1075 1396 1112 moderamine

102 1131 306 1177 inculpatae
331 1131 462 1167 tutelae
489 1133 563 1176 (35,
592 1132 686 1175 VII).
710 1132 806 1179 Ergo
834 1143 857 1167 a
883 1130 1033 1166 fortiori
1054 1128 1227 1166 societati
1248 1128 1396 1164 licitum

102 1188 158 1219 est
178 1184 254 1219 vim
275 1184 348 1220 sibi
369 1184 518 1220 illatam
538 1185 571 1220 vi
589 1184 835 1232 propulsare:
858 1184 961 1231 quod
982 1187 1038 1219 est
1060 1183 1205 1219 bellum
1229 1180 1397 1217 defensi-

104 1248 207 1272 vum.
228 1257 274 1264 —
290 1237 396 1273 Adde
423 1248 512 1273 cum
540 1239 577 1274 S.
606 1238 754 1274 Thoma
779 1237 848 1273 loc.
865 1237 946 1279 cit„
963 1236 1069 1283 quod
1090 1236 1186 1271 sicut
1204 1235 1396 1281 principes

102 1289 202 1325 licite
233 1290 426 1326 materiali
458 1290 585 1337 gladio
609 1290 820 1326 defendunt
844 1290 1080 1331 societatem,
1111 1288 1172 1324 cui
1208 1291 1394 1333 praesunt‚

100 1347 235 1378 contra
261 1343 461 1379 interiores
493 1344 799 1391 perturbatores:
822 1344 876 1378 ita
896 1343 1014 1378 etiam
1038 1341 1168 1388 gladio
1185 1340 1318 1376 bellico
1342 1339 1391 1375 ad

102 1406 167 1432 eos
187 1397 351 1443 pertinet
370 1397 650 1444 rempublicam
669 1398 765 1432 tueri
787 1397 835 1432 ab
855 1396 1110 1431 exterioribus
1133 1394 1322 1430 hostibus.

147 1448 342 1485 Probatur
353 1450 518 1486 secunda
529 1460 639 1496 pars.
651 1449 797 1485 Etenim
808 1449 870 1495 jus
885 1447 1086 1496 proprium
1103 1451 1273 1493 repetere
1290 1445 1396 1481 licite

104 1506 242 1549 potest,
265 1513 342 1538 una
361 1504 481 1548 natio,
501 1503 597 1538 sicut
624 1507 749 1550 potest
772 1512 936 1548 persona
956 1501 1175 1544 individua3
1211 1499 1289 1535 imo
1315 1499 1394 1545 Juri

103 1555 257 1602 proprio
286 1559 412 1602 potest
437 1557 659 1592 renuntiare
685 1555 917 1602 quandoque
935 1554 1038 1597 civis,
1062 1558 1193 1590 atnon
1218 1553 1394 1600 princeps

104 1620 171 1655 per
187 1609 369 1656 seipsum,
392 1610 484 1657 quia
504 1609 585 1656 ejus
607 1609 776 1646 officium
795 1613 852 1645 est
877 1618 1101 1644 conservare
1125 1611 1161 1643 et
1192 1606 1394 1643 defendere

99 1663 188 1708 J'ura
219 1662 387 1697 nationis
415 1663 476 1699 cui
509 1663 703 1709 proesidet.
732 1663 888 1704 Quoties
915 1661 1029 1708 igitur
1049 1661 1190 1707 injuste
1212 1660 1339 1707 agitur
1356 1659 1395 1693 in

102 1715 225 1760 ipsam
251 1717 461 1759 nationem,
482 1716 545 1762 jus
569 1716 666 1752 inest
693 1716 840 1751 nationi
867 1714 1022 1762 petendi
1049 1718 1091 1750 ut
1112 1713 1182 1749 sibi
1209 1713 1397 1749 reddatur

105 1768 209 1814 quod
237 1778 304 1814 per
335 1768 516 1814 injuriam
543 1768 717 1804 ablatum
740 1772 810 1803 est.
838 1769 956 1803 Porro
984 1768 1015 1802 si
1045 1766 1224 1803 adessent
1245 1765 1397 1813 judices

104 1820 434 1860 internationales.
456 1832 623 1867 quorum
645 1820 864 1856 auctoritati
882 1819 1096 1866 judiciariae
1117 1818 1397 1865 subjicerentur

105 1874 280 1909 nationes
298 1873 506 1921 litigantes,
527 1874 725 1910 sententiae
746 1884 881 1909 eorum
898 1872 1071 1919 judiciali
1099 1877 1200 1908 stare
1223 1875 1396 1907 teneren-

106 1931 181 1971 tur,
194 1927 291 1962 sicut
308 1937 474 1974 persona
497 1927 663 1974 privata;
686 1931 725 1962 at
740 1925 804 1961 illo
821 1925 1005 1961 tribunali
1015 1935 1092 1960 non
1108 1925 1306 1968 existente,
1319 1934 1395 1959 non

107 1980 182 2016 alia
201 1979 263 2015 via
280 1980 449 2028 suppetit
465 1981 538 2015 nisi
556 1980 713 2025 bellum,
733 1989 808 2026 quo
824 1979 928 2014 natio
951 1978 1100 2014 offensa
1120 1978 1258 2024 repetit
1281 1978 1396 2012 armis

106 2036 141 2067 et
178 2033 359 2070 violentia
383 2033 487 2080 quod
520 2032 592 2068 sibi
622 2035 824 2068 recusatur
847 2032 1000 2078 injuste.
1032 2032 1131 2077 Ergo
1161 2031 1309 2066 licitum
1341 2034 1397 2066 est

107 2085 250 2122 bellum
278 2085 520 2131 ostensivum,
548 2086 639 2134 quia
670 2085 819 2121 licitum
850 2089 907 2120 est
936 2084 1084 2120 nationi
1113 2084 1202 2130 jura
1239 2083 1396 2131 propria

109 2144 292 2186 vepetere,
349 2151 435 2187 quae
487 2140 640 2176 nonnisi
683 2138 796 2183 bello,
848 2149 893 2174 ex
943 2137 1164 2185 hypothesi,
1222 2139 1396 2183 possunt,

107 2213 151 2218 —-
177 2192 270 2229 Hinc
286 2197 342 2228 est
359 2192 464 2240 quod
485 2192 700 2229 communis
718 2202 852 2228 sensus
869 2191 1045 2227 omnium
1069 2190 1169 2226 hanc
1197 2190 1396 2225 veritatem

107 2245 277 2289 retinuit,
313 2250 350 2282 et
387 2246 425 2282 in
461 2247 546 2293 ipsa
581 2246 695 2282 Sacra
722 2245 920 2291 Scriptura
938 2244 1037 2280 bella
1057 2242 1395 2285 commendantur,

109 2302 189 2333 tum
219 2297 426 2340 defensiva,
458 2301 540 2334 tum
573 2298 767 2335 offensiva.
784 2319 829 2323 —
852 2297 982 2333 Verbis
1013 2298 1126 2344 Aug„
1148 2297 1228 2332 XIX
1249 2295 1293 2330 de
1314 2295 1395 2331 Civ.

107 2351 192 2396 Dei,
214 2352 302 2398 Cap.
327 2351 416 2397 vm,
441 2351 648 2388 concludo:
674 2366 688 2384 ι
711 2351 941 2396 iniquitas...
964 2350 1083 2394 partis
1111 2349 1277 2385 adversm
1290 2348 1398 2390 justa
