1554 2569
145 171 190 206 94
214 179 356 206 mincis..
381 178 452 206 mn.
474 178 513 204 ιι.
535 178 614 204 mr.
637 178 674 205 n.
693 177 737 202 nx
761 177 907 202 ACTIBGS
931 174 1087 202 umarus
1113 177 1151 202 m
1177 176 1323 213 onom,
1350 178 1427 204 Ere.

143 252 293 288 Etenim
313 250 509 298 passiones
528 250 567 285 in
593 260 632 284 se
652 253 817 295 sumpta>
837 247 1074 284 definiuntur
1097 259 1105 283 :
1134 253 1254 284 molus
1273 249 1429 296 quidam

144 304 320 342 sensitivi
329 314 395 339 seu
411 302 656 339 irrationalis
672 301 876 348 appetitus.
893 301 1006 348 Atqui
1021 302 1213 349 appetitus
1229 303 1430 338 sensitivus

145 360 184 396 in
202 369 240 394 se
255 360 445 405 sumptus,
461 359 595 403 utpote
606 365 737 391 carens
751 354 926 390 libertate
942 358 981 390 et
997 353 1169 390 dominio
1185 356 1429 402 propriorum

145 416 315 454 actuum,
336 419 413 445 non
433 412 560 456 potest
580 418 661 444 esse
678 406 894 453 subjectum
917 406 1146 442 moralitatis
1164 409 1213 453 (9,
1232 407 1310 453 111).
1331 407 1430 455 Ergo

145 473 269 510 neque
289 466 395 498 actus
415 461 607 508 appetitus
626 459 797 496 sensitivi
819 469 886 494 seu
912 459 1108 506 passiones
1134 459 1344 496 moralitati
1364 470 1432 508 per

147 528 185 553 se
196 516 407 562 subjacent.
422 513 591 560 -Atqui
608 512 801 559 appetitus
815 512 1018 548 sensitivus
1035 512 1074 548 in
1091 512 1248 548 homine
1260 513 1433 559 subjacet

147 568 309 617 imperio
326 566 498 611 rationis,
520 570 620 602 etex
636 565 710 602 hoc
737 565 820 613 ipso
840 569 947 601 actus
966 565 1060 612 ejus,
1083 569 1216 613 utpote
1236 566 1415 613 imperati

147 621 312 657 induunt
328 619 585 656 moralitatem
601 618 719 665 ipsius
734 621 840 655 actus
856 617 1065 654 voluntatis
1084 618 1309 666 imperantis
1329 619 1434 664 (sunt

147 684 284 722 nempe
312 672 518 710 voluntarii
546 671 605 707 vel
633 682 678 706 ex
708 681 751 706 eo
784 670 887 717 quod
905 681 927 706 a
957 671 1152 706 voluntate
1177 672 1431 719 imperantur,

146 727 205 763 vel
229 737 276 762 ex
306 736 350 761 eo
379 724 483 772 quod
518 734 594 759 non
628 723 910 770 prohibentur),
943 727 985 758 ut
1013 722 1159 759 dictum
1186 728 1242 759 est
1269 725 1340 768 (17,
1371 723 1430 768 V),

147 780 245 826 Ergo
265 781 303 814 et
327 777 537 825 passiones,
568 786 654 822 quae
683 780 771 811 sunt
798 776 869 822 ipsi
898 779 1004 811 actus
1024 776 1218 823 appetitus
1249 776 1431 821 sensitivi,

148 831 313 868 induunt
337 829 596 866 moralitatem
626 829 745 875 ipsius
778 832 885 864 actus
910 828 1040 864 liberae
1067 828 1273 864 voluntatis
1304 829 1433 876 prouti

148 883 309 931 imperio
331 882 491 918 rationis
510 881 779 927 subjiciuntur.

193 937 240 973 11.
258 935 376 970 NOTA.
399 934 616 970 Stoicorum
636 936 676 969 et
696 933 1042 978 Peripateticorum
1059 934 1264 970 sententiae
1284 933 1330 969 de
1348 943 1434 979 pas-

148 989 332 1026 sionibus.
355 986 441 1023 Fuit
461 986 611 1029 Stoicis,
633 985 727 1021 duce
748 986 911 1030 Zenone,
933 986 1062 1032 opinio
1084 996 1217 1021 omnes
1239 986 1434 1033 passiones

148 1052 228 1077 esse
245 1040 379 1085 malas,
404 1042 519 1086 atque
537 1037 622 1074 ideo
648 1037 861 1074 inserebant
880 1038 1092 1085 sapientem
1112 1048 1192 1074 esse
1210 1049 1287 1074 non
1309 1047 1432 1086 posse,

147 1095 214 1142 qui
243 1102 376 1139 expers
400 1091 625 1139 passionum
654 1100 731 1126 non
759 1093 869 1126 esset.
891 1090 1033 1127 Contra
1058 1090 1299 1137 Peripatetici
1332 1094 1434 1126 tene-

149 1147 241 1182 bant
260 1144 455 1192 passiones
475 1141 694 1179 moderatas
713 1153 793 1178 esse
822 1142 955 1187 bonas,
985 1142 1106 1178 maias
1131 1153 1219 1178 vero
1240 1143 1435 1190 passiones

148 1197 436 1235 immoderatas.
466 1195 558 1237 Quae
586 1194 743 1241 quidem
767 1194 982 1231 differentia
1010 1196 1110 1230 inter
1133 1195 1279 1231 Stoicos
1306 1200 1343 1231 et
1371 1196 1435 1231 Pe-

149 1250 368 1298 ripateticos
379 1248 555 1296 quamvis
571 1248 697 1294 prima
719 1247 841 1283 fronte
861 1252 898 1283 et
917 1247 1127 1283 secundum
1146 1258 1277 1283 vocem
1294 1258 1437 1295 magna

148 1304 337 1347 videatur,
376 1306 503 1336 tamen
530 1299 741 1336 secundum
770 1310 851 1335 rem
884 1300 943 1336 vel
965 1300 1071 1336 nulla
1096 1304 1165 1345 est,
1183 1300 1242 1336 vel
1264 1311 1381 1347 parva
1404 1300 1435 1337 si

149 1357 233 1403 quis
265 1359 518 1401 utrorumque
552 1353 782 1389 intentiones
819 1352 1045 1389 consideret.
1078 1353 1195 1389 Stoici
1229 1354 1331 1389 enim
1369 1357 1436 1388 aut

148 1408 254 1444 nullo
289 1406 420 1452 modo,
451 1410 518 1441 aut
551 1416 628 1441 non
663 1406 755 1441 satis
787 1405 1052 1442 discernebant
1082 1406 1183 1441 inter
1212 1416 1365 1441 sensum
1399 1409 1436 1441 et

150 1460 398 1503 intellectum,
430 1463 467 1494 et
498 1461 776 1504 consequenter
813 1458 1009 1504 passiones
1039 1458 1233 1505 appetitus
1267 1459 1436 1493 sensitivi

150 1524 236 1549 cum
256 1512 427 1548 motibus
456 1511 574 1557 ipsius
602 1509 810 1546 voluntatis
836 1509 1137 1554 identificabant,
1159 1521 1297 1557 easque
1320 1511 1436 1546 habe-

149 1567 242 1601 bant
259 1570 301 1600 ut
320 1568 450 1600 motus
476 1567 584 1599 extra
610 1563 751 1598 limites
780 1563 940 1598 rationis
965 1563 1266 1610 progredientes.
1292 1564 1373 1605 Quo
1398 1564 1436 1599 in

150 1628 262 1653 sensu
289 1616 486 1664 passiones
515 1619 603 1650 sunt
637 1614 771 1662 procul
800 1614 916 1651 dubio
946 1615 1071 1658 malae,
1109 1620 1145 1651 et
1180 1626 1310 1651 revera
1347 1620 1437 1652 sunt

150 1670 288 1706 animae
307 1668 443 1713 morbi,
475 1673 516 1704 ut
545 1667 690 1703 Tullius
719 1667 811 1703 dicit
838 1668 876 1702 in
896 1668 1008 1703 Libro
1033 1668 1082 1703 III
1132 1665 1438 1702 Tusculanarum

150 1724 302 1769 Dz'spp.,
337 1722 426 1769 Cap.
457 1721 517 1766 IV,
548 1731 741 1767 exponens
771 1719 986 1756 Stoicorum
1016 1721 1251 1768 opinionem,
1283 1732 1328 1756 ex
1360 1731 1436 1767 quo

150 1775 312 1811 infertur
328 1773 429 1821 quod
457 1774 523 1820 qui
549 1773 721 1809 morbosi
747 1777 849 1817 sunt,
871 1773 954 1808 sani
972 1783 1049 1808 non
1069 1777 1184 1819 sunt3
1210 1777 1247 1809 et
1267 1774 1332 1820 qui
1354 1774 1437 1808 sani

150 1839 225 1863 non
253 1832 354 1871 sunt,
381 1826 604 1873 insipientes
630 1829 731 1861 sunt.
764 1824 870 1861 Unde
897 1836 1007 1861 verus
1039 1826 1189 1872 sapiens
1209 1820 1336 1862 careat
1355 1837 1438 1872 pas-

150 1879 322 1915 sionibus
348 1889 499 1915 neccsse
523 1882 592 1914 est.
624 1898 669 1904 —
695 1877 835 1914 Contra
859 1878 1102 1926 Peripatetici
1122 1879 1335 1926 appetitum
1356 1889 1438 1914 sen-

150 1933 305 1967 sitivum
335 1931 381 1967 ab
403 1930 632 1967 intellectivo
657 1940 744 1966 vere
771 1930 1070 1978 distinguebant,
1099 1935 1214 1978 atque
1242 1932 1437 1978 passiones

150 1995 226 2020 non
246 1988 375 2019 motus
394 1983 617 2027 voluntatis,
636 1982 702 2019 sed
720 1993 852 2019 sensus
869 1982 1060 2019 dicebant.
1087 1983 1271 2025 QuocIrca
1291 1984 1438 2030 sapien-

154 2038 225 2072 tius
254 2040 291 2072 et
316 2036 442 2072 verius
467 2035 747 2072 concludebant
773 2039 908 2071 contra
937 2035 1095 2080 Stoicos,
1132 2036 1328 2083 passiones
1358 2046 1438 2071 esse

151 2091 269 2124 bonas
289 2092 326 2124 et
346 2087 430 2124 idco
449 2098 525 2123 non
542 2098 624 2123 esse
654 2087 795 2123 animae
827 2087 983 2123 morbos
1012 2098 1100 2123 cum
1126 2092 1215 2123 sunt
1241 2099 1263 2124 a
1289 2089 1438 2124 ratione

150 2140 381 2185 moderatae3
400 2150 479 2176 esse
502 2150 590 2176 vero
614 2140 735 2175 malas
765 2140 980 2187 animaeque
1004 2140 1160 2176 morbos
1177 2140 1438 2176 concedebant

151 2192 300 2237 Stoicis,
331 2202 419 2227 cum
452 2196 541 2227 sunt
566 2196 705 2239 praeter
741 2191 988 2228 moderamen
1008 2193 1182 2230 rationis.
1200 2212 1245 2218 —
1266 2192 1345 2238 1-11‚
1365 2193 1435 2235 Qu.

149 2244 271 2289 XXIV,
292 2244 406 2280 Artic.
427 2244 471 2280 11.

194 2297 260 2333 111.
292 2297 470 2341 Quaestio.
503 2297 616 2343 Atqui
636 2298 845 2343 passiones,
872 2297 959 2334 licet
989 2302 1068 2334 toto
1097 2298 1193 2334 coelo
1223 2298 1365 2335 distent
1389 2299 1437 2335 ab

150 2349 364 2385 actionibus
383 2349 604 2394 voluntatis,
631 2351 729 2386 sicut
756 2350 970 2388 intellectus
997 2350 1113 2386 distat
1137 2362 1159 2387 a
1181 2362 1307 2398 sensu,
1326 2351 1437 2388 nihil-

151 2402 303 2438 ominus
321 2405 428 2438 aetus
445 2406 533 2437 sunt
551 2412 731 2438 sensuum
749 2413 885 2450 nempe
907 2402 1132 2439 facultatum
1153 2405 1436 2440 sensitivarum.
