1584 2569
96 139 166 164 ΑΜ·
185 138 237 163 111.
259 137 302 162 DE
321 137 545 163 uunmomo
566 138 601 162 m
621 135 821 161 RELATIONE
847 136 916 161 cun
941 134 1139 160 pensum
1165 133 1275 158 civim
1301 125 1365 157 201

83 210 309 246 claravimus
335 212 402 245 aut
424 209 697 256 probavimus:
723 222 739 240 ι
763 208 804 242 In
825 207 896 252 his,
917 217 1002 253 quae
1024 207 1218 254 pertinent
1239 205 1286 241 ad
1313 206 1370 240 in·

83 263 261 299 teriorem
280 266 431 297 motum
453 261 674 304 voluntatis,
697 260 815 296 homo
838 271 915 295 non
938 265 1088 295 tenetur
1110 258 1260 294 homini
1282 258 1370 293 obe·

83 316 163 352 dire
177 315 242 351 sed
259 315 384 351 solum
401 315 492 350 Deo.
511 314 677 350 Tenetur
690 318 819 349 autern
835 313 952 349 homo
974 312 1123 348 homini
1140 314 1186 356 (et
1200 312 1371 358 loquitur

82 369 124 404 de
151 367 442 415 Superioribus)
470 367 624 403 obedire
651 368 689 402 in
716 367 788 411 his,
818 376 903 413 quae
939 366 1106 401 exterius
1135 376 1202 412 per
1230 375 1370 411 corpus

82 426 170 457 sunt
189 420 351 468 agenda,
369 421 408 456 in
426 420 565 467 quibus
583 425 712 455 tamen
731 419 934 455 secundum
949 430 1004 463 ea,
1024 429 1107 465 quoe
1121 418 1172 453 ad
1188 422 1371 453 natm-am

82 474 255 521 corporis
278 473 483 520 pertinent,
511 473 629 508 homo
655 473 805 509 homini
834 472 987 508 obedire
1017 483 1094 507 non
1125 476 1277 507 tenetur
1304 471 1369 506 sed

81 528 206 563 solum
231 527 322 572 Deo,
349 527 440 574 quia
466 537 599 563 omnes
626 526 802 562 homines
822 530 965 562 natura
991 529 1080 560 sunt
1106 535 1237 572 paresg
1260 528 1369 571 puta,

81 581 121 616 in
132 580 192 616 his
203 590 290 626 quae
304 580 498 627 pertinent
512 579 559 615 ad
572 579 746 626 corporis
758 580 1069 615 sustentationem
1083 583 1119 614 et
1125 578 1252 624 prolis
1266 588 1370 624 qene-

82 634 286 669 rationem.
310 632 416 668 Unde
445 643 523 668 non
554 636 733 667 tenentur
760 642 829 667 nec
857 632 954 667 servi
985 631 1172 674 dominis,
1202 641 1271 666 nec
1300 630 1369 665 filii

82 686 305 734 parentibus
315 684 469 721 obedire
480 685 524 721 de
535 684 780 720 matrimonio
797 685 1065 728 contrahendo,
1078 684 1135 720 vel
1145 683 1371 730 virqinitate

82 739 282 784 servanda,
309 743 376 774 aut
400 738 530 785 aliquo
552 738 626 773 alio
648 737 885 784 hujusmodi.
907 737 978 773 Sed
1005 739 1043 773 in
1063 737 1122 772 his
1146 748 1231 784 quae
1256 737 1370 784 perti·

82 797 174 828 nent
203 791 250 827 ad
276 791 571 838 dispositionem
604 795 760 827 actuum
789 795 827 827 et
852 802 981 827 rerum
1016 791 1275 826 humanarum
1313 792 1371 836 (en

82 846 232 891 effectus
248 844 407 889 civiles),
423 848 575 879 tenetur
593 843 770 879 subditus
787 855 854 879 suo
870 844 1058 890 superiori
1073 843 1227 880 obedire
1244 855 1372 880 secun·

82 897 171 933 dum
189 897 377 933 rationem
397 896 710 943 superioritatz'33
732 897 829 932 sicut
855 897 964 932 miles
992 896 1078 932 duci
1105 898 1306 942 exercitus,
1330 898 1372 932 in

82 951 144 987 his
163 961 246 997 quoe
261 951 448 996 pertinent
464 949 516 984 ad
531 948 688 993 bellum3
711 960 839 985 servus
857 949 1029 994 domino,
1050 950 1090 985 in
1105 950 1166 985 Itis
1187 962 1269 997 quoe
1282 963 1371 998 per-

83 1004 201 1040 tinent
220 1003 272 1039 ad
292 1003 452 1039 servilia
477 1013 593 1048 opera
618 1002 854 1048 exequenda3
877 1003 978 1038 filius
1005 1004 1118 1050 patri,
1144 1006 1185 1039 in
1205 1004 1266 1040 his
1289 1016 1372 1051 quse

81 1057 269 1104 pertinent
285 1056 337 1092 ad
354 1055 606 1101 disciplinam
625 1056 713 1091 vine
728 1060 761 1090 et
777 1066 909 1091 curam
929 1056 1181 1098 domesticam,
1203 1062 1238 1092 et
1256 1058 1307 1093 sic
1326 1058 1371 1093 de

84 1110 181 1145 aliis.
203 1124 219 1141 »
242 1109 431 1144 Hactenus
453 1108 489 1143 S.
509 1108 689 1143 Thomas.

128 1162 211 1197 VIII
218 1161 346 1197 NOTA.
357 1161 570 1197 Solvuntur
581 1161 953 1198 difficultates—Ob
951 1163 1071 1208 jectio
1075 1164 1221 1209 prima.
1235 1164 1372 1200 Sssho·

83 1226 166 1251 mas
183 1214 351 1249 1V.Dist.
368 1213 526 1258 XXXIII,
543 1214 612 1254 Qu.
628 1214 656 1256 1,
669 1215 746 1248 Art.
762 1214 789 1257 Ι,
806 1214 853 1249 ad
869 1215 902 1249 4.
921 1214 966 1249 de
981 1216 1372 1263 personisillegitimis

83 1267 131 1303 ad
148 1266 441 1302 matrimonium
461 1265 768 1301 contrahendum
789 1266 872 1302 haec
893 1267 1008 1303 habet
1027 1278 1035 1303 :
1061 1281 1077 1300 ι
1096 1267 1272 1305 Personae
1293 1270 1372 1305 ille·

86 1320 230 1367 tigimae
247 1318 294 1355 ad
311 1318 603 1354 matrimonium
621 1318 926 1354 contrahendum
948 1319 1129 1355 dicuntur
1144 1332 1189 1356 ex
1206 1332 1250 1357 eo
1269 1323 1372 1369 quod

83 1377 174 1408 sunt
193 1375 326 1407 contra
341 1371 479 1418 legem,
498 1381 575 1416 qua
592 1372 884 1406 matrimonium
903 1373 1162 1408 constituitur.
1181 1374 1373 1410 Matrimo-

83 1425 191 1461 nium
209 1428 337 1460 autem
356 1423 585 1469 inquantum
601 1427 654 1458 est
670 1424 708 1459 in
727 1423 897 1460 officium
918 1429 1079 1470 naturae,
1095 1427 1278 1462 statuitur
1290 1428 1373 1475 lege

85 1481 256 1521 naturae3
273 1476 504 1522 inquantum
525 1481 582 1511 est
601 1481 898 1521 sacramentum,
921 1478 1104 1514 statuitur
1116 1479 1202 1525 jure
1224 1480 1371 1523 divin03

83 1531 314 1576 inquantum
329 1533 384 1564 est
399 1529 437 1563 in
454 1528 625 1564 officium
643 1530 947 1575 communitatis,
964 1532 1146 1566 statuitur
1159 1532 1242 1579 lege
1259 1533 1371 1568 civili.

82 1583 129 1618 Et
154 1582 238 1619 ideo
262 1593 308 1617 ex
331 1581 502 1628 qualibet
527 1581 717 1617 dictarum
743 1583 872 1630 legum
899 1588 1026 1630 potest
1051 1585 1180 1631 aliqua
1212 1597 1375 1633 persona

84 1636 183 1672 effici
202 1635 251 1671 ad
267 1635 562 1670 matrimonium
585 1635 920 1682 (contrahendum)
941 1637 1154 1684 illegitima.
1176 1653 1191 1671 ι
1212 1639 1310 1686 Ergo
1328 1651 1373 1675 ex

84 1688 275 1725 sententia
294 1687 330 1723 S.
350 1687 507 1722 Thomae
528 1688 821 1723 matrimonium
839 1689 1043 1735 subjicitur
1060 1692 1240 1737 potestati
1258 1693 1371 1727 civili.

130 1742 239 1787 Resp.
255 1740 455 1787 Distinguo
474 1751 619 1786 conseq.
638 1752 646 1776 :
666 1741 720 1776 Ex
736 1743 926 1778 sententia
945 1742 981 1777 S.
1002 1743 1159 1779 Thomae
1178 1746 1375 1780 matrimo-

85 1793 194 1829 nium
208 1792 411 1838 subjicitur
423 1793 604 1838 potestati
620 1793 720 1828 civili
734 1794 861 1839 quoad
874 1794 1029 1830 effectus
1041 1796 1180 1841 civiles,
1193 1798 1352 1833 concedo
1365 1811 1372 1841 3

86 1844 213 1891 quoad
250 1843 456 1887 vinculum,
492 1854 598 1890 neyo.
631 1864 675 1870 —
711 1845 802 1886 Quae
840 1846 879 1880 in
919 1846 990 1881 hac
1028 1858 1067 1882 re
1099 1849 1148 1882 sit
1186 1852 1375 1885 sententia

87 1898 124 1933 S.
155 1897 312 1932 Thomae
342 1901 471 1943 aperte
503 1901 653 1932 constat
684 1907 730 1931 cx
762 1897 925 1944 palmari
962 1898 1149 1945 doctrina,
1184 1911 1301 1946 quam
1338 1904 1373 1937 izi

86 1950 311 1997 probatione
338 1949 455 1984 thesis
486 1949 719 1996 transcripsi.
747 1950 831 1996 Ipse
857 1950 1049 1986 subtrahit
1081 1954 1371 1990 matrimonium

87 2002 266 2050 potestati
281 2001 381 2037 civili
396 2001 522 2048 quoad
536 2003 815 2047 yenerationem
826 2003 954 2048 prolis
970 2004 1038 2038 sub
1055 2015 1129 2050 quo
1149 2017 1260 2041 sensu
1278 2008 1375 2042 (ἵει-υἱ-

85 2056 192 2102 yitur
211 2055 253 2090 in
271 2055 382 2101 finem
402 2064 424 2089 a
443 2059 582 2089 natura
599 2054 809 2090 inclinante
828 2055 869 2090 in
885 2056 985 2092 hunc
1004 2057 1127 2103 finem,
1149 2063 1182 2093 et
1204 2061 1260 2094 sic
1278 2061 1375 2096 ‹lici-

88 2113 151 2144 tur
171 2118 247 2144 esse
266 2112 417 2142 παίω-ιε
442 2107 615 2153 officium
635 2112 676 2142 ut
702 2108 782 2154 ipse
809 2107 980 2154 loquitur
1006 2110 1052 2144 ΙΨ
1077 2110 1218 2147 Contra
1248 2112 1375 2148 Genea>-

87 2161 178 2207 Cap.
201 2159 398 2203 LXXV111;
425 2160 490 2195 sed
518 2160 626 2205 ponit
656 2161 949 2196 matrimonium
979 2163 1234 2208 regulandum
1262 2176 1283 2200 a
1309 2177 1375 2212 pe·

83 2216 218 2249 testate
239 2212 344 2249 civili
364 2213 491 2260 quoad
511 2213 646 2249 bonum
667 2213 888 2259 politicum,
911 2218 953 2250 ut
975 2214 1115 2252 ibidem
1135 2216 1253 2259 addit,
1271 2217 1373 2263 quod

82 2264 241 2312 respicit
254 2265 352 2301 solos
371 2265 533 2302 effectus
551 2266 700 2302 civileS.
714 2286 759 2292 -—
774 2266 904 2303 Relate
922 2278 1014 2303 vero
1031 2268 1078 2304 ad
1101 2269 1372 2314 impedimenta

83 2317 294 2354 dicendum
311 2318 506 2365 imprimis
524 2329 568 2354 ea
584 2318 771 2355 inducere
788 2330 930 2356 novam
945 2321 1200 2367 quaestionem
1215 2321 1370 2357 distinc-

83 2375 160 2408 tam
181 2370 228 2408 ab
246 2381 290 2407 ea
307 2381 425 2418 quam
445 2371 651 2418 agitamus.
674 2372 715 2407 In
735 2371 907 2409 officium
929 2377 1075 2409 naturae
1098 2377 1155 2409 est
1174 2374 1370 2410 matrimo-
