1584 2569
529 158 627 183 mnrx
649 156 894 184 anpuannncus
1294 147 1353 182 367

65 226 331 260 ‚udisset-entia.
365 227 412 259 De
441 226 673 259 indifferentia
705 227 873 269 requisita
907 226 951 261 ad
981 225 1189 266 libertatem,
1226 226 1264 259 P.
1301 226 1358 266 50,

102 274 190 306 VIII.
217 291 259 297 —
282 274 423 314 Species
450 273 691 306 indifferentiae
719 284 728 305 ι
750 273 861 307 activa
885 277 920 306 et
945 274 1105 316 passiva3
1131 273 1300 314 objectiva
1323 278 1357 304 et

102 320 294 362 subjectiva
325 329 387 354 seu
411 320 566 354 formalis
597 331 607 361 ;
648 320 916 363 specificationis
947 329 1010 353 seu
1041 320 1293 353 contrarietatis
1323 325 1357 352 et

102 367 255 400 exercitii
283 376 345 400 seu
374 367 670 408 contradictioniS,
699 368 844 409 physica
873 371 908 400 et
931 367 1086 408 moralis,
1118 367 1208 399 VIII.
1241 385 1283 390 -
1308 367 1355 399 De

102 413 217 454 specie
239 413 478 446 indifferentiae
498 412 675 455 requisitae
699 414 741 446 ad
767 414 975 455 libertatem,
996 414 1026 448 X
1052 418 1086 446 et
1116 422 1215 455 seqq.
1245 430 1282 436 ——-
1306 413 1357 446 De

103 460 349 502 indifferentia
367 464 511 494 actuum
525 460 776 501 humanorum,
797 462 843 494 M.
863 461 915 494 15.
936 479 974 485 -
989 460 1224 494 Indifferentia
1243 469 1356 493 mora=

102 507 157 548 lis,
172 509 198 540 1.
218 525 257 532 -
271 509 405 540 Dantur
420 511 518 540 actus
534 508 679 540 humani
698 507 874 542 moraliter
892 508 1140 548 indifferentes,
1162 507 1357 540 secundum

102 555 268 595 speciem,
284 554 345 587 111.
359 572 399 578 —
412 555 558 587 Necesse
569 560 622 587 est
636 563 777 587 omnem
792 559 908 588 actum
923 554 1076 588 hominis
1094 564 1115 587 a
1128 553 1356 587 deliberativa

102 601 235 635 ratione
262 601 520 643 procedentem,
547 600 583 634 in
609 601 791 634 individuo
816 602 1087 641 consideratum,
1116 602 1249 635 honum
1280 609 1356 633 esse

102 649 156 682 vel
179 648 324 688 malum,
352 649 385 681 V.

62 706 357 741 Indiscernihile.
373 707 422 739 De
442 706 623 740 identitate
649 706 972 750 indiscernibilium‚
997 709 1037 741 Ο.
1061 709 1112 747 14,
1137 708 1189 741 xl.

61 766 394 801 Indissolubilitas.
420 766 470 798 De
506 765 822 800 indissolubilitace
859 767 1095 806 matrimonii,
1137 767 1182 800 M.
1226 767 1278 798 43.
1318 782 1359 789 —

102 815 307 848 Matrimonii
327 813 503 846 vinculum
525 818 577 846 est
596 813 723 855 exlege
745 818 877 847 naturae
897 814 1153 855 indissolubile,
1171 813 1234 847 111.

62 872 326 907 mdividuatio.
350 872 400 905 De
411 872 590 914 principio
612 872 926 912 individuationis‚
946 874 982 905 C.
1010 873 1061 905 19.
1079 890 1120 896 —-
1146 871 1358 912 Principium

103 919 388 953 individuationis
408 928 469 952 seu
498 919 642 952 unitatis
672 928 757 960 pure
785 920 972 953 numericae
1001 923 1093 953 recte
1118 919 1224 952 statui
1244 922 1359 960 potest

101 970 244 1000 materia
263 967 379 1008 quoad
399 975 453 999 res
469 966 617 999 materia
636 970 670 998 et
689 967 801 999 torma
822 971 1034 1007 constantes,
1056 967 1109 998 IV.

61 1026 247 1060 Inductio.
264 1026 313 1059 De
334 1028 469 1059 natura
496 1025 725 1066 inductionis,
755 1027 791 1057 L.
813 1026 868 1059 38.
893 1043 932 1050 --
955 1025 1112 1058 Inductio
1139 1024 1275 1067 proprie
1305 1033 1358 1056 ar-

100 1073 349 1115 gumentativa,
369 1073 412 1106 11.
427 1091 466 1096 —
480 1097 514 1107 ...
531 1073 697 1106 socratica
715 1076 748 1106 et
764 1073 947 1111 rhetorica,
968 1073 1074 1105 IV.-
1095 1071 1307 1112 ...completa
1322 1076 1359 1103 et

103 1121 326 1162 incompleta,
350 1121 387 1151 V.
419 1138 458 1143 -
491 1121 676 1153 processus
699 1119 909 1159 inductivus,
934 1120 988 1152 VI.
1004 1138 1043 1144 —
1060 1119 1277 1153 Inductionis
1304 1118 1356 1149 vis

101 1167 198 1200 nulla
215 1167 291 1199 sine
311 1166 526 1209 syllogismo,
548 1167 618 1199 VII.
640 1184 680 1190 —
700 1167 751 1199 De
768 1166 902 1208 leyibus
921 1167 1152 1206 inductionis,
1180 1167 1218 1198 L.
1243 1165 1295 1197 39.
1318 1183 1358 1189 —

103 1216 208 1256 Leges
226 1214 438 1247 inductionis
459 1215 652 1255 completae,
673 1215 699 1246 1.
720 1232 760 1238 -
784 1214 1064 1255 ...incompletae,
1083 1214 1129 1246 11.

65 1272 246 1306 Interiora
270 1273 357 1306 ideae
376 1273 593 1311 universalis,
614 1273 652 1306 L.
678 1273 707 1305 3.
733 1273 776 1305 11.

65 1331 256 1364 Infinitum
281 1332 330 1365 De
354 1335 429 1365 ente
448 1331 588 1373 infinito
603 1335 634 1364 et
652 1331 767 1372 finite,
786 1332 824 1364 O.
845 1331 897 1364 23.
922 1349 960 1355 -
985 1331 1164 1364 Infinitum
1192 1331 1359 1373 privative

107 1383 140 1411 et
160 1379 331 1421 negative,
353 1379 401 1412 11.
423 1378 659 1410 —Infinitum
678 1377 871 1410 secundum
887 1377 973 1420 quid
993 1382 1026 1410 et
1042 1378 1261 1419 simpliciter,
1286 1379 1351 1411 III.

103 1443 143 1450 --
172 1426 364 1459 Discrimen
395 1426 485 1459 inter
506 1425 684 1458 infinitum
706 1430 740 1457 et
759 1425 994 1465 indefinitum,
1017 1425 1071 1457 IV.
1094 1442 1136 1449 —-
1160 1425 1252 1458 Inter
1281 1425 1359 1456 infi-

105 1478 217 1506 nitum
236 1473 436 1515 negativum
460 1478 494 1506 et
509 1482 571 1506 ens
591 1474 626 1505 in
642 1481 780 1515 genere,
798 1473 837 1503 V.
852 1490 893 1496 -
912 1473 959 1505 De
973 1476 1098 1505 natura
1116 1473 1268 1505 notionis
1281 1481 1359 1514 quae

109 1521 208 1554 nobis
227 1521 319 1553 inest
334 1521 375 1553 de
397 1519 549 1559 infinito,
575 1520 628 1551 VI.
650 1536 692 1543 -
718 1519 840 1561 Opinio
861 1519 1056 1552 cartesiana
1082 1520 1173 1553 circa
1201 1520 1360 1560 priorita-

110 1572 180 1600 tem
202 1568 238 1600 in
257 1572 373 1600 mente
396 1571 514 1599 nostra
533 1565 686 1600 notionis
711 1566 854 1605 infiniti,
874 1567 944 1599 VII.
963 1584 1003 1590 —
1024 1567 1125 1599 Notio
1145 1566 1271 1599 infiniti
1301 1567 1360 1598 ha-

109 1615 181 1648 beri
200 1614 322 1656 nequit
341 1623 402 1656 per
425 1613 626 1646 continuam
652 1613 869 1647 additionem
892 1613 981 1646 finiti
1002 1613 1045 1646 ad
1068 1613 1221 1653 finitum,
1245 1613 1300 1646 IX.
1321 1631 1360 1637 -—

109 1661 206 1695 Notio
225 1661 352 1694 infiniti
375 1660 494 1694 haberi
517 1665 632 1702 potest
659 1669 719 1701 per
737 1661 881 1700 totalem
906 1660 1178 1694 subtractionem
1204 1660 1361 1693 limitum

108 1717 128 1741 a
149 1708 261 1747 finito,
283 1708 324 1740 X.
343 1724 385 1731 —
402 1707 451 1739 De
469 1707 623 1747 subjecto
642 1707 845 1747 infinitatis,
875 1708 913 1741 Ο.
939 1707 991 1739 24.
1010 1724 1052 1731 —
1071 1707 1258 1740 Multitudo
1282 1711 1361 1739 actu

109 1755 245 1788 infinita
267 1754 452 1787 intrinsece
483 1758 666 1796 repugnat,
693 1754 741 1786 11.
771 1770 813 1778 —
837 1755 1022 1796 Repugnat
1046 1755 1256 1795 magnitudo
1283 1758 1362 1786 actu

110 1802 257 1840 infinita,
280 1802 316 1834 V.
335 1819 378 1825 —
398 1802 467 1834 Ens
487 1801 644 1834 absolute
665 1801 839 1834 infinitum
865 1810 936 1834 non
959 1805 1075 1843 potest
1103 1810 1180 1834 esse
1205 1801 1272 1833 nisi
1299 1809 1361 1833 ens

111 1848 422 1890 simplicissimum,
443 1848 515 1881 VII.
540 1865 578 1872 -
598 1847 777 1881 Infinitum
803 1848 916 1881 solum
943 1852 1058 1890 potest
1079 1856 1156 1881 esse
1186 1848 1361 1889 objectum

110 1894 336 1928 beatitudinis
353 1895 532 1935 humanae,
555 1895 588 1927 M
607 1895 641 1935 6,
663 1895 706 1927 11.

71 1954 249 1988 Influxus.
274 1955 326 1988 De
343 1957 465 1987 mutuo
487 1953 632 1996 influxu
656 1953 752 1987 inter
769 1953 927 1987 animam
949 1956 981 1987 et
998 1962 1139 1996 eorpus,
1166 1954 1206 1986 P.
1237 1953 1292 1985 24.
1321 1970 1362 1977 --

113 2001 264 2035 Platonis
279 2001 412 2043 opinio,
435 2002 466 2035 ΙΙ
483 2005 517 2035 et
533 2002 596 2034 111.
619 2018 660 2025 —
679 2002 837 2043 systema
860 2000 1068 2034 assistentiae
1092 2009 1155 2033 seu
1178 2009 1362 2034 causarum

111 2048 394 2090 occasionalium,
415 2049 462 2081 IV
482 2053 516 2082 et
536 2049 572 2081 V.
591 2066 632 2072 --
653 2048 841 2081 Harmonia
862 2048 1088 2089 praestahilita
1111 2047 1156 2080 VI
1174 2052 1208 2080 et
1230 2048 1301 2080 VII.
1321 2064 1362 2070 —-

112 2096 268 2130 influxus
282 2095 446 2138 physicus
466 2095 698 2137 quorumdam
716 2094 960 2134 recentiorum,
980 2095 1054 2127 VIII
1075 2098 1109 2128 et
1131 2093 1187 2127 IX.
1213 2112 1254 2118 —
1278 2095 1364 2126 Doc-

111 2143 204 2177 trina
224 2143 258 2176 S.
279 2143 434 2176 Thon‘iae.
453 2142 480 2174 X
497 2147 532 2177 et
554 2142 612 2175 XI.
629 2158 670 2166 —-
686 2141 738 2175 De
754 2142 890 2174 actione
908 2141 1034 2174 divina
1047 2141 1084 2173 in
1098 2150 1223 2174 causas
1239 2149 1363 2174 secun-

111 2189 189 2230 das,
206 2191 244 2223 T.
268 2189 310 2223 33
328 2199 426 2232 seqq.

73 2249 282 2283 lustinctus
301 2252 435 2281 naturae
455 2247 636 2282 rationalis
655 2255 767 2281 caecus
793 2247 915 2289 nequit
940 2247 1071 2281 assumi
1096 2252 1136 2280 ut
1161 2252 1363 2288 supremum

114 2295 290 2329 criterium
306 2295 473 2336 veritatis,
492 2297 528 2328 I..
549 2295 602 2336 63,
622 2295 676 2329 IX.

0 2339 11 2365 1
74 2354 307 2388 Intellectus.
335 2354 414 2387 Sola
434 2354 550 2387 anima
578 2354 851 2395 independenter
878 2363 899 2388 a
922 2362 1064 2395 corpore
1088 2357 1142 2387 est
1168 2353 1362 2395 subjectum

115 2401 354 2436 immediatum
377 2401 583 2435 facultatum
603 2400 902 2436 intellectivarum.
923 2400 958 2434 Ρ.
982 2401 1034 2438 22,
1056 2400 1128 2433 Vet
1149 2408 1247 2441 seqq.
1267 2399 1364 2432 —Do
