1584 2569
273 163 355 189 Ars.
377 163 401 188 1v
424 162 468 188 οε
488 162 635 188 οηιαιιε
649 149 797 187 nonnius
817 160 911 187 nnc».
935 161 1046 187 vinu
1073 161 1221 188 rnoxuss
1331 154 1395 189 17³

112 235 200 282 quia
218 234 300 271 haec
316 234 448 270 omnia
472 244 549 269 non
575 233 834 280 subjiciuntur
857 233 1056 268 moraliter
1082 233 1251 269 libertati
1272 234 1394 270 nostri

111 288 272 324 arbitrii.
289 307 335 313 —
355 287 447 329 Quae
468 285 625 332 quidem
648 286 837 333 principia
865 286 1041 331 quamvis
1069 285 1395 322 sufficientissime

111 341 285 377 illicitum
299 339 502 376 ostendant
525 339 719 386 privatum
734 338 919 384 duellum,
937 343 1066 374 tamen
1089 340 1180 385 quia
1199 339 1396 375 barbaries

110 394 281 429 humana
299 403 343 429 eo
363 403 439 428 non
460 392 722 438 infrequenter
740 391 876 436 utitur,
905 391 951 427 de
974 391 1057 439 ipso
1082 392 1287 438 specialem
1315 402 1397 428 mo·

109 457 196 483 vere
212 446 466 493 quaestionem
486 456 563 481 non
579 445 740 492 pigebit.

155 500 197 536 V.
215 500 340 536 Duelli
353 502 507 535 natura.
528 498 719 542 Duellum,
739 502 781 533 ut
799 508 872 534 vox
889 498 972 545 ipsa
988 497 1145 543 indicat,
1164 502 1221 534 est
1237 498 1398 534 duorum.

113 552 259 597 bellum,
281 555 320 587 at
336 562 412 587 non
434 551 659 598 simpliciter
679 551 775 586 sicut
796 554 852 586 est
871 550 1014 586 bellum
1039 551 1158 587 invasi
1190 556 1324 586 contra
1345 552 1396 586 in-

110 606 256 652 justum
270 605 499 648 invasorem,
519 603 584 639 sed
596 614 640 639 ex
654 604 826 639 condicto
843 608 1076 650 susceptum.
1093 604 1208 649 Atqui
1224 603 1397 639 duellum

112 670 157 694 ex
182 657 358 694 condicto
385 656 527 704 duplex
554 668 634 693 esse
662 662 812 704 potest;
842 667 962 692 unum
989 656 1147 703 quidem
1175 662 1395 703 susceptum

112 711 338 748 auctoritate
350 709 507 756 publica
517 714 554 746 et
559 721 634 757 pro
649 720 765 746 causa
776 709 950 756 publiea,
970 710 1068 745 sicut
1083 710 1154 745 fuit
1170 710 1269 746 inter
1282 710 1398 745 David

113 768 149 799 et
164 762 316 799 Goliath
333 774 341 807 3
361 762 524 798 alterum
538 773 626 798 vero
640 767 860 809 susceptum
876 763 1032 808 privata
1050 773 1181 807 causa,
1204 762 1280 798 sive
1301 762 1400 798 adsit

112 816 265 851 licentia
289 815 529 851 auctoritatis
559 814 722 861 publicae
755 815 830 850 sive
860 814 970 850 desit.
999 835 1044 840 —
1074 814 1255 850 Illicitum
1283 825 1328 850 ex
1361 825 1401 850 se

114 879 192 904 esse
212 868 328 903 etiam
355 867 525 903 duellum
546 868 671 915 primo
696 867 812 903 modo
837 872 1057 915 susceptum
1081 868 1166 912 (nisi
1191 868 1292 903 adsit
1321 867 1402 914 Spi-

115 922 208 956 ritus
225 918 557 961 Sanctimotus‚ut
574 920 613 955 in
630 920 761 964 David,
780 924 817 956 et
837 925 880 955 ut
900 919 1046 956 dictum
1076 925 1132 955 est
1154 920 1199 956 de
1220 920 1398 966 suicidio)

115 973 290 1010 convenit
309 972 566 1008 communiter
585 972 686 1008 inter
705 972 912 1009 catholicos
933 973 1147 1019 Theologos
1165 984 1174 1017 3
1198 977 1256 1008 ast
1276 974 1315 1008 in
1336 973 1402 1008 ali-

113 1037 188 1073 quo
213 1036 302 1062 casu
327 1025 477 1061 licitum
504 1024 650 1069 dicunt,
675 1025 819 1061 scilicet
838 1026 876 1060 in
899 1036 989 1061 casu
1013 1036 1089 1071 quo
1110 1036 1209 1061 unus
1236 1026 1402 1073 populus

110 1079 259 1126 J'ustum
278 1077 424 1114 bellum
443 1088 590 1124 gerens,
610 1078 809 1125 cognoscit
825 1078 921 1113 vires
939 1088 1026 1113 suas
1044 1077 1243 1113 inferiores
1264 1083 1300 1113 et
1316 1077 1401 1114 ideo

113 1136 179 1167 aut
199 1130 475 1178 acceptandum
499 1130 670 1166 duellum
690 1135 757 1166 aut
780 1131 818 1166 in
839 1130 937 1167 bello
959 1130 1302 1167 succumbendum.
1325 1132 1403 1167 Hoc

115 1185 153 1220 in
173 1194 263 1219 casu
283 1181 505 1218 conceditur
524 1193 546 1218 a
562 1183 744 1229 CaJ‘etano
762 1183 866 1229 quod
884 1184 1092 1219 auctoritas
1112 1183 1266 1231 publica
1298 1184 1400 1220 licite

113 1236 235 1283 possit
247 1246 325 1271 non
345 1234 470 1270 solum
488 1239 684 1281 acceptare
702 1234 873 1271 duellum
896 1246 904 1271 :
931 1249 946 1268 ‹
968 1236 1148 1271 transfert
1165 1237 1267 1271 enim
1287 1237 1396 1282 quasi

114 1292 260 1325 certum
271 1297 401 1323 casum
413 1287 451 1322 in
463 1286 639 1332 dubium,
655 1292 692 1323 et
704 1288 742 1323 in
755 1299 861 1335 spem
877 1288 1046 1324 victoriae
1063 1288 1207 1324 utendo
1219 1289 1400 1324 omnibus

114 1341 191 1378 suis
206 1341 362 1385 viribus,
383 1354 398 1372 ιι
418 1339 483 1375 sed
505 1341 622 1377 etiam
649 1340 819 1376 duellum
839 1351 1059 1388 provocare,
1078 1341 1301 1377 resolvendo
1322 1342 1400 1377 bel·

114 1393 196 1429 lum
216 1393 256 1429 in
278 1392 478 1428 duellum:
503 1406 519 1425 ‹
542 1394 741 1439 quoniam,
770 1394 895 1440 inquit
920 1398 1021 1429 recte
1053 1393 1155 1429 idern
1180 1394 1398 1441 CaJ'etanu5‚

115 1457 160 1481 ex
186 1449 294 1493 parte
320 1445 379 1481 sui
406 1445 529 1481 utitur
557 1446 737 1482 omnibus
763 1447 908 1482 viribus
936 1447 1015 1482 suis
1046 1447 1183 1482 melius
1209 1447 1248 1482 in
1275 1447 1400 1483 duello

116 1509 235 1545 quam
254 1498 294 1534 in
314 1498 427 1543 bello,
453 1502 489 1534 et
510 1504 714 1546 propterea
738 1510 815 1535 non
843 1503 987 1546 peccat.
1012 1513 1028 1532 ι
1056 1519 1102 1525 --
1126 1500 1167 1535 In
1195 1500 1294 1545 11-11‚
1321 1501 1394 1542 Qu.

115 1551 217 1597 XCV,
237 1551 316 1587 Art.
333 1551 430 1586 VIII.
449 1551 630 1599 —Igitur
649 1555 731 1588 tota
750 1552 914 1598 quaestio
935 1556 992 1588 est
1019 1551 1064 1587 de
1089 1551 1230 1598 duello,
1259 1564 1326 1588 seu
1354 1553 1400 1588 de

111 1604 264 1651 privato
273 1604 476 1640 certamine
488 1604 587 1640 inter
602 1605 696 1641 duos
704 1605 865 1651 privata
873 1611 1190 1651 causasuscep503
1208 1610 1245 1641 et
1261 1607 1399 1652 quaeri-

114 1663 177 1692 tur
197 1661 328 1692 utrum
345 1667 391 1692 ex
415 1666 552 1703 genere
570 1667 639 1693 suo
663 1658 712 1694 sit
732 1658 893 1702 malum,
917 1658 1016 1694 sicut
1036 1669 1069 1694 e.
1095 1669 1130 1706 g.
1150 1658 1313 1704 furtum,
1335 1659 1402 1694 ho·

114 1709 327 1754 micidium,
344 1713 382 1745 et
400 1714 679 1756 consequenter
694 1711 952 1746 essentialiter
968 1710 1161 1747 illicitum.

158 1761 219 1797 VI.
231 1762 410 1798 Duellum
420 1764 504 1797 tum
516 1772 563 1797 ex
578 1765 690 1807 parte
708 1764 962 1808 provocantis
981 1766 1066 1799 tum
1080 1773 1127 1799 ex
1139 1765 1252 1809 parte
1269 1772 1400 1808 accep-

113 1814 236 1850 tantis
260 1816 321 1850 est
347 1814 501 1849 omnino
516 1814 717 1850 illicitum.
739 1815 917 1851 Duellum
944 1815 1148 1861 dupliciter
1167 1814 1402 1851 considerari

113 1868 262 1912 postet:
294 1867 329 1901 1⁰
360 1866 400 1900 in
428 1876 489 1911 se3
518 1868 556 1901 2⁰
580 1867 620 1901 in
649 1867 728 1902 suis
758 1867 882 1903 causis
914 1868 1096 1903 finalibus
1125 1872 1283 1915 propter
1309 1878 1403 1914 quas

114 1918 332 1965 suscipitur.
355 1918 469 1965 Atqui
488 1928 535 1954 ex
552 1923 716 1965 utroque
736 1920 860 1966 capite
881 1919 1053 1956 duellum
1075 1924 1132 1956 est
1153 1921 1311 1956 omnino
1336 1920 1403 1955 illi-

117 1971 237 2007 citum
266 1974 349 2006 tum
373 1981 418 2006 ex
443 1975 550 2018 parte
574 1973 819 2018 provocantis
840 1977 924 2009 tum
947 1983 993 2008 ex
1020 1977 1128 2020 parte
1155 1974 1400 2020 acceptantis.

115 2024 214 2071 Ergo
228 2023 399 2059 duellum
420 2028 503 2060 tum
524 2035 570 2060 ex
592 2030 699 2072 parte
720 2026 964 2072 provocantis
985 2030 1069 2061 tum
1081 2036 1126 2062 ex
1147 2030 1255 2073 parte
1274 2037 1400 2074 accep-

114 2077 232 2113 tantis
246 2080 304 2112 est
317 2077 475 2113 omnino
493 2077 685 2113 illicitum.
707 2078 898 2114 Probatur
913 2079 1056 2115 minor.

158 2129 337 2166 Duellum
356 2134 408 2165 est
429 2130 611 2166 illicitum
636 2135 781 2167 natura
799 2142 884 2168 sua.
908 2132 1086 2168 Duellum
1107 2137 1164 2168 est
1187 2132 1262 2169 tale
1283 2137 1402 2170 certa-

113 2181 257 2218 meniu
279 2192 355 2227 quo
376 2186 443 2218 aut
467 2183 657 2219 certitudo
681 2188 751 2229 est,
776 2188 844 2220 aut
866 2185 1080 2232 periculum
1109 2185 1325 2222 maximum
1345 2186 1402 2222 vel

113 2232 241 2280 quoad
257 2234 374 2270 vitam
391 2234 448 2271 vel
462 2235 590 2282 quoad
612 2236 875 2283 integritatem
891 2238 1171 2275 membrorum.
1185 2239 1299 2285 Atqui
1321 2243 1402 2275 tum

113 2296 321 2332 provocans
352 2291 435 2323 tum
459 2293 661 2336 acceptans
692 2289 864 2326 duellum
882 2290 1072 2336 {tenentur
1096 2291 1222 2327 officio
1251 2295 1402 2327 naturae

114 2342 152 2373 et
172 2348 393 2376 conservare
423 2340 462 2377 in
489 2341 637 2388 seipsis,
669 2345 706 2378 et
736 2353 959 2379 conservare
988 2343 1028 2379 in
1056 2343 1142 2379 aliis
1169 2348 1253 2380 tum
1283 2344 1401 2381 vitam

118 2392 199 2427 {um
212 2392 382 2439 corporis
401 2392 677 2440 integritatem,
700 2398 742 2430 ut
760 2405 878 2443 supr).
896 2406 934 2431 n.
954 2395 1001 2431 IV
1020 2396 1112 2432 etin
1132 2396 1405 2443 reprobatione

149 2470 290 2501 &sn-uu.
305 2473 422 2502 Summa
434 2473 637 2509 philosophia.
659 2489 691 2496 -
704 2477 736 2503 ¹1.
754 2475 801 2504 ul.
1249 2472 1282 2500 ¹2
