1584 2569
614 121 786 148 nemu
1316 111 1382 147 3¹9

133 196 242 242 Resp.
271 195 413 232 Auctor
438 204 516 230 non
548 198 683 230 contra
714 204 776 229 me
805 192 930 229 solum
962 191 1105 240 arguit,
1149 191 1216 228 sed
1248 196 1384 229 contra

87 249 124 285 S.
153 248 342 285 Thomam
368 248 477 294 qu'us
504 250 561 283 est
585 245 797 283 certissime
824 245 1020 281 distinctio
1047 256 1069 281 a
1095 255 1157 281 me
1178 244 1269 281 data
1296 245 1383 280 sub-

86 302 239 338 stantiae
259 301 461 348 completae
477 303 517 337 ot
535 300 779 349 incompletae
799 301 838 336 in
856 300 1005 336 ratione
1022 300 1380 337 substantialitatis.

87 355 184 396 Quia
208 353 387 390 brevitati
412 353 612 390 consulere
638 364 791 389 necesse
812 357 881 398 est,
904 352 1064 389 afferam
1085 363 1206 388 unum
1239 353 1383 389 solum-

88 406 205 442 modo
227 409 516 454 argumentum.
541 406 684 442 Asserit
709 406 829 453 igitur
852 405 889 442 S.
918 405 1085 442 Thomas
1112 406 1282 441 animam
1314 406 1383 441 hu-

90 469 246 496 manam
260 469 339 495 esse
355 458 617 495 subsistentem
633 471 646 501 ;
662 458 764 505 quod
782 458 921 506 probat
934 469 981 494 ex
997 462 1136 494 natura
1147 459 1382 505 operationis

89 512 343 556 intellectivae‚
361 521 448 559 quae
466 516 523 547 est
536 512 655 548 solius
673 512 813 547 animae
831 511 1018 559 operatio,
1040 511 1104 548 cui
1130 522 1206 547 non
1224 522 1383 548 commu·

88 565 193 602 nicat
210 574 347 611 corpus
358 564 412 608 (P.
426 564 534 608 I,Qu.
553 564 687 609 LXXV,
706 564 821 600 Artic.
840 564 887 609 11)
904 575 912 609 ;
932 568 1050 611 negat
1067 568 1196 600 autem
1211 565 1382 601 animam

90 619 292 654 brutorum
317 627 398 653 esse
418 617 692 662 subsistentem,
725 618 902 664 opposita
931 628 1070 664 nempe
1096 618 1260 663 ratione,
1289 618 1382 664 quia

89 670 223 707 anima
238 670 423 707 sensitiva
435 680 512 706 non
525 669 636 706 habet
650 670 908 716 operationem
912 670 1116 717 propriam
1124 681 1196 716 per
1203 671 1380 717 seipsam,

88 724 153 760 sed
159 723 283 761 omnis
292 722 465 771 operatio
475 734 557 759 sens
563 723 667 759 itivoe
675 734 725 759 an
731 723 815 759 imoe
823 728 875 759 est
886 723 1086 770 conjuncti
1096 723 1162 769 (ib.
1174 724 1289 760 Artic.
1301 725 1381 770 111).

92 776 164 813 Sed
182 776 313 813 anima
332 775 504 812 humana
530 786 606 811 non
632 780 689 811 est
711 775 929 811 substantia
955 776 1147 822 completa
1169 776 1208 811 in
1235 777 1384 812 ratione

91 829 247 877 speciei,
266 839 334 865 seu
353 839 431 865 non
445 828 620 864 subsistit
637 828 813 874 complete
833 828 875 864 in
895 833 1036 864 natura
1057 828 1229 875 alicujus
1246 829 1385 875 speciei

92 882 129 918 ib
147 909 156 917 .
180 882 260 919 Art.
289 881 320 917 11
351 881 399 917 ad
428 884 474 926 1).
505 881 760 917 Subsistentia
783 881 902 928 igitur
921 891 1038 927 quam
1062 881 1236 917 concedit
1263 882 1383 929 Ange·

94 936 176 972 icus
208 935 349 971 animae
370 934 550 970 humanae
571 939 628 970 est
644 934 894 970 subsistentia
911 934 949 969 in
970 934 1119 970 ratione
1141 935 1382 980 substantiae,

94 992 137 1023 ut
156 988 196 1023 in
213 986 348 1024 eadem
368 987 618 1034 responsione
636 987 814 1033 explicite
835 986 940 1022 dicit.
962 986 1035 1022 Sed
1050 986 1228 1023 eamdem
1243 988 1383 1023 subsis-

95 1041 254 1077 tentiam
273 1045 388 1088 negat
408 1040 612 1077 animabus
629 1040 847 1076 brutorum.
870 1039 968 1087 Ergo
991 1039 1070 1075 vult
1087 1040 1236 1076 animas
1253 1040 1385 1077 bruto-

91 1104 177 1130 rum
195 1103 277 1130 esse
296 1093 531 1129 substantias
553 1093 798 1139 incomplecas
813 1103 890 1128 non
902 1092 1028 1129 solum
1049 1093 1089 1128 in
1106 1093 1255 1130 ratione
1275 1099 1383 1130 natu-

111 1157 144 1183 oe
160 1157 227 1184 seu
246 1147 400 1193 speciei,
422 1146 488 1182 sed
504 1146 621 1182 etiam
632 1147 670 1181 in
684 1146 832 1182 ratione
843 1145 1082 1182 substantioe.
1099 1166 1144 1171 -
1155 1146 1239 1182 Non
1256 1157 1383 1183 meam

93 1200 211 1247 igitur
241 1199 367 1234 solum
401 1198 617 1235 doctrinam
646 1198 712 1235 sed
745 1198 962 1234 doctrinam
994 1199 1111 1234 etiam
1150 1203 1186 1234 et
1215 1200 1384 1236 rationes

103 1263 190 1301 psas
211 1253 331 1288 sancti
350 1252 507 1288 Thomas
528 1253 732 1299 impugnat
749 1252 950 1288 manifeste
966 1252 1013 1288 cl.
1034 1252 1189 1288 Auctor.

137 1305 424 1352 Perpendamus
436 1316 537 1341 nunc
551 1310 825 1352 argumentum
834 1305 1037 1340 recitatum
1051 1304 1153 1350 quod
1172 1304 1252 1352 ipse
1272 1305 1383 1342 nobis

92 1359 265 1406 opponit.
281 1358 384 1394 Dicit
399 1368 490 1404 ergo
506 1368 514 1393 ε
531 1358 613 1394 Ens
625 1358 724 1404 quod
745 1357 973 1403 incompleta
983 1356 1204 1393 substantia
1221 1358 1381 1403 dicitur,

91 1412 127 1447 si
145 1421 221 1448 non
241 1415 292 1447 est
312 1411 503 1455 accidens,
522 1415 563 1446 ut
582 1410 827 1457 supponitur,
843 1410 899 1446 vel
915 1415 967 1446 est
983 1421 1046 1445 ens
1056 1421 1129 1457 per
1142 1421 1181 1446 se
1200 1413 1376 1456 existens,

92 1464 146 1500 vel
161 1473 251 1500 non.
269 1464 314 1500 Si
329 1468 382 1499 est
392 1474 455 1499 ens
463 1473 536 1510 per
553 1474 591 1499 se
600 1463 777 1507 existens,
799 1467 851 1498 est
867 1464 909 1498 in
925 1462 1076 1498 ratione
1090 1462 1317 1500 substantia.²
1326 1465 1380 1500 vel

91 1516 437 1553 substantialitatis
453 1516 688 1562 completum.
705 1516 841 1557 Quaeso
856 1520 898 1551 ut
908 1516 1051 1551 Auctor
1064 1516 1346 1553 animadvertat
1361 1528 1383 1554 a

93 1580 131 1605 se
150 1569 314 1616 supponi
335 1572 378 1604 ut
397 1574 545 1605 certum
566 1569 604 1604 id
625 1569 784 1616 praecise
805 1568 909 1615 quod
930 1573 987 1604 est
1008 1568 1267 1615 probandum.
1285 1570 1379 1605 Cum

92 1623 195 1658 enim
214 1633 283 1657 nos
312 1632 400 1657 cum
420 1622 457 1657 S.
476 1622 625 1658 Thoma
650 1622 893 1657 affirmamus
918 1621 1153 1658 substantias
1183 1622 1276 1658 alias
1303 1634 1384 1659 esse

92 1676 293 1721 completas
305 1675 344 1709 in
358 1675 508 1711 ratione
520 1675 873 1719 substantialitatis,
884 1674 978 1710 alias
990 1685 1070 1710 esse
1080 1674 1326 1721 incompletas
1345 1677 1384 1711 in

93 1728 226 1763 eadem
247 1728 410 1771 ratione,
432 1738 478 1763 ex
498 1726 572 1762 hoc
585 1727 667 1774 ipso
681 1727 922 1762 affirmamus
942 1727 1177 1764 substantias
1192 1728 1286 1764 alias
1304 1739 1384 1764 esse

93 1779 303 1826 completas
329 1783 367 1814 et
395 1778 489 1815 alias
515 1779 768 1826 incompletas
787 1780 825 1814 in
856 1779 1004 1815 ratione
1019 1790 1091 1825 per
1116 1791 1154 1816 se
1173 1781 1383 1827 existentis,

94 1833 184 1879 quia
201 1843 280 1868 esse
297 1842 368 1877 per·
388 1842 427 1867 se
447 1832 613 1867 existens
630 1836 667 1867 et
689 1842 769 1867 esse
786 1831 1057 1877 substantiam,
1077 1832 1213 1868 saltem
1235 1834 1273 1868 in
1295 1845 1384 1870 casu

94 1890 240 1930 nostro,
259 1885 359 1920 idem
371 1895 527 1931 prorsus
539 1885 744 1932 significat.
764 1885 863 1920 Petit
877 1896 967 1932 ergo
981 1886 1216 1932 principium
1227 1886 1382 1923 Auctor.

92 1949 180 1974 cum
204 1942 376 1973 nostram
403 1937 690 1973 distinctionem
715 1936 787 1973 hoc
812 1948 880 1973 suo
908 1942 1138 1984 argumento
1165 1938 1372 1986 impugnat

94 1993 221 2038 Neque
235 1990 379 2037 aliquid
389 1990 624 2038 suffragatur
641 1991 794 2026 Auctori
807 1990 844 2026 id
863 1990 966 2037 quod
985 1990 1104 2035 addit,
1122 1991 1221 2027 hunc
1237 1993 1384 2029 modum

92 2048 101 2088 ιζ
108 2055 176 2091 per
196 2054 235 2080 se
255 2044 430 2088 existere)
449 2043 683 2079 essentialem
697 2054 772 2079 esse
785 2043 1011 2079 substantioe
1027 2047 1066 2081 et
1082 2054 1157 2079 esse
1176 2045 1213 2078 in
1245 2045 1385 2081 indivi-

94 2096 205 2133 sibili
233 2097 375 2132 situm·
399 2107 488 2132 nam
517 2101 704 2144 punctum
734 2097 960 2143 qiiaestionis
987 2101 1043 2132 est
1070 2097 1225 2144 praeoise
1254 2102 1382 2134 utrum

96 2149 226 2185 modus
235 2149 306 2184 iste
321 2150 509 2185 existendi
512 2160 629 2195 perse
637 2149 818 2185 admittat
836 2159 904 2185 nec
913 2160 958 2185 ne
976 2148 1116 2196 gradus
1126 2149 1385 2196 perfectionis,

93 2203 149 2240 ita
167 2213 306 2250 nempe
318 2206 360 2238 ut
376 2202 590 2250 possitdari
607 2202 821 2238 substantia
838 2212 923 2249 quae
945 2213 1013 2250 per
1028 2213 1067 2238 se
1082 2202 1221 2238 existat
1242 2206 1279 2237 et
1298 2202 1384 2240 ideo

99 2254 274 2291 excludat
293 2255 545 2292 essentialiter
566 2255 833 2291 inhaerentiam
852 2254 1074 2299 accidentis,
1100 2260 1137 2290 et
1158 2259 1286 2291 tamen
1308 2262 1391 2291 non·

93 2307 260 2352 perfecte
280 2308 334 2343 ita
350 2319 417 2355 per
442 2318 482 2344 se
502 2308 640 2344 existat
664 2313 705 2343 ut
722 2307 898 2344 excludat
920 2308 1035 2343 etiam
1050 2308 1240 2344 rationem
1255 2310 1391 2355 partis

95 2357 142 2393 ad
167 2360 474 2408 componendam
489 2361 744 2397 substantiam
760 2360 1006 2407 completam.
1018 2361 1094 2397 Nos
1108 2356 1391 2406 respondemus*
