1584 2569
220 150 287 184 ¹44
336 161 393 185 ms
419 162 579 186 NATURAE.
599 163 668 187 LlB.
693 163 717 188 1,
746 163 824 188 cm).
847 163 885 187 11.
906 162 948 187 DE
974 162 1051 187 OFF.
1075 161 1161 186 flou.
1186 160 1276 185 ERGA
1298 158 1390 184 namt

178 261 179 265 ,
268 232 527 270 Corollarium
551 235 715 270 tertium.
738 235 836 281 Ergo
858 233 992 270 eodem
1020 233 1216 281 religionis
1240 231 1366 268 officio
1389 229 1507 266 homo

219 290 371 321 tenetur
387 286 534 332 factum
562 287 701 323 divinae
721 287 963 323 revelationis
991 287 1196 333 inquirere,
1226 285 1258 320 si
1286 282 1379 319 illud
1414 292 1507 318 non-

175 367 181 371 ..
219 338 312 374 dum
334 341 570 387 cognoverit.
593 341 689 376 Nam
710 341 775 387 qui
800 345 952 376 tenetur
974 340 1021 376 ad
1041 341 1337 387 finem,tenetur
1356 345 1508 383 quoque

176 390 178 394 '
219 390 266 426 ad
287 391 414 428 media
434 393 676 440 procuranda
695 403 781 440 quae
798 392 845 429 ad
865 394 983 429 finem
1005 390 1317 438 consequendum
1340 398 1507 425 necessa-

219 444 275 479 ria
304 450 405 480 sunt.
435 445 506 481 Sed
538 446 654 482 homo
685 450 836 482 tenetur
864 446 910 482 ad
938 451 1038 482 recte
1065 444 1309 481 sentiendum
1341 442 1386 478 de
1414 441 1506 485 Deo,

219 496 267 532 ad
296 497 399 544 quod
427 498 556 535 divina
582 499 762 536 revelatio
788 499 1000 536 ordinatur.
1023 500 1120 547 Ergo
1140 502 1290 535 tenetur
1304 495 1352 532 ad
1362 495 1508 541 factum

219 549 338 595 ipsius
359 549 498 587 d1vinae
525 552 767 588 revelationis
788 551 1074 598 inquirendum,
1096 555 1139 587 ut
1165 551 1197 586 si
1218 549 1312 585 illud
1341 549 1506 595 ignoret,

218 601 438 648 ignorantia
455 604 590 640 saltem
610 605 658 639 sit
673 604 902 640 invincibilis
920 609 957 641 et
974 604 1059 640 ideo
1081 602 1322 650 inculpabilis
1338 602 1410 646 (19,
1429 600 1505 644 VI).

264 655 306 690 V.
335 656 386 691 De
412 658 650 693 revelatione
672 659 972 702 supernaturali.
992 657 1200 701 RevelatiO,
1219 655 1264 691 de
1280 665 1356 701 qua
1372 653 1509 689 hucus-

218 717 292 753 que
305 707 424 744 locuti
443 720 590 755 sumus,
612 710 752 746 dicitur
772 711 810 745 in
829 710 971 746 scholis
984 709 1182 746 catholicis
1203 705 1506 755 supernaturalis

217 760 345 806 quoad
364 761 527 807 modum,
554 763 645 810 quia
670 774 802 799 revera
824 762 962 799 modus
989 761 1211 799 addiscendi
1239 771 1308 808 per
1333 759 1506 795 divinum

218 813 484 861 magisterium
505 820 564 851 est
581 827 697 864 supra
719 816 913 853 naturales
943 816 1156 863 exigentias
1186 814 1368 850 humanae
1394 811 1507 847 ratio-

218 866 290 911 nis,
307 866 372 902 sed
390 878 467 903 non
488 873 544 904 est
565 869 870 928 supernaturalis
891 869 1017 924 quoad
1033 879 1122 913 rem,
1139 878 1205 903 seu
1226 864 1352 913 quoad
1372 864 1506 900 verita-

218 922 276 953 tes
294 919 491 965 revelatas,
513 921 603 969 quia
622 920 695 967 hae,
717 926 760 957 ut
775 922 857 969 jam
878 915 1182 968 praemonuimus
1202 930 1239 954 n.
1260 918 1323 962 Ill,
1351 927 1428 953 non
1447 927 1507 952 su·

218 976 355 1017 perant
376 983 443 1019 per
459 984 497 1009 se
518 974 833 1022 investigationes
851 975 1010 1010 rationis
1031 972 1228 1009 naturalis.
1248 972 1294 1006 At
1312 969 1508 1005 Catholica

217 1022 384 1060 Ecclesia
403 1025 518 1061 aliam
545 1037 616 1062 nos
637 1026 748 1063 docet
767 1027 1040 1063 revelationem
1069 1023 1399 1072 supernaturalem
1423 1026 1507 1057 tum

216 1076 344 1123 quoad
366 1078 527 1124 modum,
542 1083 623 1115 tum
644 1079 771 1125 quoad
792 1090 868 1116 rem
886 1079 1022 1125 ipsam,
1042 1079 1132 1125 quia
1146 1088 1213 1125 per
1226 1087 1310 1112 eam
1327 1076 1424 1111 Deus
1442 1085 1507 1109 no-

217 1129 275 1164 bis
295 1130 516 1167 manifestat
529 1132 769 1168 existentiam
784 1133 1003 1176 veritatum,
1017 1141 1104 1177 quae
1117 1130 1298 1177 mysteria
1317 1132 1419 1172 sunt,
1436 1127 1508 1163 hoc

216 1186 288 1227 est,
301 1182 355 1218 ita
373 1188 557 1230 superant
570 1189 726 1231 captum
746 1184 1010 1231 intelligentiae
1026 1188 1180 1227 nostrae,
1194 1186 1237 1218 ut
1254 1185 1341 1217 ante
1366 1179 1508 1215 revela-

217 1235 363 1271 tionem
380 1236 599 1272 nesciamus
615 1237 786 1272 humano
800 1237 1000 1272 ratiocinio
1012 1236 1189 1282 detegere
1201 1244 1334 1270 earum
1351 1233 1508 1269 emisten-

217 1289 325 1332 tiam,
347 1298 417 1325 nec
435 1293 523 1336 post
537 1289 806 1325 revelationem
828 1300 959 1325 earum
981 1289 1228 1324 intrinsecam
1248 1291 1428 1322 naturam
1446 1284 1508 1320 de-

216 1344 446 1386 monstrare,
465 1341 795 1378 demonstratione
816 1343 970 1389 proprie
991 1341 1106 1377 dicta.

264 1392 372 1433 Quod
393 1393 620 1441 hujusmodi
634 1395 813 1430 veritates
830 1394 1139 1441 supernaturales
1162 1403 1229 1428 seu
1244 1391 1347 1438 quod
1368 1395 1506 1438 myste-

217 1445 275 1481 ria
290 1445 407 1482 relate
428 1445 475 1483 ad
493 1457 562 1483 nos
582 1447 749 1483 existant
769 1448 807 1482 in
827 1447 917 1490 Deo,
937 1457 1049 1482 nemo
1068 1456 1171 1481 sanae
1194 1445 1337 1480 mentis
1359 1444 1508 1480 inficias

218 1498 272 1533 ire
293 1503 433 1545 potest,
456 1500 487 1534 si
511 1499 783 1535 tantummodo
805 1500 866 1535 vel
884 1500 1050 1535 breviter
1067 1498 1350 1534 animadvertat
1370 1497 1418 1533 ad
1439 1497 1506 1532 Dei

218 1551 411 1586 infinitam
433 1556 610 1588 naturam
626 1562 712 1598 quac
731 1563 807 1587 non
821 1556 949 1598 potest
969 1552 1172 1597 adaequari
1186 1561 1208 1586 a
1224 1551 1335 1586 finita
1355 1554 1392 1585 et
1408 1550 1507 1584 limi-

219 1607 299 1639 tata
311 1605 522 1651 capacitate
543 1604 758 1641 intellectus
778 1605 895 1640 creati
915 1615 923 1639 z
947 1605 1006 1639 cui
1028 1608 1232 1651 propterea
1251 1603 1282 1638 si
1310 1602 1508 1649 imperviae

219 1661 308 1691 sunt
327 1657 461 1693 multae
480 1658 659 1693 veritates
682 1662 831 1693 naturae
852 1662 990 1693 creatae
1010 1657 1128 1692 etiam
1155 1655 1359 1699 sensibilis,
1382 1655 1506 1690 multo

184 1710 186 1712 ’
219 1709 345 1756 magis
365 1710 563 1757 imperviae
583 1720 663 1746 esse
681 1709 821 1746 debent
841 1710 971 1757 plures
995 1710 1173 1745 veritates
1194 1708 1334 1744 divinae
1358 1712 1509 1743 naturae

220 1762 395 1798 infinitae.
856 1802 864 1803 ἶ

266 1815 409 1852 Deinde
426 1816 503 1852 Deo
525 1816 713 1863 denegare
732 1816 835 1863 quod
853 1816 975 1863 possit
991 1815 1235 1851 existentiam
1255 1814 1394 1850 harum
1415 1814 1509 1849 veri-

222 1873 344 1904 tatum
366 1870 720 1917 supernaturalium
740 1869 853 1905 nobis
870 1869 1051 1913 revelare,
1071 1869 1163 1915 quin
1185 1867 1301 1903 simul
1333 1866 1511 1903 ostendat

223 1923 473 1959 intrinsecum
506 1933 638 1959 earum
671 1933 828 1967 nexum,
862 1921 921 1958 vel
947 1922 1195 1957 intrinsecam
1229 1925 1422 1965 naturam,
1454 1924 1512 1955 est

223 1975 454 2011 stultissima
479 1976 630 2012 insania
651 1986 659 2011 :
680 1987 769 2011 nam
790 1979 995 2023 negaretur
1025 1975 1101 2010 Deo
1129 1973 1232 2020 quod
1253 1973 1402 2008 homini
1422 1983 1510 2008 con-

221 2023 446 2075 cediturgqui
473 2030 590 2065 etiam
610 2029 740 2076 plures
760 2028 954 2064 naturales
968 2028 1146 2064 veritates
1165 2026 1399 2069 manifestat,
1418 2026 1510 2072 quin

226 2086 351 2116 tamen
367 2092 506 2117 earum
529 2087 709 2118 naturam
735 2082 897 2129 aperiat,
918 2085 962 2116 ut
991 2085 1080 2116 suut
1111 2080 1210 2115 facta
1232 2079 1362 2115 onmia
1392 2078 1511 2113 histo·

225 2134 315 2178 rica,
333 2144 420 2179 quae
434 2145 455 2169 a
476 2135 586 2171 nobis
605 2135 793 2171 verificari
813 2139 870 2170 est
887 2132 1138 2181 impossibile.

271 2186 343 2222 Sed
361 2187 438 2222 imo
455 2187 679 2234 hujusmodi
699 2187 879 2223 revelatio
900 2185 1075 2222 absolute
1093 2184 1397 2232 supernaturalis
1422 2194 1510 2220 con·
1553 2221 1556 2234 ἶ

225 2239 512 2275 venientissima
528 2245 596 2275 est.
618 2240 739 2276 Tanto
757 2240 860 2275 enim
877 2238 1081 2287 perfectius
1102 2238 1266 2274 sentitur
1286 2247 1308 2273 a
1331 2236 1442 2273 nobis
1465 2235 1511 2271 de
1551 2245 1559 2275 ζ

226 2292 315 2336 Deo,
335 2297 479 2339 quanto
501 2293 623 2340 magis
649 2293 777 2340 ipsum
798 2292 1067 2340 cognoscimus
1096 2301 1178 2327 esse
1203 2300 1318 2337 supra
1338 2299 1452 2325 omne
1472 2288 1511 2324 id

227 2344 330 2391 quod
351 2344 397 2381 de
417 2345 481 2381 illo
511 2357 533 2382 a
565 2345 676 2382 nobis
708 2346 869 2393 cogitari
890 2348 1030 2392 potest.
1051 2344 1123 2380 Per
1148 2343 1221 2379 hoc
1250 2347 1379 2379 autem
1408 2341 1510 2389 quod

228 2398 376 2434 homini
393 2397 439 2435 de
453 2399 528 2434 Deo
551 2399 679 2446 aliqua
697 2402 968 2446 proponuntur
986 2407 1072 2445 quae
1096 2396 1286 2433 rationem
1309 2394 1508 2441 excedunt,
