1584 2569
464 118 544 144 nir.
571 118 597 143 1.
623 117 668 143 nx
691 116 867 145 Arnzisno
892 117 1054 144 romi-ico
1331 111 1398 145 297

112 190 282 228 statibus
301 190 474 227 civilibus
496 189 724 227 inveniatur.
744 191 902 226 Necesse
920 194 978 225 est
997 199 1088 237 ergo
1109 193 1151 225 ut
1170 190 1217 227 de
1237 190 1296 227 his
1316 202 1400 228 mu-

112 244 186 280 tuis
202 242 452 279 relationibus
472 243 571 278 inter
589 242 797 280 Ecclesiam
817 245 853 278 et
871 243 1022 280 Statum
1040 242 1189 279 civilem
1211 243 1399 281 dicamus.

111 298 389 344 Argumentum
409 295 566 342 quidem
593 295 850 339 salebrosum,
871 306 948 332 non
974 297 1113 333 natura
1136 306 1219 341 sua,
1248 297 1314 333 sed
1339 298 1400 332 in-

109 347 260 395 justitia
284 352 503 394 temporum
525 352 561 383 et
588 347 792 384 hominum
815 347 979 385 malitia.
1005 348 1051 385 Ut
1078 350 1208 385 autem
1236 349 1401 386 dilucide

111 399 289 449 praefatas
308 400 511 437 relationes
531 400 843 446 determinemus,
866 411 888 437 a
907 400 1182 438 remotioribus
1205 403 1403 450 principiis

112 452 345 498 exordimur,
360 452 570 501 quaerendo
586 457 623 488 10
648 453 692 489 de
707 453 891 489 atheismo
905 453 1070 501 politico
1087 464 1095 489 :
1116 458 1246 490 utrum
1264 465 1402 502 nempe

113 508 242 543 Status
251 505 428 553 politicus
443 507 497 542 ita
510 516 550 542 se
568 516 698 553 gerere
712 506 834 554 possit
852 516 895 542 ac
915 507 946 542 si
964 505 1070 543 nulla
1087 509 1234 543 extaret
1251 508 1400 554 religio,

112 559 336 597 etDeusnon
345 559 597 604 existeret;—
618 561 658 594 2⁰
677 559 720 595 de
729 558 914 605 libertate,
923 560 1397 606 utivocant,comcientice;

112 633 157 640 —
174 615 211 649 3ο
234 612 278 648 de
298 612 469 648 libertate
488 611 655 649 cultuum
665 623 680 656 ,·
697 631 742 638 —
764 613 800 648 4⁰
828 612 873 648 dc
890 611 1063 649 libertate
1081 613 1242 651 docendi
1250 624 1264 658 ;
1291 632 1335 640 -
1366 616 1403 649 50

112 665 159 703 de
178 664 492 702 subordinatione
511 664 644 701 Status
663 664 715 700 ad
732 663 959 701 Ecclesiam.

490 782 795 818 ARTmULus
828 782 1029 819 PRIMUS
1128 771 1139 809 l

718 857 790 903 (64)
1130 848 1149 881 '⁷²
1174 885 1193 905 ὴ
1351 858 1366 909 i

523 934 580 970 De
603 934 789 971 atheismo
808 933 986 980 politico.
1136 931 1138 934 ’

157 1030 185 1065 1.
211 1028 399 1065 Atheismi
420 1027 572 1073 politici
599 1027 721 1064 notio.
745 1026 989 1063 Atheismum
1017 1026 1265 1066 distinximus
1290 1029 1343 1075 (T.
1366 1033 1401 1077 7,

113 1081 203 1126 Vm)
220 1081 259 1116 in
279 1080 520 1116 theoreticam
539 1082 575 1115 et
588 1079 821 1126 practicam,
846 1083 1036 1127 quatenus
1057 1085 1124 1115 aut
1148 1084 1310 1127 negetur
1337 1093 1402 1130 po-

113 1135 217 1171 sitive
240 1134 360 1169 Deum
383 1143 479 1177 esse,
501 1137 568 1169 aut
591 1133 645 1169 sic
669 1133 806 1169 vivitur
834 1134 945 1179 quasi
975 1133 1075 1169 Deus
1101 1144 1177 1170 non
1206 1134 1404 1175 existeret.

112 1188 188 1223 Hoc
201 1185 368 1223 secundo
387 1196 499 1222 sensu
513 1186 725 1231 quaerimus
740 1184 786 1220 de
805 1185 995 1221 atheismo
1015 1186 1182 1233 politico.
1204 1187 1404 1225 Societatis

113 1240 213 1276 enim
235 1239 312 1275 duo
332 1242 421 1274 sunt
440 1238 642 1283 elementa,
665 1247 801 1284 nempe
825 1238 1060 1275 elementum
1087 1239 1319 1285 gubernans,
1343 1242 1403 1277 cui

112 1293 210 1329 inest
228 1292 438 1328 auctoritas
455 1291 620 1334 socialis,
639 1294 674 1326 et
692 1290 927 1327 elementum
946 1291 1218 1338 gubernatum,
1236 1303 1301 1328 seu
1317 1294 1403 1329 sub-

112 1345 182 1381 diti
204 1345 270 1392 qui
295 1354 319 1381 a
348 1344 518 1392 principe
541 1344 768 1380 ordinantur
793 1344 831 1379 in
862 1343 1007 1380 bonum
1035 1355 1255 1383 commune.
1280 1346 1400 1382 Porro

112 1398 342 1434 elementum
368 1397 598 1444 gubernans,
626 1397 703 1433 sive
730 1396 879 1432 dicatur
907 1397 1097 1444 princeps,
1128 1398 1203 1433 sive
1231 1399 1307 1434 alio
1335 1410 1404 1435 no-

112 1451 214 1487 mine
233 1454 485 1498 nuncupetur,
507 1454 634 1498 potest
657 1461 703 1485 ne
728 1453 810 1486 tum
831 1450 870 1486 in
890 1450 1040 1497 legibus
1057 1451 1239 1497 ferendis,
1261 1456 1344 1488 tum
1365 1453 1403 1488 in

111 1504 239 1550 legum
259 1503 496 1547 executione,
518 1506 601 1538 tum
619 1502 782 1549 denique
802 1502 841 1538 in
862 1505 1050 1549 potestate
1067 1503 1276 1549 judiciaria
1296 1515 1404 1540 exer-

111 1555 243 1601 cenda,
265 1556 320 1592 ita
335 1565 375 1592 se
399 1566 528 1603 gerere
548 1556 658 1601 quasi
681 1556 779 1591 Deus
800 1565 876 1591 non
896 1556 1090 1599 existeret,
1113 1561 1149 1591 et
1169 1567 1405 1604 consequen—

112 1613 170 1646 ter
193 1608 297 1644 nullo
323 1608 455 1644 habito
483 1611 658 1654 respectu
686 1607 735 1644 ad
762 1608 866 1654 leges
896 1607 1058 1651 divinas,
1087 1609 1161 1644 sive
1190 1610 1402 1652 naturales,

113 1662 188 1698 sive
208 1660 389 1708 positivas
401 1662 417 1695 ⁶?
436 1661 492 1696 En
511 1661 686 1706 quaestio.

157 1714 204 1750 11.
225 1714 418 1758 Principia
431 1713 612 1749 atheismi
627 1713 792 1757 politici.
812 1712 1021 1753 Quaestioni
1037 1715 1244 1759 propositae
1263 1715 1403 1750 atheis-

112 1776 200 1803 mus
216 1766 391 1812 politicus
401 1766 609 1813 respondet
625 1765 852 1801 affirmative
868 1775 960 1810 3nec
974 1765 1128 1802 difficile
1140 1771 1195 1801 est
1208 1768 1405 1814 assignare

112 1828 271 1855 erronea
289 1818 477 1865 principia
503 1828 548 1853 ex
574 1817 712 1863 quibus
731 1817 853 1864 logice
872 1817 1034 1853 infertur
1056 1829 1065 1853 ε
1086 1819 1151 1854 illa
1177 1829 1347 1866 namque
1367 1823 1404 1856 et

114 1872 362 1918 designantur
380 1875 417 1906 et
436 1870 730 1918 proscribuntur
749 1870 787 1904 in
809 1869 952 1916 pluries
972 1870 1133 1906 laudato
1158 1871 1317 1917 Syllabo
1338 1872 1401 1908 SS.

113 1925 155 1960 D.
176 1924 220 1960 N.
242 1924 296 1959 Pii
318 1924 432 1970 Papae
451 1923 499 1960 IX
519 1923 747 1960 auctoritate
771 1922 888 1957 edito.
914 1923 996 1958 Sive
1017 1924 1138 1970 igitur
1158 1929 1319 1970 negetur
1341 1926 1404 1960 Dei

113 1977 316 2013 existentia
345 1977 423 2012 sive
455 1986 542 2012 cum
577 1975 823 2022 pantheismo
853 1975 934 2020 ejus
971 1980 1110 2011 natura
1140 1987 1228 2011 cum
1265 1980 1405 2013 natura

112 2029 247 2066 mundi
275 2029 548 2074 confundatur,
580 2029 671 2071 sive,
701 2028 902 2064 existentia
931 2028 996 2064 Dei
1028 2028 1166 2074 posita,
1196 2029 1405 2076 denegetur

114 2083 242 2119 divina
261 2083 343 2130 eJ'us
369 2082 620 2128 providentia,
646 2082 747 2117 Deus
768 2092 789 2116 a
810 2081 954 2117 mundo
982 2091 1133 2127 semper
1159 2081 1403 2126 excluditur;

113 2136 169 2171 ita
181 2138 223 2171 ut
241 2148 257 2167 ‹
276 2134 456 2182 neganda
473 2135 522 2170 sit
539 2135 664 2170 omnis
680 2134 747 2170 Dei
763 2133 861 2169 actio
878 2135 916 2169 in
932 2133 1108 2170 homines
1123 2139 1160 2169 et
1176 2133 1365 2170 mundum
1386 2150 1401 2167 »

115 2188 284 2234 (Propos.
305 2189 366 2233 Π).
384 2188 439 2223 Ex
456 2198 533 2235 quo
552 2187 725 2234 sequitur
743 2189 780 2221 10
805 2185 909 2233 quod
930 2200 945 2218 ‹
965 2187 1142 2222 Humana
1160 2187 1273 2229 ratio,
1298 2187 1404 2222 nullo

113 2251 270 2288 prorsus
298 2241 364 2276 Dei
393 2244 568 2286 respectu
596 2239 740 2282 habito,
770 2239 903 2275 unicus
926 2243 984 2274 est
1014 2240 1091 2274 veri
1118 2243 1155 2274 et
1180 2239 1282 2283 falsi,
1314 2239 1403 2275 boni

114 2298 152 2330 et
189 2292 282 2329 mali
315 2293 478 2337 arbiter,
505 2292 577 2329 sibi
608 2295 664 2328 est
698 2292 758 2328 lex
801 2295 838 2327 et
869 2292 1109 2328 naturalibus
1146 2292 1223 2328 suis
1261 2292 1406 2329 viribus

114 2345 166 2383 ad
196 2345 400 2383 hominum
433 2356 477 2381 ac
517 2345 750 2393 populorum
789 2344 935 2381 bonum
968 2344 1182 2381 curandum
1216 2344 1356 2382 sufficit
1385 2361 1404 2379 ι
