1584 2569
373 168 455 196 An».
476 168 516 194 11.
531 168 576 195 m:
594 169 789 196 LIBERTATE
803 169 1044 196 conseramus
1330 164 1394 198 301

120 249 202 276 mas
227 241 321 283 11-11‚
353 240 422 282 Qu.
450 240 491 283 X,
523 241 639 277 Artic.
666 241 760 279 VIII.
793 241 899 279 Unde
927 242 1139 278 Concilium
1168 244 1399 280 Toletanum

120 291 201 327 haec
219 291 414 339 praecipit:
439 306 456 325 ‹
476 293 529 328 De
546 291 688 330 Judaeis
708 297 837 330 autem
859 295 1031 342 praecipit
1054 297 1189 331 sancta
1209 296 1398 342 Synodus,

119 345 262 380 nemini
288 344 465 393 deinceps
487 345 537 382 ad
565 344 799 383 credendum
829 347 906 384 vim
926 347 1064 384 inferre
1082 357 1091 392 ς
1110 349 1170 384 cui
1192 349 1295 385 enim
1321 350 1401 385 vult

119 398 218 433 Deus
253 398 468 442 miseretur,
495 401 532 434 et
569 409 684 446 quem
716 399 796 436 vult
832 399 1036 437 indurat.»
1075 400 1142 447 (Cf.
1176 402 1400 438 Franciscus

120 449 296 493 Victoria,
312 450 446 488 Retect.
467 451 508 486 V.
528 450 574 487 de
593 451 716 497 Indis,
735 453 765 498 g.
783 452 876 498 XV).
895 452 1000 491 Unde
1015 464 1099 489 vere
1113 454 1402 490 calumniantur

119 501 353 539 catholicam
373 503 591 546 Ecclesiam,
615 505 682 552 qui
701 509 787 541 eam
808 504 939 542 dicunt
965 505 1188 543 violentiam
1209 508 1402 543 conscien-

120 555 184 592 tiis
207 555 344 592 inferre
376 557 424 593 ad
459 556 576 593 fidem
606 557 745 594 Christi
771 557 1027 595 dilatandam.
1055 559 1190 606 Utique
1222 559 1403 596 violentia

119 609 245 645 extitit
265 612 379 656 atque
405 613 522 655 extat,
552 610 617 646 sed
647 621 733 647 eam
759 620 874 659 passa
899 616 956 648 est
984 615 1021 648 et
1047 612 1192 659 patitur
1222 604 1401 659 Ecclesia,

121 672 199 697 non
216 662 360 707 intulit,
382 667 424 698 ut
447 662 610 699 historia
632 667 847 711 martyrum
870 667 906 699 et
926 665 1239 710 persecutionum
1268 670 1401 713 aperte

121 718 298 751 testatur.

167 768 231 804 111.
244 768 512 806 Praenotamen
521 770 700 807 alterum.
717 769 773 806 Ad
787 769 860 806 hoc
874 772 916 805 ut
927 771 1153 807 exercitium
1172 782 1270 808 verae
1287 772 1403 807 liber-

123 821 210 857 tatis
232 820 432 866 habeatur,
454 832 604 859 necesse
623 827 680 860 est
699 827 741 859 ut
761 822 855 859 nulli
885 822 1008 859 officio
1041 823 1271 871 derogetur:
1294 824 1406 860 liber-

123 878 181 910 tas
207 874 310 910 enim
341 885 419 910 non
447 879 505 911 est
527 874 577 911 ad
604 876 750 912 malurn
780 875 847 912 sed
874 876 922 912 ad
944 875 1088 913 bonum
1111 878 1182 922 (Ps.
1215 879 1272 922 50,
1293 877 1404 923 XIV).

121 926 220 975 Ergo
249 927 399 975 quoties
433 927 550 964 homo
586 939 630 965 ea
668 928 839 966 abutitur
872 929 921 966 ad
950 929 1110 975 malum,
1143 941 1218 966 non
1249 930 1405 967 libertas

123 979 285 1017 dicenda
303 982 360 1016 est
376 980 444 1016 sed
462 980 587 1017 verius
606 980 771 1018 licentia.
793 981 968 1025 Quaerere
988 992 1078 1028 ergo
1100 987 1230 1018 utrum
1246 983 1406 1019 libertas

123 1033 363 1070 conscientiae
395 1033 444 1070 sit
469 1033 587 1079 licita,
615 1033 717 1070 idern
748 1036 804 1071 est
834 1045 878 1071 ac
902 1045 1074 1082 quaerere
1098 1038 1229 1071 utrum
1250 1036 1407 1072 libertas

123 1085 314 1132 cogitandi
339 1090 376 1122 et
396 1086 533 1133 agendi
562 1096 649 1134 quae
674 1086 799 1134 magis
823 1087 956 1125 lubent
981 1088 1020 1123 in
1050 1087 1094 1124 iis
1117 1099 1203 1136 quae
1224 1089 1344 1124 Deum
1371 1091 1407 1124 et

123 1138 348 1186 religionem
384 1140 606 1187 respiciunt,
637 1140 795 1186 deroget
821 1139 957 1176 officiis
986 1151 1077 1188 erga
1102 1142 1223 1177 Deum
1256 1142 1404 1188 ipsum.

123 1192 196 1228 Iste
234 1192 390 1239 praecise
426 1194 482 1228 est
516 1202 649 1229 sensus
681 1193 921 1240 quaestionis,
958 1196 996 1229 et
1034 1193 1105 1229 sub
1140 1193 1212 1229 hoc
1249 1199 1406 1241 aspectu

124 1244 306 1281 solvenda
319 1247 388 1288 est,
410 1249 447 1280 et
466 1244 585 1281 facilis
603 1249 660 1281 est
679 1245 762 1291 eJus
787 1245 941 1281 solutio.

170 1296 231 1333 IV.
252 1296 518 1335 Praenotamen
544 1298 720 1335 tertium.
743 1297 883 1333 Verum
904 1298 1065 1345 quaestio
1086 1298 1158 1334 hoc
1184 1299 1301 1335 modo
1323 1310 1408 1346 pro-

124 1349 249 1398 posita
268 1353 394 1398 potest
414 1350 565 1386 definiri
583 1352 620 1384 1⁰
638 1349 808 1386 absolute
839 1360 905 1386 seu
937 1353 1109 1398 spectata
1127 1350 1301 1388 libertate
1321 1363 1408 1388 con-

125 1403 296 1440 scientiae
312 1404 352 1439 in
378 1404 526 1450 seipsa;
553 1404 594 1437 20
612 1402 780 1446 relative,
807 1413 874 1439 seu
899 1402 1143 1440 considerata
1165 1405 1409 1441 conscientiae

124 1453 300 1493 libertate
336 1455 466 1502 quoad
496 1455 646 1492 civilem
683 1456 985 1493 conviventiam:
1019 1456 1090 1493 sub
1119 1466 1197 1503 quo
1227 1457 1409 1505 adspectu

126 1510 314 1558 praecipue
334 1508 549 1546 defenditur
567 1509 615 1545 ab
635 1509 875 1545 adversariis.
897 1529 942 1535 -
973 1509 1027 1545 Sit
1047 1519 1138 1556 crgo
1169 1510 1294 1556 prima
1320 1520 1410 1546 con-

124 1563 255 1600 clusio.

169 1615 212 1651 V.
230 1614 405 1652 Libertas
433 1615 680 1652 conscientiae
704 1615 746 1651 in
766 1625 807 1651 se
826 1618 1003 1660 spectata
1030 1619 1091 1652 est
1107 1616 1260 1653 omnino
1280 1617 1408 1662 impia,

124 1669 275 1705 Etenim
300 1668 417 1703 homo
445 1668 685 1703 strictissimo
705 1667 830 1703 officio
858 1671 1008 1704 naturae
1026 1672 1176 1704 tenetur
1194 1673 1297 1704 recte
1326 1679 1410 1704 sen-

124 1722 195 1757 tire
220 1720 266 1756 de
293 1721 383 1764 Deo,
412 1720 535 1767 deque
566 1720 625 1755 his
651 1730 736 1766 quae
769 1720 995 1766 religionem
1022 1723 1105 1755 tum
1136 1721 1409 1766 speculativam

124 1777 207 1809 tum
237 1773 445 1820 practicam
475 1772 685 1818 respiciunt
715 1773 787 1818 (33,
825 1773 886 1816 11).
930 1773 1047 1820 Atqui
1078 1772 1293 1809 voluntarie
1324 1783 1410 1810 con-

124 1825 242 1862 traire
261 1825 388 1860 officio
413 1824 654 1861 strictissimo
681 1828 830 1861 naturae
853 1824 1005 1861 licentia
1025 1828 1093 1868 est,
1127 1836 1205 1861 non
1225 1824 1408 1870 libertas;

125 1881 163 1914 et
175 1879 207 1914 si
227 1887 353 1915 sermo
369 1880 439 1921 est,
459 1881 502 1913 ut
521 1878 560 1913 in
577 1879 709 1913 nostro
725 1882 968 1923 argumento,
983 1877 1028 1914 de
1046 1877 1263 1914 voluntaria
1282 1883 1410 1915 trans-

126 1931 320 1978 gressione
349 1930 464 1966 officii
494 1940 587 1977 erga
613 1930 744 1974 Deum,
766 1929 928 1977 praefata
953 1930 1108 1966 licentia
1131 1935 1188 1966 est
1217 1931 1408 1977 impietas,

125 1983 223 2026 Quia
248 1993 338 2030 ergo
364 1993 433 2030 per
456 1983 674 2019 libertatem
712 1982 955 2019 conscientiae
982 1983 1044 2030 jus
1068 1982 1235 2019 traditur
1261 1984 1411 2020 homini

125 2036 314 2073 sentiendi
335 2036 381 2072 de
408 2037 484 2072 Deo
510 2036 637 2083 prouti
666 2035 790 2082 magis
816 2035 934 2080 lubet,
964 2036 1046 2072 haec
1065 2035 1236 2081 libertas,
1258 2036 1363 2073 hoc·
1346 2061 1361 2083 ὁ
1368 2046 1412 2072 =1s

126 2101 213 2126 vera
236 2090 415 2137 impietas
440 2094 510 2126 est.
538 2109 583 2115 -
603 2089 700 2132 Quia
720 2060 850 2125 aoutem
874 2089 954 2125 haec
979 2089 1106 2136 prima
1131 2089 1326 2125 conclusio
1349 2090 1409 2127 vi

127 2143 174 2179 ab
207 2142 432 2179 adversariis
459 2142 676 2185 discutitur,
699 2141 749 2179 ad
770 2141 850 2189 ejus
883 2141 1151 2189 probationem
1177 2142 1280 2178 dicta
1302 2142 1403 2179 suffi

126 2195 249 2241 ciant;
270 2200 308 2232 et
328 2196 438 2232 venio
465 2195 514 2231 ad
545 2194 754 2231 secundam
775 2198 924 2242 partem
944 2194 1180 2241 quaestionis.
1201 2195 1256 2231 Sit
1280 2195 1412 2243 itaque

127 2248 294 2285 secunda
321 2248 528 2285 conclusio.

170 2300 230 2338 VI.
251 2301 426 2338 Libertas
445 2301 693 2339 conscientiae
713 2302 911 2338 socialiter
927 2302 1183 2346 considerata,
1203 2302 1236 2337 si
1255 2302 1296 2337 in
1310 2301 1413 2337 datis

127 2353 433 2390 circumstantiis
451 2354 614 2390 tolerari
640 2356 783 2399 potest,
813 2362 1011 2399 nunquam
1040 2356 1172 2390 tamen
1201 2356 1261 2390 est
1280 2362 1413 2399 appro-

123 2405 266 2450 banda,
275 2409 316 2442 et
325 2407 448 2443 multo
455 2407 583 2443 minus
591 2406 831 2452 protegenda
838 2406 902 2442 vel
911 2405 1154 2443 inculcanda.
1166 2404 1274 2448 Quod
1286 2407 1414 2453 potest

197 2482 341 2509 Ζισιιιυ.
359 2482 477 2510 Summa
491 2481 596 2518 philon.
613 2495 648 2502 —
667 2482 699 2510 1¹.
716 2480 774 2513 m.
1308 2480 1344 2509 20
