1554 2569
179 111 223 145 «50
239 120 366 145 131ch
381 120 452 145 Lm.
466 121 504 145 11.
518 121 595 146 CAP.
609 121 634 145 1.
651 121 695 145 ΒΕ
708 121 856 146 Acnnus
872 121 1009 146 nuum.
1026 121 1064 146 IN
1078 121 1206 146 SElPSIS
1216 119 1464 146 CONsmEnATts

178 173 282 220 quod
316 174 491 210 essentiae
518 174 594 210 sint
619 174 714 211 tales
740 174 1040 221 independenter
1067 185 1089 210 a
1115 175 1292 210 libertate
1322 174 1461 218 divina,

178 237 222 262 eo
240 227 324 273 ipso
342 230 448 273 patet
463 227 680 263 absurditas
697 226 882 263 doctrinae
895 227 1165 264 Puffendorfii:
1185 227 1327 262 etenim
1341 237 1461 263 essen-

179 279 275 314 tiam
294 278 593 315 determinatam
613 290 684 316 sua
704 280 877 327 sequitur
897 280 1069 327 operatio
1091 280 1359 323 determinata,
1377 289 1465 327 quae

178 332 354 367 essentiae
380 332 452 378 ipsi
478 334 654 368 convenit
678 342 841 379 eamque
867 332 1026 379 perficit,
1055 332 1151 369 sicut
1177 332 1350 380 operatio
1370 342 1462 368 con-

178 384 297 419 traria
316 384 354 419 in
381 384 657 420 detrimentum
675 384 862 420 naturalis
884 384 1126 431 perfectionis
1147 384 1320 431 ejusdem
1340 395 1459 421 essen·

178 437 242 472 tiae
269 441 337 473 est.
368 437 445 473 Hoc
473 438 704 484 principium
734 437 788 473 ita
816 438 970 473 evidens
995 441 1064 481 est,
1087 443 1129 474 ut
1158 448 1280 485 neque
1308 437 1356 473 ab
1382 438 1465 484 ipso

177 487 438 525 Puffendorfio
459 495 619 536 negetur
637 500 645 525 :
668 490 858 537 siquidem
878 490 928 525 ad
951 490 1221 526 stabiliendam
1242 500 1354 525 suam
1372 489 1466 525 doc-

178 541 335 585 trinam,
354 542 553 578 exorditur
572 543 775 579 statuendo
796 556 812 575 ‹
836 542 956 578 Deum
972 543 1028 578 uti
1048 544 1191 587 omnia,
1214 543 1269 578 ita
1288 545 1325 578 et
1344 541 1466 578 homi-

179 604 267 628 nem
298 593 495 630 liberrima
524 595 721 631 voluntate
756 605 927 640 creasse3
957 595 1018 631 cui
1051 605 1289 642 consequens
1324 598 1395 639 est,
1427 594 1466 629 in

179 646 417 693 beneplacito
438 647 611 693 ejusdem
629 647 758 691 fuisse,
774 647 930 694 qualem
951 648 998 690 ei,
1016 657 1131 694 quem
1148 650 1348 683 creaturus
1367 650 1464 691 erat,

179 701 357 734 naturam
377 698 488 734 vellet
509 700 720 746 assignare.
738 714 754 732 ›
772 702 826 735 En
843 700 1075 747 principium
1088 700 1346 735 cartesianum
1367 700 1468 736 cIrca

179 762 308 786 rerum
325 752 531 797 essentias3
551 763 596 788 ex
617 763 691 799 quo
714 753 853 789 infert:
876 766 894 784 «
915 753 997 794 Qua
1019 752 1169 788 ratione
1188 752 1307 798 igitur
1325 752 1467 788 actioni

179 803 348 839 hominis
368 805 488 851 possit
503 809 719 852 competere
734 805 865 851 aliqua
884 805 1051 850 affectIO,
1066 814 1152 851 quae
1173 815 1218 840 ex
1239 805 1466 841 necessitate

178 856 384 892 intrinseca
411 860 448 892 et
475 857 666 900 absoluta,
695 862 804 893 extra
831 857 896 893 Dei
922 858 1209 904 impositionem
1230 861 1266 892 et
1286 857 1465 904 benepla-

177 909 311 951 citum,
342 911 570 956 promanet?
596 910 655 946 Sic
684 915 726 945 ut
754 921 886 946 revera
914 921 1047 946 omnes
1078 913 1207 945 motus
1233 914 1270 945 et
1298 909 1466 945 actiones

180 961 364 1006 hominis,
386 965 537 998 remota
556 963 661 998 omni
682 963 765 1008 lege
787 966 866 998 tam
889 962 1017 998 divina
1039 973 1158 1009 quam
1183 961 1368 1004 humana,
1390 963 1466 998 sint

181 1013 468 1058 indifferentes3
496 1025 631 1050 earum
658 1020 788 1050 autem
818 1015 955 1062 aliquae
982 1015 1036 1050 ita
1062 1019 1214 1050 tantum
1241 1014 1465 1050 naturaliter

179 1066 351 1102 honestae
366 1071 431 1102 aut
449 1069 579 1114 turpes
597 1068 786 1111 dicantur,
802 1066 906 1113 quod
921 1077 985 1102 eas
1003 1066 1098 1111 fieri,
1114 1071 1181 1102 aut
1200 1067 1328 1101 omitti
1347 1077 1465 1113 quam

179 1118 348 1154 maxime
380 1119 550 1165 requirat
580 1119 749 1155 conditio
781 1122 941 1163 naturae,
979 1129 1096 1164 quam
1130 1119 1287 1154 Creator
1318 1118 1466 1158 homini

177 1169 295 1205 libere
316 1171 504 1207 attribuit.
531 1186 546 1204 ι
570 1171 625 1207 De
643 1172 737 1207 Jure
756 1177 835 1207 nat.
858 1176 890 1207 et
908 1176 1008 1217 gent.
1030 1171 1097 1207 lib.
1120 1171 1147 1206 Ι.
1173 1172 1262 1217 Cap.
1287 1172 1332 1207 11.
1359 1169 1473 1215 §.VLv

176 1242 223 1248 —
251 1224 366 1268 Atqui
396 1223 536 1259 falsum
569 1225 728 1260 omnino
758 1228 815 1260 est
846 1224 1053 1259 essentiam
1085 1222 1268 1268 hominis,
1298 1223 1401 1259 sicut=
1428 1228 1466 1258 et

178 1274 342 1310 aliarum
362 1286 505 1320 rerum,
529 1276 693 1322 pendere
714 1287 737 1312 a
758 1276 879 1312 libera
898 1276 965 1312 Dei
985 1276 1195 1319 voluntate,
1217 1280 1258 1310 ut
1283 1275 1359 1311 late
1380 1287 1466 1322 pro-

178 1326 312 1363 batum
338 1332 396 1364 est
428 1329 467 1364 in
497 1329 703 1376 Ontologia
733 1331 804 1374 (11,
835 1329 941 1373 VIII).
974 1329 1073 1375 Ergo
1102 1328 1243 1364 falsum
1275 1332 1332 1363 est
1361 1329 1462 1375 quod

177 1380 354 1415 omnium
374 1380 570 1416 actionum
590 1381 791 1417 moralitas
808 1392 830 1416 a
849 1380 972 1416 libera
994 1381 1058 1416 Dei
1082 1380 1276 1416 voluntate
1294 1385 1331 1415 et
1345 1380 1461 1415 deter-

182 1431 387 1468 minatione
407 1433 456 1468 sit
477 1433 725 1470 desumenda.
1469 1427 1473 1434 ¹

223 1484 432 1521 Intrinsece
457 1491 626 1532 spectata
654 1490 706 1522 est
735 1485 917 1523 absurda.
949 1485 1098 1521 Etenim
1124 1488 1278 1532 poterat
1306 1485 1463 1533 quidem

178 1538 276 1572 Deus
303 1547 380 1572 non
405 1548 534 1574 creare
559 1538 772 1583 hominem,
800 1543 840 1574 at
869 1538 994 1586 posito
1023 1538 1128 1585 quod
1153 1538 1272 1574 libere
1303 1538 1462 1574 voluerit

176 1599 266 1624 eum
288 1600 430 1635 creare,
453 1590 665 1626 absurdum
691 1595 749 1626 est
775 1590 899 1626 dicere
926 1589 1030 1637 quod
1050 1590 1177 1636 ipsum
1198 1591 1367 1637 potuerit
1386 1601 1464 1626 non

177 1641 358 1678 ordinare
388 1643 436 1678 ad
463 1644 579 1679 finem
604 1643 657 1679 illi
683 1643 974 1679 connaturalem
999 1653 1007 1679 :
1029 1643 1095 1689 qui
1116 1643 1273 1690 quidem
1295 1643 1381 1679 finis
1407 1648 1465 1679 est

178 1694 259 1740 ipse
286 1695 398 1730 Deus.
429 1695 580 1731 Statuto
607 1698 737 1732 autem
764 1697 838 1732 fine
864 1696 1075 1732 constituta
1095 1700 1182 1731 sunt
1203 1695 1348 1740 omnia,
1370 1706 1464 1742 qua-

178 1749 289 1782 tenus
324 1747 465 1784 scilicet
499 1758 545 1784 ea
575 1758 661 1795 quae
692 1748 741 1784 ad
772 1748 860 1784 finis
891 1748 1204 1785 consecutionem
1237 1747 1461 1794 perducunt,

177 1799 404 1835 naturaliter
423 1803 511 1835 sunt
530 1800 805 1844 convenientia,
821 1803 858 1836 et
877 1800 915 1836 in
932 1800 1132 1847 agentibus
1151 1799 1280 1836 liberis
1301 1799 1462 1836 honesta

177 1850 380 1896 dicuntum
410 1862 497 1898 quae
521 1862 611 1888 vero
640 1852 707 1888 fini
737 1863 814 1889 non
846 1853 1091 1896 conveniunt,
1121 1857 1210 1888 sunt
1238 1853 1463 1889 naturaliter

177 1903 496 1947 inconvenientia,
521 1907 558 1940 et
583 1904 669 1940 ideo
695 1905 733 1940 in
760 1904 964 1949 agentibus
984 1904 1114 1940 liberis
1134 1909 1223 1940 sunt
1243 1904 1461 1941 inhonesta.

176 1956 275 2002 Ergo
308 1956 521 1992 absurdum
551 1960 607 1992 est
632 1967 802 1993 asserere
831 1957 935 2003 quod
968 1967 991 1993 a
1020 1957 1142 1992 libera
1168 1957 1232 1992 Dei
1267 1956 1462 1993 voluntate

177 2007 369 2053 pendeant
382 2019 468 2056 quae
482 2009 643 2045 honesta
657 2013 723 2045 aut
741 2009 868 2057 turpia
882 2009 1019 2045 suntin
1035 2008 1250 2044 actionibus
1267 2009 1460 2045 humanis.

176 2079 222 2086 —
243 2060 347 2096 Hanc
367 2061 555 2097 rationem
577 2062 734 2108 exponit
758 2062 796 2098 S.
818 2061 985 2097 Thomas
1007 2061 1045 2096 in
1065 2061 1127 2097 111.
1154 2060 1296 2097 Contra
1317 2060 1460 2104 Gentes,

176 2112 269 2158 Cap.
297 2113 447 2158 CXXIX,
478 2124 516 2149 n.
545 2116 566 2149 7
595 2125 603 2150 τ
631 2128 648 2147 ι
670 2114 892 2160 Unicuique,
917 2113 1054 2161 inquit,
1083 2113 1311 2149 naturaliter
1330 2124 1463 2149 conve·

176 2165 288 2200 niunt
302 2175 348 2201 ea
364 2166 504 2212 quibus
521 2167 643 2202 tendit
657 2167 695 2202 in
709 2177 824 2202 suum
838 2167 954 2202 finem
970 2165 1186 2202 naturalem
1203 2176 1211 2201 :
1232 2175 1317 2212 quae
1331 2169 1461 2201 autem

176 2227 197 2252 e
225 2218 420 2254 contrario
450 2228 489 2254 se
520 2218 678 2264 habent,
708 2223 799 2255 sunt
824 2219 860 2255 ei
888 2217 1115 2254 naturaliter
1143 2218 1458 2254 inconvenientia.

176 2269 383 2306 ostensum
408 2275 466 2306 est
489 2275 618 2307 autem
644 2282 761 2318 supra
779 2271 884 2318 (Cap.
908 2271 1014 2316 cxn)
1037 2269 1141 2318 quod
1162 2269 1278 2306 homo
1300 2275 1459 2307 natura-

175 2322 265 2359 liter
296 2323 497 2361 ordinatur
528 2324 564 2360 in
595 2324 715 2360 Deum
743 2324 841 2370 sicut
869 2324 907 2360 in
936 2324 1066 2360 finem.
1093 2323 1147 2359 Ea
1174 2323 1292 2371 igitur
1319 2323 1458 2371 quibus
