1584 2569
329 101 408 124 Aer.
436 99 485 124 vi.
515 97 556 122 mr
582 95 748 124 rimorum
776 94 922 119 OPPlcnS
948 93 1039 118 ERGA
1065 92 1242 118 PARENTES
1357 82 1423 116 215

151 180 232 216 quae
259 168 417 205 debetur
442 168 533 213 Deo,
555 176 789 214 superiorem
811 170 938 201 tamen
966 164 1029 200 illa
1056 173 1140 211 quae
1168 163 1250 198 aliis
1277 159 1427 198 exhibe-

151 228 222 267 tur,
255 225 434 269 praestare
467 220 688 267 parentibus
716 218 993 265 obstringimur
1020 216 1184 253 naturali
1218 215 1355 251 officio.
1385 214 1430 249 Et

149 275 230 310 haec
250 273 375 310 officia
397 277 578 320 perpetua
599 272 637 306 in
658 271 766 306 nobis
787 275 888 316 sunt,
907 270 998 316 quia
1020 273 1203 316 perpetua
1219 272 1275 303 est
1296 266 1428 303 relatio

149 325 410 373 dependentiae
431 324 627 360 existentis
648 324 746 359 inter
764 323 863 359 filios
881 327 917 358 et
938 326 1125 369 parentes.

194 379 258 414 111.
282 378 414 414 Officia
430 377 672 413 obedientiae.
692 375 791 411 Filii
807 375 948 411 obedite
962 373 1188 421 parentibus
1201 383 1272 419 per
1288 371 1428 415 omnia,

150 431 280 466 scribit
305 430 443 466 Paulus
464 429 510 465 ad
532 429 771 464 Colossenses
799 428 864 472 111,
886 430 951 472 203
975 432 1014 462 et
1038 426 1110 462 hoc
1131 437 1205 461 non
1227 424 1351 460 solum
1375 434 1431 459 ra-

151 484 251 518 tione
266 483 459 529 assignata
473 482 511 517 in
529 481 756 528 praecedenti
775 491 948 524 numero,
961 479 1026 515 sed
1041 479 1156 514 etiam
1174 478 1264 524 quia
1277 477 1378 512 silius
1392 477 1430 511 in

148 536 327 571 societate
344 534 554 570 domestica
574 544 745 578 nascens,
765 537 819 568 est
839 544 884 568 ex
905 532 976 568 hoc
994 532 1075 579 ipso
1097 531 1316 566 membrum
1334 530 1431 575 ejus-

149 588 235 624 dem
271 588 474 632 societatis,
495 587 555 623 cui
583 585 791 633 dirigenda:
816 587 854 621 in
886 586 1030 621 bonum
1061 593 1264 620 commune
1295 586 1433 629 praeest

149 641 272 688 patria
303 644 482 687 potestas.
520 639 621 675 Finis
656 644 784 674 autem
816 637 1008 674 societatis
1040 637 1224 682 cuiusque
1262 634 1434 681 impossi-

150 692 235 728 bilis
255 692 391 735 evadit,
414 692 478 728 ubi
495 692 668 728 membra
688 691 826 726 unitati
848 690 1023 737 principii
1041 689 1229 724 moventis
1252 698 1328 723 non
1349 686 1434 722 sub-

146 745 344 792 jiciuntur.
366 745 463 792 Ergo
484 745 519 780 vi
540 745 654 780 etiam
676 743 895 779 socialitatis
922 742 989 778 filii
1012 746 1187 777 tenentur
1213 739 1435 787 parentibus

150 797 317 842 obedire,
336 797 375 833 in
396 797 453 832 his
474 807 559 843 quae
576 797 768 832 societatis
786 795 1005 831 domesticae
1023 794 1167 830 bonum
1186 796 1374 839 spectant.
1391 811 1436 816 -

149 852 196 885 At
215 860 291 886 non
312 854 489 885 tenentur
508 849 662 885 obedire
679 849 718 884 in
738 849 781 884 iis
802 858 886 894 quae
904 847 1106 883 inhonesta
1124 850 1227 890 sunt,
1248 845 1337 891 quia
1354 843 1436 880 haec

148 903 294 938 honum
318 911 523 937 commune
544 901 759 944 destruunt,
785 910 907 946 neque
928 899 975 936 ad
997 899 1060 934 illa
1089 897 1346 946 principienda
1369 906 1434 943 po-

150 959 223 991 test
242 954 424 1001 quaelibet
443 954 673 998 auctoritas3
692 953 756 989 sed
776 963 896 998 neque
916 955 1093 988 tenentur
1110 951 1263 986 obedire
1280 950 1319 985 in
1336 948 1432 991 aliis.

149 1008 194 1043 de
215 1007 353 1053 quibus
370 1017 486 1053 supra
502 1017 589 1042 cum
611 1006 647 1042 S.
667 1005 814 1042 Thoma
832 1006 976 1041 dictum
997 1009 1053 1040 est
1074 1005 1146 1049 (44,
1168 1004 1261 1048 Vll).

195 1060 254 1096 IV.
275 1060 360 1096 Atia
381 1059 520 1096 officia.
539 1059 692 1094 Certum
708 1063 763 1094 est
783 1057 884 1104 quod
907 1057 1107 1103 disciplina
1133 1056 1252 1103 patris
1267 1064 1311 1091 eo
1331 1053 1433 1090 blan-

150 1112 235 1148 dior
256 1113 313 1156 fit,
335 1123 410 1158 quo
434 1112 536 1147 filius
559 1115 670 1146 aetate
698 1121 867 1146 crescens
896 1110 1018 1157 magis
1047 1110 1105 1144 sui
1128 1109 1226 1155 Juris
1250 1107 1433 1150 eflicitur3

150 1166 228 1200 imo
245 1164 285 1199 in
302 1163 380 1199 filio
399 1167 520 1199 cessat
536 1164 633 1198 ratio
652 1162 880 1199 obedientiae
895 1162 1057 1205 socialis,
1075 1160 1227 1207 quando
1247 1158 1435 1196 divellitur

150 1228 172 1253 a
197 1217 376 1253 societate
402 1216 624 1261 domestica,
654 1220 691 1251 et
716 1216 762 1251 ab
790 1216 871 1262 ipsa
895 1215 984 1250 vivit
1010 1218 1219 1262 separatus.
1252 1214 1298 1248 At
1326 1222 1436 1247 num-

151 1280 267 1316 quam
287 1273 447 1314 cessant,
473 1273 514 1304 ut
535 1268 680 1305 dictum
707 1273 774 1313 est,
801 1268 926 1303 officia
951 1268 1107 1311 amoris,
1131 1265 1374 1314 gratitudinis
1403 1269 1441 1300 et

153 1322 304 1370 pietatis
329 1322 469 1357 filialis.
493 1341 538 1347 —-
563 1321 635 1357 Sed
662 1322 816 1368 insuper
835 1320 965 1356 stricto
989 1323 1137 1355 naturae
1159 1318 1283 1354 officio
1313 1322 1438 1353 tenen-

157 1381 216 1410 tur
239 1375 307 1411 filii
331 1385 442 1421 opem
470 1374 566 1409 ferre
587 1373 826 1410 materialem
853 1372 1088 1420 parentibus,
1111 1372 1259 1419 quoties
1285 1372 1320 1405 {n
1343 1368 1440 1406 indi-

158 1427 286 1474 gentia
305 1427 603 1462 constituuntur.
624 1426 778 1461 ¹Iustitia
805 1426 905 1460 enim
933 1425 1050 1471 exigit
1077 1429 1118 1459 ut
1143 1423 1244 1459 filius
1266 1433 1328 1458 eos
1359 1433 1440 1469 pas-

160 1483 219 1516 cat
244 1490 266 1515 a
293 1479 431 1526 quibus
451 1479 530 1525 ipse
556 1479 703 1525 primus
732 1482 862 1525 pastus
882 1480 951 1521 est,
973 1482 1010 1512 et
1036 1487 1168 1512 eorum
1187 1476 1276 1511 vitae
1302 1474 1443 1511 auxilia

159 1532 288 1568 omnia
311 1542 397 1578 qua³
424 1535 550 1579 potest
569 1530 715 1576 afferat,
735 1541 757 1566 a
777 1529 915 1577 quibus
936 1530 1016 1576 ipse
1042 1529 1157 1565 vitam
1182 1529 1341 1575 aceepit.
1368 1527 1442 1564 Hoo

158 1589 214 1620 est
232 1584 437 1628 dictamen,
459 1584 533 1620 hoc
552 1587 608 1619 est
628 1587 864 1631 praeceptum
884 1586 1044 1618 naturae.

201 1639 242 1675 V.
257 1638 369 1674 Nou.
387 1638 571 1674 filiorum
584 1636 626 1672 in
635 1638 818 1681 parentes
833 1634 960 1670 officia
975 1643 1020 1669 ex
1036 1633 1154 1668 Sacra
1171 1632 1384 1676 Scriptura.
1399 1630 1452 1666 De

156 1689 293 1727 officiis
312 1688 480 1725 filiorum
503 1688 541 1723 in
566 1692 744 1734 parentes
764 1687 905 1734 pluries
926 1685 1126 1720 disseritur
1146 1685 1185 1718 in
1209 1684 1331 1719 Sacris
1356 1683 1453 1718 litte-

157 1744 209 1780 ris
231 1753 239 1778 :
268 1753 315 1778 ne
342 1742 483 1778 nimius
506 1741 593 1785 sim,
616 1751 660 1776 ea
687 1740 812 1775 solum
844 1738 1054 1774 transcribo
1086 1747 1171 1783 quae
1202 1736 1387 1772 docentur
1414 1735 1452 1770 in

159 1794 409 1831 Ecclesiastici
427 1793 518 1840 Cap.
538 1792 602 1836 111,
625 1803 657 1827 v.
676 1795 697 1826 2
719 1797 755 1827 et
775 1802 880 1837 seqq.
902 1801 910 1826 :
933 1804 949 1822 ι
967 1789 1161 1826 Judicium
1183 1788 1302 1835 patris
1323 1787 1453 1823 audite

159 1848 242 1893 filii,
264 1851 302 1883 et
321 1847 375 1882 sio
401 1846 512 1882 facite
532 1850 575 1880 ut
595 1845 688 1880 salvi
709 1845 803 1879 silis.
827 1844 924 1879 Deus
946 1843 1047 1878 enim
1073 1841 1277 1877 honoravit
1304 1846 1452 1887 patrem

160 1903 199 1937 in
216 1900 304 1936 siliis
327 1910 334 1934 τ
358 1909 396 1934 et
417 1898 607 1945 judicium
628 1897 763 1932 matris
786 1896 1002 1942 exquirens,
1022 1895 1190 1930 firmavit
1212 1894 1250 1928 in
1277 1893 1376 1928 filios
1383 1920 1452 1930 .....

160 1955 205 1989 Et
225 1953 322 1990 sicut
339 1952 404 1999 qui
422 1951 666 1995 thesaurizat,
686 1951 740 1985 ita
757 1954 794 1984 et
814 1949 878 1996 qui
901 1948 1129 1984 honorificat
1149 1950 1311 1982 matrem
1330 1956 1453 1982 suam.

161 2007 232 2048 Qui
258 2006 426 2042 honorat
452 2009 600 2051 patrem
627 2014 753 2047 suum,
772 2000 1050 2048 jucundabitur
1075 2001 1111 2035 in
1140 1999 1241 2045 siliis,
1264 2004 1300 2034 et
1329 1999 1367 2033 in
1395 1999 1455 2034 die

162 2059 345 2096 orationis
371 2068 451 2094 suae
480 2056 719 2093 exaudietur.
752 2055 821 2096 Qui
852 2054 1016 2103 honorat
1046 2058 1194 2100 patrem
1224 2063 1352 2096 suurn,
1381 2052 1457 2087 vita

160 2113 260 2149 vivet
280 2111 453 2158 longiore
473 2121 481 2146 :
504 2115 539 2146 et
561 2110 624 2156 qui
645 2107 775 2144 obedit
795 2107 908 2154 patri,
927 2106 1167 2154 refrigerabit
1189 2111 1365 2140 matrem.
1386 2104 1456 2146 Qui

162 2165 273 2201 timet
297 2164 504 2200 Dominum
534 2163 699 2199 honorat
726 2164 915 2208 parentes,
937 2164 973 2196 et
994 2159 1102 2206 quasi
1129 2158 1296 2194 dominis
1322 2157 1458 2193 serviet

163 2218 237 2263 his,
256 2218 321 2264 qui
339 2228 376 2253 se
398 2220 623 2265 genuerunt.
644 2216 684 2250 In
703 2225 816 2262 opere
834 2219 871 2249 et
888 2224 1077 2258 sermone,
1094 2217 1130 2248 et
1149 2212 1253 2247 omni
1272 2210 1458 2257 patientia

111 2283 115 2287 ’
164 2270 313 2306 honora
338 2275 486 2319 patrem
512 2275 633 2314 tuum,
657 2274 698 2304 ut
725 2267 964 2315 superveniat
987 2267 1053 2302 tibi
1084 2264 1300 2301 benedictio
1328 2263 1374 2299 ab
1398 2274 1456 2308 eo,

164 2329 203 2360 et
228 2324 443 2360 benedictio
469 2323 570 2358 iilius
596 2323 634 2357 in
662 2321 868 2358 novissimo
897 2324 1062 2357 maneat.
1092 2317 1309 2354 Benedictio
1340 2316 1458 2360 patris
