1584 2569
173 134 238 167 186
293 142 353 167 ωε
380 143 643 168 NATURAE.L113
661 144 700 168 11.
723 143 801 168 mr.
825 143 849 167 1.
878 142 920 167 DE
940 142 1132 167 somnum
1151 141 1349 166 nouus-rma

171 215 208 249 in
227 219 416 274 parentes.
439 235 483 241 --
516 214 622 251 Unde
648 218 686 250 5⁰
703 213 927 250 discendum
945 218 1002 250 cst
1021 213 1064 250 de
1083 213 1230 261 officiis
1251 217 1285 249 et
1298 212 1466 272 juribus

169 272 370 313 parentum
385 267 426 302 in
445 267 570 314 filios·
593 271 631 303 et
655 288 700 293 --
729 269 767 302 6⁰
786 267 830 302 de
849 267 994 314 officiis
1007 270 1041 302 et
1052 264 1212 313 juribus
1230 265 1401 312 filiorum
1417 255 1466 300 in

169 324 355 365 parentes.
375 319 472 361 Quia
493 330 580 355 vero
608 320 646 354 in
667 320 889 356 societatem
917 318 1169 355 domesticam
1197 308 1466 359 adsciscuntur

171 371 303 407 famuli
325 371 372 407 ad
394 372 520 408 officia
538 372 770 419 praestanda,
787 372 877 408 hino
895 391 940 397 -
960 373 998 406 70
1014 371 1186 408 dicemus
1205 370 1252 408 de
1274 370 1461 408 Societate

170 424 300 470 herili,
322 434 408 472 quae
427 429 482 461 est
501 425 602 460 inter
621 425 800 461 dominos
815 429 852 461 et
871 424 1048 461 famulos.

588 585 846 622 AuricULus
872 584 1046 621 PRIMUS

777 670 850 714 (42)

566 751 621 787 De
647 756 791 787 natura
811 750 1063 786 matrimonii.

219 863 247 898 1.
264 863 441 899 Definitio
451 864 658 900 nominalis
669 864 919 901 matrimonii.
934 863 1132 899 Undenam
1148 864 1250 899 dicta
1262 863 1374 898 fuerit
1386 857 1471 905 nia-J

173 916 397 951 trimonium
420 917 594 963 speclalis
620 918 842 964 conjunctio
868 917 940 952 viri
968 920 1006 952 et
1025 916 1197 952 mulieriS
1225 927 1301 951 non
1329 926 1463 951 conve-

172 968 230 1002 nit
249 968 349 1003 inter
369 973 556 1005 auctores,
579 969 710 1005 Varias
729 970 938 1005 sententias
964 968 1187 1015 complexus
1216 972 1272 1003 est
1300 967 1336 1003 S.
1366 967 1463 1003 Tho-

171 1031 267 1065 mas,
299 1021 357 1056 IV.
392 1021 484 1056 Dist.
513 1022 654 1067 XXVII,
692 1022 761 1063 Qu.
792 1022 817 1066 I,
857 1021 971 1057 Artic.
1013 1021 1041 1065 Ι,
1079 1021 1302 1067 quoestiunc.
1333 1020 1379 1065 ΙΙ,
1407 1021 1464 1056 vel

172 1072 366 1119 Supplem.
382 1074 451 1115 Qu.
469 1074 588 1119 XLIV,
607 1075 720 1110 Arno.
742 1074 787 1109 11.
807 1074 850 1109 In
868 1074 1132 1118 matrimonio,
1152 1073 1291 1119 inquit,
1311 1078 1373 1108 'est
1392 1073 1466 1108 tria

171 1126 425 1162 considerare.
449 1127 576 1162 Primo
598 1128 797 1163 essentiam
818 1127 951 1173 ipsius,
971 1136 1057 1173 quae
1075 1130 1131 1161 est
1151 1125 1374 1172 conjunctio
1392 1137 1400 1170 3
1429 1130 1466 1160 et

171 1178 382 1214 secundum
404 1179 478 1215 hoc
497 1180 721 1215 nominatur
740 1179 977 1225 conjugium.
1002 1177 1176 1214 Secundo
1194 1189 1352 1214 causam
1369 1178 1464 1225 ejus,

171 1241 258 1277 quae
276 1236 332 1267 est
346 1232 612 1277 desponsatio;
634 1237 672 1268 et
688 1231 900 1268 seeundum
916 1231 988 1267 hoc
1000 1236 1187 1267 vocantur
1198 1231 1377 1278 nuptioea
1397 1241 1464 1266 nu-

174 1283 254 1319 bere
275 1295 286 1319 .-
307 1285 398 1330 quia
415 1285 453 1319 in
472 1285 554 1332 ipsa
576 1285 819 1320 solemnitate
840 1284 1148 1331 desponsationis
1169 1295 1246 1331 qua
1266 1284 1465 1319 matrimo-

173 1338 280 1372 nium
317 1338 526 1384 perficitur,
555 1339 680 1385 capita
715 1338 944 1374 nubentium
974 1337 1200 1373 velabantur
1233 1337 1287 1381 (in
1311 1337 1464 1384 signum

172 1389 332 1436 pudoris
349 1395 386 1425 et
404 1390 604 1427 modestiae
625 1402 740 1438 quam
759 1391 859 1426 inter
877 1401 916 1426 se
934 1391 1065 1437 sponsi
1087 1400 1236 1425 servare
1258 1392 1471 1437 tenentur).

174 1443 300 1478 Tertio
329 1444 498 1489 effectum
523 1444 589 1490 qui
618 1443 836 1490 estpr30les
865 1443 975 1479 etsie
995 1442 1136 1478 dicitur
1161 1442 1471 1487 matrimonium,

173 1499 216 1530 ut
241 1496 477 1542 Augustinus
497 1495 589 1532 dicit
609 1500 743 1532 contra
772 1496 955 1531 Faustum
983 1494 1243 1531 manichaeum
1267 1495 1348 1530 Lib.
1371 1495 1471 1539 ΧΙΧ,

173 1548 263 1595 Cap.
277 1548 400 1592 XXVI,
419 1559 464 1584 ex
479 1548 592 1585 hoc...
611 1548 711 1595 quod
730 1559 806 1584 non
823 1548 867 1584 ob
885 1548 997 1584 aliud
1010 1547 1139 1583 debeat
1151 1547 1299 1593 femina
1313 1523 1463 1592 nuberJe

173 1611 288 1647 quam
307 1605 347 1636 ut
378 1603 498 1636 mater
514 1597 604 1643 siat.
622 1602 751 1637 Potest
781 1601 898 1636 etiam
925 1600 999 1636 dici
1025 1600 1329 1645 matrimonium,
1354 1601 1461 1646 quasi

174 1655 311 1689 matris
331 1653 566 1698 munium‚i‹l
588 1658 645 1690 est
662 1654 845 1699 officium,
864 1653 955 1700 quIa
965 1653 1118 1689 feminis
1129 1653 1298 1688 maxime
1318 1653 1459 1689 incum-

174 1706 230 1741 bit
250 1706 421 1742 officium
433 1706 642 1743 educandae
656 1707 787 1754 prolis.
805 1706 872 1742 Vel
889 1706 1030 1742 dicitur
1045 1706 1336 1742 matrimonium
1356 1716 1461 1752 quast

174 1764 332 1795 matrem
356 1761 542 1805 muniens,
565 1760 656 1806 quia
675 1760 818 1796 Femina
833 1760 916 1806 jam
936 1759 1053 1795 habet
1079 1769 1155 1805 quo
1177 1758 1404 1795 defendatur
1429 1770 1447 1794 e

174 1814 385 1858 muniatur,
408 1813 550 1849 scilicet
566 1813 705 1848 virum.
719 1813 785 1849 Vel
805 1812 946 1849 dicitur
958 1812 1249 1848 matrimonium
1266 1812 1375 1858 quasi
1388 1822 1464 1847 ma-

176 1870 267 1901 trem
283 1876 448 1911 monens,
468 1877 514 1901 ne
530 1866 657 1901 virum
678 1866 878 1914 proprium
896 1865 1102 1912 relinquat,
1121 1865 1233 1901 alteri
1247 1864 1463 1901 adhaerens.

178 1918 241 1953 Vel
280 1918 420 1954 dicitur
455 1919 756 1964 matrimonium,
797 1919 906 1965 quasi
941 1920 1105 1954 materia
1138 1919 1269 1963 unius,
1307 1918 1399 1964 quia
1429 1918 1468 1953 in

175 1982 219 2006 eo
255 1972 299 2006 fit
344 1972 565 2018 conjunctio
600 1971 648 2007 ad
684 1982 802 2007 unam
841 1970 990 2018 prolem
1019 1970 1272 2007 materialiter
1290 1970 1468 2006 inducen-

176 2023 279 2068 dam,
316 2029 358 2059 ut
394 2024 544 2060 dicatur
578 2025 867 2060 matrimonium
899 2035 922 2060 a
955 2034 1098 2068 monos,
1137 2024 1291 2070 (μόνος),
1321 2028 1358 2059 et
1386 2034 1468 2059 ma·

176 2078 288 2112 teria.
308 2077 373 2113 Vel
401 2077 542 2113 dicitur
560 2077 862 2122 matrimonium,
891 2081 933 2112 ut
967 2076 1136 2112 Isidorus
1157 2075 1264 2121 dicit,
1297 2086 1319 2112 a
1348 2080 1468 2112 matre

174 2134 214 2165 et
232 2135 335 2172 nato,
359 2131 449 2176 quia
466 2141 533 2178 per
545 2131 839 2166 matrimonium
857 2130 1022 2166 efficitur
1037 2129 1167 2175 aliqua
1182 2133 1302 2165 mater
1319 2130 1418 2164 nati.

223 2183 271 2219 11.
294 2183 473 2219 Definitio
493 2185 610 2220 realis
630 2183 887 2221 matrimonii.
905 2184 934 2218 A
951 2182 1175 2218 definitione
1194 2186 1324 2218 autem
1346 2182 1467 2217 nomi-

174 2235 252 2271 nali
287 2235 335 2271 ad
361 2236 503 2272 realem
536 2236 785 2281 transeundo,
822 2235 1116 2271 matrimonium
1143 2245 1165 2270 a
1190 2235 1277 2281 jure
1304 2244 1465 2270 romano

174 2288 386 2325 definitur:
408 2288 638 2336 Conjunctio
658 2290 719 2325 vir
722 2289 738 2324 i
750 2294 782 2325 et
798 2289 987 2331 mulieris,
1004 2287 1248 2324 individuam
1274 2287 1362 2324 vitae
1381 2298 1458 2324 con·
1476 2320 1479 2325 4

171 2342 405 2379 suetudinem
431 2342 607 2378 retinenti.
632 2342 810 2389 Magister
835 2353 923 2378 vero
952 2341 1253 2386 Sententiarum,
1287 2340 1347 2376 IV.
1368 2339 1476 2379 Distff

172 2393 312 2439 XXVII,
343 2406 459 2441 quem
487 2395 710 2432 Scholastici
742 2406 874 2431 omnes
909 2398 1149 2441 sequuntur:
1188 2407 1204 2427 ‹
1235 2393 1331 2431 Sunt
1357 2403 1462 2434 ergo.
