1554 2569
328 96 412 122 ωιτ.
430 96 456 122 1.
478 96 522 121 DE
541 96 684 122 imum
700 96 804 121 LEGts
824 97 867 121 m·
890 96 1147 121 mzcisnuoms
1362 86 1406 120 99

539 208 709 248 CAPUT
758 208 986 248 TERTIUM

172 305 222 333 DE
247 305 406 335 AchUS
436 307 607 335 HUMANIS
647 307 687 335 IN
715 306 858 336 ORDINE
886 308 937 335 AD
968 307 1102 336 EORUM
1131 307 1357 339 PmNCIPlUu

453 365 741 401 EXTRINSECUM,
773 366 845 395 SEU
872 366 924 396 DE
957 366 1057 394 LEGE

166 447 363 492 Prologus.
392 445 650 483 Consideratis
670 447 868 494 principiis
888 447 1104 484 intrinsecis
1121 447 1318 484 actionum
1339 448 1409 483 hu-

120 508 338 543 manarum,
359 497 564 534 dicendum
587 503 644 535 est
670 499 715 535 de
741 499 929 547 principio
950 500 1163 536 extrinseco
1187 500 1409 536 earumdem

120 550 316 586 actionum
336 561 344 586 ε
367 550 470 597 quod
489 556 545 587 est
569 551 644 587 lex.
667 551 774 588 Circa
799 556 929 589 autem
953 552 1077 600 legem
1104 555 1140 588 10
1159 553 1280 599 quaeri
1298 552 1411 588 debet

118 602 213 648 quid
227 603 293 648 sic,
309 607 342 639 el
361 603 457 650 quid
477 603 697 650 leffe-laton
716 603 854 641 deinde
867 607 906 640 2⁰
924 615 977 641 an
996 609 1029 640 et
1046 604 1140 651 quid
1158 606 1209 641 sit
1228 605 1287 640 lea:
1307 610 1409 640 ceter-

117 664 188 699 71a3
211 656 249 690 30
267 665 319 691 αη
343 660 375 691 et
398 656 492 702 quid
510 656 563 691 sit
583 656 642 692 lem
663 656 884 702 naturali83
905 658 945 692 4⁰
969 657 1013 693 de
1039 657 1115 703 leye
1134 657 1307 704 positiva
1334 662 1412 692 lum

117 706 288 743 humana
309 712 385 743 tum
404 708 565 752 divz‘na3
585 711 622 744 5⁰
642 709 686 745 de
709 709 799 755 leqe,
819 720 898 753 seu,
917 713 960 745 ut
977 710 1236 746 communiter
1255 709 1409 753 dicitur,

117 759 266 806 dejure
284 760 465 806 flentium,
491 761 594 808 quod
616 766 672 797 est
698 762 781 809 ipsa
803 762 863 798 lex
887 766 1036 798 naturae
1057 773 1144 798 cum
1172 761 1410 797 admixtione

118 812 296 848 elementi
317 814 485 860 positivi,
508 819 550 850 ut
573 825 619 850 ex
636 813 808 850 dicendis
831 816 955 862 magis
972 819 1109 851 notum
1127 815 1220 860 erit3
1246 817 1283 850 60
1309 814 1410 851 deni-

119 875 191 911 que
211 864 255 900 de
272 864 364 912 legis
384 866 579 902 naturalis
597 867 808 903 sanctione.

533 965 793 1001 ARTICL’LUS
819 965 993 1003 PRIMUS

723 1049 781 1092 (22

120 1151 167 1191 d
439 1128 494 1165 De
513 1134 656 1165 natura
678 1129 770 1175 leqz’s
787 1134 819 1165 et
838 1128 1087 1176 legislatoris.

164 1210 192 1245 1.
212 1209 289 1245 Lex
305 1214 364 1246 est
375 1211 522 1255 aliquid
536 1220 613 1247 non
623 1211 840 1247 voluntatis
855 1211 922 1247 sed
931 1211 1108 1247 rationis
1120 1210 1194 1247 Lex
1215 1221 1237 1247 a
1254 1209 1412 1256 lz'qando

120 1261 222 1298 dicta
250 1273 331 1297 esse
358 1262 518 1307 videtur,
544 1263 634 1309 quia
656 1263 752 1309 ipsa,
780 1267 822 1298 ut
849 1272 982 1298 omnes
1009 1262 1233 1307 admittunt,
1267 1263 1411 1310 obligat

125 1313 172 1349 ad
193 1313 399 1361 agendum.
427 1315 534 1351 Unde
562 1315 624 1351 lex
640 1315 819 1362 quaedam
849 1314 980 1362 regula
1003 1319 1059 1351 est
1083 1320 1119 1351 et
1139 1326 1319 1351 mensura
1346 1327 1411 1351 seu

125 1377 262 1403 norma
283 1372 454 1413 actuum,
475 1367 686 1404 secundum
707 1378 822 1414 quam
850 1367 1046 1404 inducitur
1065 1367 1203 1414 aliquis
1228 1367 1277 1404 ad
1300 1378 1411 1415 agen-

125 1418 218 1455 dum
235 1419 295 1456 vel
313 1419 361 1456 ab
382 1419 530 1467 agendo
549 1420 773 1456 retrahitur.
799 1420 886 1456 Haec
909 1424 1038 1456 autem
1061 1420 1246 1467 obligatio
1273 1421 1333 1456 vel
1356 1421 1412 1455 in—

126 1471 255 1507 ductio
272 1482 350 1509 non
370 1476 496 1520 potest
521 1484 601 1509 esse
618 1472 788 1520 physica,
810 1473 901 1519 quia
923 1483 1008 1509 eam
1024 1472 1200 1509 voluntas
1222 1484 1299 1508 non
1319 1474 1413 1520 pati-

125 1528 200 1560 tur.
233 1524 299 1561 Est
329 1535 420 1573 ergo
448 1525 625 1570 moralis,
661 1536 799 1573 nempe
834 1525 1040 1573 imperium
1059 1536 1126 1562 seu
1142 1526 1345 1571 [intimatio
1367 1526 1412 1561 de

125 1576 254 1623 aliquo
273 1577 446 1614 faciendo
465 1578 526 1614 vel
555 1577 782 1614 omittendo.
827 1577 1018 1625 Imperare
1033 1582 1162 1614 autern
1180 1583 1217 1614 et
1233 1578 1413 1614 intimare

125 1634 216 1665 sunt
237 1631 490 1667 essentialiter
513 1635 621 1667 actus
644 1641 721 1667 non
741 1630 950 1667 voluntatis
967 1630 1033 1666 sed
1058 1631 1219 1667 rationis
1240 1632 1312 1676 (17,
1337 1631 1384 1677 ΙΙ)
1402 1636 1410 1660 t

125 1693 212 1729 quae
240 1687 430 1730 quatenus
452 1688 509 1720 est
546 1683 706 1720 facultas
734 1683 898 1720 elicitiva
925 1683 1158 1731 cognitionis
1192 1688 1248 1720 est
1274 1684 1412 1731 princi-

125 1735 248 1782 pium,
268 1746 448 1773 mensura
464 1741 501 1773 et
521 1736 654 1784 regula
672 1735 933 1773 humanorum
965 1740 1135 1772 actuum.
1161 1736 1257 1784 Ergo
1277 1737 1338 1772 lex
1357 1742 1414 1772 est

127 1787 332 1834 ordinatio,
349 1801 420 1827 seu
438 1788 646 1825 dictamem
659 1788 931 1835 imperativum
963 1799 1030 1825 seu
1058 1789 1321 1826 intimativum
1354 1798 1413 1824 ra·

127 1840 256 1885 tionis,
277 1840 452 1886 quamvis
476 1840 712 1876 voluntatem
734 1844 1009 1887 praesupponat
1030 1840 1171 1886 (ibid.).

172 1893 220 1928 11.
243 1893 354 1930 Ratio
375 1893 504 1929 finalis
522 1893 662 1929 ultima
680 1893 777 1939 legis
802 1896 864 1929 est.
888 1893 1030 1929 bonum
1051 1903 1252 1930 commune
1268 1902 1413 1937 eorum,

126 1945 266 1991 quihus
284 1947 348 1982 lex
365 1946 589 1991 imponitur.
603 1945 678 1981 Lex
689 1945 791 1980 enim
802 1948 858 1981 est
878 1955 1059 1980 mensura
1078 1949 1114 1981 et
1130 1945 1263 1992 regula
1279 1944 1413 1980 huma-

127 2008 266 2034 norum
287 2003 456 2034 actuum.
477 1999 591 2035 Actus
608 2002 739 2034 autem
752 1996 913 2033 humani
931 1996 977 2033 de
995 2002 1134 2033 natura
1152 2008 1221 2033 sua
1237 1997 1416 2033 ordinan-

128 2055 190 2086 tur
207 2051 246 2086 in
262 2052 380 2088 {inem
402 2061 411 2087 :
429 2051 496 2098 qui
533 2054 723 2097 quatenus
739 2054 796 2087 est
811 2049 852 2086 in
869 2049 1174 2098 apprehensione
1189 2050 1349 2086 rationis
1359 2053 1416 2085 est

127 2103 374 2150 principium,
401 2107 439 2140 et
466 2108 656 2151 quatenus
678 2105 736 2139 est
767 2102 807 2139 in
829 2112 869 2139 se
894 2106 952 2139 est
974 2103 1161 2139 terminus
1189 2101 1415 2138 eorumdem

128 2159 285 2192 actuum
305 2157 356 2202 (3,
377 2156 421 2202 Ι).
445 2156 544 2204 Ergo
561 2156 622 2192 lex
639 2155 677 2191 in
699 2158 851 2192 tantum
867 2159 925 2192 est
946 2154 1080 2203 regula
1098 2159 1135 2192 et
1157 2165 1338 2191 mensura
1357 2165 1415 2190 ac-

129 2209 280 2245 tionum
299 2209 572 2253 humanarum,
598 2210 636 2244 in
654 2212 843 2255 quantum
866 2218 929 2244 eas
949 2207 1104 2245 ordinat
1122 2212 1160 2245 et
1176 2207 1348 2255 disponit
1366 2206 1412 2243 ad

130 2262 248 2297 finem
268 2262 594 2308 consequendum.
620 2261 722 2297 Finis
745 2265 874 2297 autem
897 2261 1078 2298 humanae
1102 2261 1192 2297 vitae
1218 2265 1274 2297 est
1296 2260 1417 2297 beati-

130 2313 238 2358 tudo,
262 2325 349 2361 quoe
378 2320 434 2351 est
459 2315 606 2351 bonurn
634 2324 839 2351 commune
861 2314 1036 2351 omnium
1067 2313 1285 2352 hominum.
1315 2313 1415 2361 Ergo
