1584 2569
227 149 294 184 208
388 158 446 183 sus
466 158 629 183 NATURA-2.
652 157 722 183 Lm.
742 157 781 182 11.
805 156 881 182 CAP.
904 157 929 185 1.
951 155 994 182 DE
1013 156 1202 181 sommum-n
1221 156 1414 181 nouEsncA

227 229 374 264 ratione
390 228 622 263 necessitatis
640 228 677 262 in
699 237 774 273 qua
792 226 860 261 filii
902 226 940 260 in
962 226 1124 261 infantia
1144 227 1403 272 inveniuntur,
1426 226 1502 262 osfi·

227 283 284 318 cia
300 281 520 329 imperfecta
539 291 629 327 erga
645 280 739 315 alios
772 279 947 314 homines
972 279 1296 315 transformantur
1318 280 1356 314 in
1376 289 1508 326 paren-

229 335 327 370 tibus
347 344 437 381 erga
456 334 554 368 filios
574 334 612 368 in
633 332 759 367 officia
778 331 943 378 perfecta
961 332 1029 376 (40,
1049 332 1093 375 Ι).

273 388 366 422 Hinc
385 386 586 422 deducitur
603 386 666 432 jus
689 385 728 420 in
754 384 975 432 parentibus
1001 384 1286 420 transmittendi
1310 384 1400 421 filiis
1425 395 1506 432 pro-

226 440 406 488 prietates
429 438 670 474 domesticas.
698 437 848 472 Etenim
868 437 898 471 si
915 437 978 483 jus
1004 436 1223 484 possidendi
1248 441 1305 472 est
1336 437 1506 474 naturale

227 491 432 527 individuis
452 491 644 535 humanis,
665 489 787 526 multo
806 489 930 536 magis
961 489 1055 524 illud
1083 490 1147 536 Jus
1175 490 1359 537 competit
1377 500 1507 538 paren-

228 546 341 589 tibus,
357 545 422 591 qui
443 555 519 580 non
540 544 611 579 sibi
628 543 718 578 solis
734 542 800 578 sed
817 543 989 578 societati
1013 542 1235 578 domesticae
1257 543 1318 579 cui
1338 548 1507 590 praesunt

226 597 425 645 providere
459 596 610 631 debent.
645 595 712 631 Jus
741 599 870 630 autem
897 594 1115 641 possidendi
1144 596 1326 642 importat
1343 606 1507 633 necessa-

226 651 282 685 rio
302 651 366 696 jus
387 648 612 696 disponendi
637 647 682 684 de
706 658 745 683 re
768 658 952 694 possessa.
974 647 1072 694 Ergo
1090 652 1128 683 et
1149 653 1324 695 parentes
1349 653 1508 695 possunt

226 703 427 749 disponere
469 701 516 737 de
558 701 635 737 suis
676 700 974 748 proprietatibus
1026 700 1065 735 in
1109 700 1276 736 savorem
1326 701 1508 738 filiorum.

227 774 269 780 —
290 756 370 790 Imo
398 754 550 789 debent.
570 753 666 789 Nam
692 753 762 789 filii
792 753 827 788 vi
854 753 1064 789 nativitatis
1084 757 1173 788 sunt
1205 753 1349 800 aliquid
1377 764 1512 801 paren-

227 813 323 852 tum,
346 812 388 842 ut
405 806 549 842 dictum
570 811 638 850 est,
662 816 827 852 quorum
860 810 1088 852 perpetuant
1120 805 1407 852 quodammodo
1428 817 1507 854 per·

227 860 470 896 sonalitatem
504 859 543 894 in
580 864 765 906 tempore,
793 863 831 895 et
862 859 978 894 simul
1003 869 1092 895 cum
1125 859 1347 905 parentibus
1371 860 1511 895 consti-

228 918 340 948 tuunt
361 913 548 947 unitatem
569 911 756 947 moralem
773 912 966 948 societatis
992 911 1225 948 domesticae.
1247 922 1332 958 quae
1359 913 1511 960 proprie

226 965 409 1013 possidet.
430 964 527 1011 Ergo
548 969 723 1011 parentes
743 964 883 1000 debent
909 964 1169 1000 thesaurizare
1187 964 1284 1011 siliis
1306 965 1352 1009 (11
1373 965 1424 1001 ad
1444 966 1508 1003 Co-

228 1018 363 1061 rinth„
385 1017 462 1061 XII,
489 1018 560 1061 14),
588 1021 625 1051 et
650 1017 719 1051 filii
739 1021 782 1052 ut
801 1017 975 1052 membra
1002 1017 1195 1053 societatis
1227 1016 1447 1054 domesticae
1475 1023 1512 1054 et

228 1072 325 1106 sicut
342 1069 486 1116 aliquid
508 1074 709 1116 parentum
729 1069 932 1105 secundum
961 1074 1142 1105 naturam
1159 1070 1360 1105 succedunt
1377 1081 1508 1117 paren—

229 1123 328 1159 tibus
348 1123 398 1169 (S.
421 1122 486 1157 ΤΗ.
509 1123 547 1157 in
562 1122 632 1158 loc.
654 1123 717 1157 cit.
739 1122 790 1157 ad
811 1121 999 1166 Corinth.)
1020 1132 1027 1157 :
1050 1132 1173 1167 neque
1194 1128 1381 1169 parentes,
1403 1123 1512 1159 abso-

227 1177 305 1212 lute
325 1174 529 1220 loquendo,
557 1180 716 1221 possunt
747 1174 940 1220 expoliare
961 1175 1118 1210 omnino
1145 1174 1244 1210 filios
1273 1175 1510 1212 haereditate.

227 1229 316 1265 Dico
334 1228 501 1263 absolute
520 1226 710 1273 loquendo
729 1232 765 1262 et
779 1228 931 1263 omnino
949 1227 1141 1275 expoliare
1156 1227 1391 1274 haereditate,
1408 1230 1511 1275 quia,

227 1286 271 1317 ut
289 1281 546 1317 communiter
570 1280 801 1324 admittitur,
823 1285 998 1327 parentes
1013 1285 1172 1327 possunt
1192 1280 1236 1316 de
1258 1281 1385 1327 aliqua
1406 1287 1513 1329 parte

228 1333 476 1381 possessionis
505 1332 722 1369 domesticae
751 1332 798 1369 ad
833 1333 985 1368 libitum
1017 1332 1231 1380 disponere,
1263 1339 1300 1369 et
1320 1335 1357 1369 in
1385 1335 1512 1382 aliquo

229 1387 335 1423 tristi
352 1391 479 1422 eventu
500 1385 699 1422 excludere
717 1386 816 1421 filios
831 1387 877 1421 ab
897 1385 1119 1422 haereditate
1142 1385 1194 1432 (S.
1217 1386 1301 1431 Th.,
1325 1386 1420 1423 ibid.
1436 1387 1463 1434 ).

276 1440 361 1475 Haec
382 1438 593 1485 generatim
622 1437 668 1473 de
700 1438 835 1474 officiis
867 1443 1070 1485 parentum
1091 1438 1129 1473 in
1150 1438 1248 1473 filios
1281 1438 1408 1485 quoad
1433 1450 1513 1476 cor-

228 1503 312 1540 pus.

274 1545 316 1581 V.
341 1544 472 1580 Officia
495 1547 700 1589 parentum
715 1545 868 1581 infilius
887 1545 1012 1588 quoad
1030 1545 1213 1581 animum.
1238 1545 1369 1586 Quoad
1389 1545 1515 1583 officia

228 1608 314 1634 vexo
337 1597 550 1643 spiritualia
577 1601 777 1643 parentum
799 1597 837 1631 in
863 1597 963 1632 filios
989 1596 1214 1633 detestanda
1243 1602 1299 1634 est
1325 1598 1515 1645 imprimis

229 1650 345 1686 stulta
362 1654 399 1684 et
429 1649 612 1684 scelerata
643 1648 819 1695 impietas
845 1648 1038 1685 Rousseau
1071 1650 1137 1695 qui
1166 1651 1204 1685 in
1224 1661 1293 1686 suo
1309 1651 1448 1696 Emile,
1466 1663 1516 1688 ou

229 1703 272 1739 de
304 1701 703 1746 c'Education‚‹1ocet
737 1702 776 1737 in
809 1701 1036 1749 paedagogia
1064 1702 1161 1738 nihil
1200 1713 1278 1739 esse
1311 1703 1515 1740 dicendum

231 1756 369 1802 ρυειίε,
388 1759 475 1790 ante
498 1764 632 1790 eorum
653 1754 924 1790 duodecimum
942 1765 1101 1800 annum,
1124 1755 1169 1792 de
1191 1756 1282 1800 Deo,
1307 1755 1352 1792 de
1372 1757 1515 1803 anima,

229 1808 276 1844 de
296 1808 491 1855 religione,
522 1817 568 1842 ne
598 1806 828 1854 praejudiciis
848 1807 1095 1843 imbuantur:
1122 1808 1230 1854 quasi
1258 1819 1395 1856 nempe
1424 1821 1516 1858 prae-

229 1859 372 1907 judicia
402 1860 478 1895 sint
509 1860 684 1895 notiones
712 1870 811 1895 verae
848 1859 893 1895 de
921 1859 978 1895 his
1011 1871 1096 1907 quae
1129 1861 1287 1898 moralis
1312 1863 1400 1898 vitae
1428 1867 1518 1898 sunt

230 1912 492 1948 fundamenta.
521 1912 617 1958 Ergo
640 1922 708 1947 nec
731 1911 777 1948 de
805 1912 1010 1948 virtutibus
1037 1913 1219 1959 colendis,
1247 1925 1370 1962 neque
1393 1914 1518 1951 de³vi=

230 1967 293 2001 tiis
310 1965 527 2013 lugiendis?
548 1964 745 2011 Siquidem
779 1965 1010 2012 principium
1042 1966 1193 2002 virtutis
1222 1972 1278 2003 est
1309 1972 1409 2004 recte
1435 1978 1516 2004 sen-

232 2020 300 2054 tire
331 2018 376 2053 de
397 2018 488 2062 Deo,
511 2017 555 2053 de
577 2018 708 2053 anima
726 2022 841 2064 atque
862 2017 908 2054 de
937 2018 1120 2065 religione
1139 2030 1224 2066 quae
1245 2024 1301 2056 est
1329 2020 1463 2056 relatio
1481 2026 1518 2056 et

230 2071 344 2105 veluti
380 2081 499 2106 nexus
533 2071 633 2105 inter
663 2070 834 2107 animam
867 2075 904 2106 et
922 2071 1056 2106 Deum.
1087 2071 1209 2118 Igitur
1233 2073 1353 2119 pueri,
1385 2074 1415 2108 si
1442 2084 1517 2109 cre-

231 2123 367 2158 damus
405 2123 611 2167 Rousscau,
649 2123 729 2159 sine
763 2123 842 2159 ulla
877 2123 1078 2171 disciplina
1110 2124 1246 2160 morali
1278 2125 1517 2171 relinquendi

230 2180 333 2219 sunt,
356 2180 397 2210 ut
428 2175 604 2210 bestiales
633 2175 722 2220 sint,
754 2186 800 2211 ne
828 2177 922 2211 fiant
948 2175 1201 2223 praeJudicati.
1226 2196 1272 2204 —
1299 2177 1438 2213 Verum
1457 2178 1518 2214 de·

230 2227 380 2263 lirantis
400 2227 615 2274 impietates
636 2228 739 2275 piget
756 2227 900 2264 diutius
926 2229 1136 2264 confutare.
1162 2229 1372 2266 Audiamus
1391 2231 1518 2277 potius

233 2280 270 2316 S.
297 2279 459 2315 Paulum
482 2280 762 2326 sapientissime
788 2281 1030 2327 eloquentem
1064 2281 1109 2316 de
1142 2281 1368 2329 paedagogia
1399 2282 1517 2319 chris-

235 2333 359 2367 tiana:
385 2346 401 2363 α
423 2332 474 2368 Ec
490 2342 553 2368 vos
571 2336 698 2378 patres
719 2333 835 2368 nolite
857 2333 909 2369 ad
929 2334 1174 2370 iracundiam
1190 2345 1399 2380 provocare
1414 2335 1518 2382 filios

234 2390 368 2420 vestros
381 2384 632 2430 ,fisededucate
649 2384 735 2421 illos
751 2385 792 2421 in
810 2386 1024 2432 disciplina
1037 2391 1070 2422 et
1091 2389 1327 2430 correptione
1341 2388 1515 2424 Domini.
1539 2392 1541 2398 '
