1584 2569
240 72 300 103 34:AE
835 77 933 102 mnu

673 200 843 240 CAPUT
884 200 1086 240 PRIMUM

611 281 662 310 ms
691 281 900 309 socinum
928 281 1145 311 nonmsrrca

234 359 413 399 Prologus.
474 378 1255 393 ...............
1298 383 1309 400 ‚
1353 383 1366 396 ,

231 421 309 449 Anr.
330 418 355 448 l.
375 417 423 449 De
443 417 575 447 natura
594 414 829 447 matrimonii.
847 430 888 439 —
910 415 937 447 1.
959 414 1121 448 Definitio
1142 417 1328 451 nominalis
1349 429 1418 452 ma-

311 463 477 496 trimonii.
504 479 543 486 -
568 462 610 494 Il.
637 460 799 493 Definitio
823 460 925 493 realis
951 462 1178 495 matrimonii.
1199 480 1239 488 —
1258 465 1316 498 Ill.
1341 468 1418 500 Mu-

309 517 390 543 tuus
410 517 601 543 consensus
627 509 816 549 conjugum
844 512 896 540 est
918 517 1026 541 causa
1053 509 1208 543 efficiens
1237 514 1417 547 matrimo-

313 558 372 590 nii.
384 557 492 588 -ΙΨ,
509 555 708 588 Corollaria.
720 556 813 588 —V.
833 555 964 588 Monita
982 555 1026 588 iis
1041 557 1101 597 qui
1116 566 1255 590 uxorem
1273 560 1415 593 ducunt.

312 623 352 629 -
379 604 438 636 VI.
476 603 744 636 Manicliaeorum
775 602 966 643 turpitudo.
990 619 1031 627 -
1058 604 1131 636 VII.
1161 607 1417 640 Matrimonium

313 656 364 684 est
382 660 489 692 porse
510 651 711 682 honestum.
726 666 765 674 -
780 650 869 682 VIII.
889 651 1049 682 Attamen
1061 651 1326 685 matrimonium
1343 664 1417 687 res-

313 703 413 740 pectu
441 697 610 729 individui
629 705 698 729 non
718 696 811 729 cadit
831 696 896 729 sub
920 702 1105 738 praecepto,
1124 703 1157 730 et
1180 707 1220 731 eo
1248 706 1417 740 praestan-

315 746 381 778 tior
395 753 456 786 per
477 753 514 777 se
532 748 583 776 est
596 752 698 776 verus
711 743 907 776 coelibatus,
922 761 962 766 —
983 744 1038 777 lX.
1063 745 1251 778 Solvuntur
1273 747 1420 781 difficul-

312 796 411 825 tates.
444 808 484 815 —-
519 792 555 823 X.
589 791 637 823 De
674 790 890 832 polyandria.
926 807 966 814 —
995 791 1052 823 XI.
1087 792 1135 824 De
1168 793 1364 834 polygamia

230 855 309 887 Αιιτ.
338 853 380 884 II.
403 852 453 884 De
469 850 690 883 matrimonii
712 849 1038 882 indissolubilitate.
1059 868 1098 875 —
1119 851 1145 883 I.
1169 852 1286 884 Status
1304 863 1417 894 quies·

312 900 426 932 tionis,
448 914 488 923 —-
511 898 554 931 II.
582 898 647 929 Lex
671 897 800 937 divina,
822 902 856 930 et
880 898 1054 938 corruptio
1083 898 1249 931 humana.
1284 917 1324 924 --
1355 902 1414 934 III.

314 945 492 978 Vinculum
525 944 783 977 matrimoniale
817 949 870 977 est
902 944 943 976 de
967 944 1042 985 lege
1070 950 1202 978 naturae
1227 946 1418 981 indissolu-

313 994 396 1026 bile.
453 1012 1414 1027 ...................

233 1055 312 1087 Anr.
329 1053 390 1093 111.
412 1052 461 1084 De
480 1050 710 1083 matrimonio
721 1050 759 1081 in
776 1049 952 1082 relatione
969 1059 1047 1082 cum
1063 1053 1235 1091 potestate
1251 1052 1361 1085 civili.
1379 1071 1419 1078 —

313 1101 337 1131 1.
367 1097 592 1131 Corollarium
620 1096 779 1137 principii
804 1097 1021 1129 hobbesiani.
1047 1114 1087 1121 ·-
1117 1098 1158 1129 11.
1189 1098 1352 1136 Quaestio.
1380 1118 1419 1125 -

312 1147 369 1178 Ill.
387 1147 624 1177 Praeiiotamen
638 1143 801 1184 primum.
821 1159 860 1167 --
873 1143 927 1175 IV.
945 1145 1183 1176 Praenotamen
1205 1145 1365 1179 alterurn.
1378 1165 1417 1172 —-

312 1195 350 1226 V.
372 1194 609 1225 Praenotamen
635 1189 790 1222 tertium.
814 1208 855 1213 —-
887 1189 942 1222 VI.
974 1191 1213 1223 Praenotamen
1241 1199 1415 1233 quartum.

312 1257 351 1265 --
385 1239 455 1271 VII.
493 1237 675 1270 Vinculum
708 1237 963 1270 matrimoniale
1001 1238 1095 1270 nulla
1142 1240 1272 1272 ratione
1309 1241 1419 1282 subji-

312 1288 399 1320 citur
425 1285 589 1327 potestati
613 1284 715 1316 civili.
744 1303 784 1308 —
814 1284 904 1316 VIII.
922 1284 1110 1317 Solvuntur
1139 1285 1360 1320 difficultates

232 1355 308 1387 Aur.
323 1353 380 1384 IV.
398 1352 444 1383 De
458 1350 592 1382 mutuis
604 1349 737 1390 officiis
754 1352 787 1381 et
798 1348 949 1390 juribus
967 1350 1175 1391 conjuqum.
1191 1367 1230 1375 —
1247 1352 1273 1383 Ι.
1290 1352 1418 1385 Princi—

315 1399 369 1440 pia
381 1398 506 1440 quihus
522 1397 680 1428 nituntur
690 1401 812 1428 mutua
822 1396 936 1429 officia
949 1397 1070 1437 etjura
1082 1397 1171 1429 inter
1182 1399 1360 1439 conjuges.
1380 1418 1418 1423 —-

313 1447 355 1478 II.
374 1448 477 1477 Amor
497 1449 653 1475 mutuus.
672 1460 712 1467 -
734 1443 794 1475 111.
815 1443 972 1476 Potestas
991 1450 1126 1476 mutua.
1152 1461 1192 1468 —
1212 1445 1267 1476 IV.
1289 1451 1415 1479 Aucto-

312 1493 394 1525 ritas
414 1492 449 1523 in
474 1490 665 1523 domestica
688 1490 869 1522 societate.
892 1507 932 1513 —
953 1491 993 1523 V.
1019 1490 1139 1522 Officia
1160 1491 1364 1525 domestica.
1404 1519 1410 1526 .

228 1554 309 1586 Anr.
324 1553 363 1585 V.
385 1551 434 1584 De
449 1549 579 1591 officiis
599 1552 630 1581 et
645 1548 795 1589 juribus
813 1553 1005 1589 parentum
1019 1549 1057 1581 in
1070 1549 1175 1589 filios.
1192 1567 1231 1574 —
1253 1551 1278 1582 I.
1306 1552 1418 1584 Patria

310 1602 478 1641 potestas.
499 1615 538 1620 —
567 1596 611 1628 II.
632 1596 870 1628 Rationalismi
895 1604 1026 1628 errores
1047 1597 1136 1629 circa
1157 1598 1326 1638 originem
1354 1608 1416 1639 pa-

309 1647 383 1680 triae
411 1643 605 1685 potestatis.
633 1659 673 1666 —
700 1642 759 1674 III.
790 1643 903 1675 Patria
926 1647 1080 1683 potestas
1098 1644 1298 1676 immediate
1320 1652 1372 1678 est
1399 1655 1418 1677 a

307 1693 382 1734 jure
405 1694 549 1722 naturae.
568 1706 606 1713 -
623 1687 682 1720 IV.
705 1688 824 1721 Officia
847 1694 1031 1730 parentum
1050 1689 1085 1721 in
1107 1689 1198 1722 filios
1219 1692 1333 1732 quoad
1348 1700 1418 1724 cor-

311 1749 389 1781 pus.
410 1754 450 1761 —
469 1738 507 1769 V.
529 1736 652 1768 Officia
675 1740 860 1778 parentum
885 1735 920 1767 in
941 1735 1032 1768 filios
1053 1737 1166 1777 quoad
1190 1737 1359 1770 animum.
1377 1755 1416 1763 —-

309 1787 366 1819 VI.
388 1784 551 1824 Quaestio.
570 1800 609 1807 —
626 1782 697 1815 Vll.
716 1784 957 1816 Praenotamen
976 1783 1140 1824 primurn.
1159 1801 1198 1808 -
1218 1784 1309 1817 VIII.
1327 1785 1412 1818 Prae-

309 1838 473 1867 notamen
495 1831 655 1863 alterum.
675 1847 715 1854 —
737 1830 793 1863 IX.
819 1831 936 1863 Status
955 1830 1065 1863 civilis
1090 1831 1223 1863 nullum
1239 1832 1297 1872 jus
1316 1833 1416 1868 habat

308 1878 514 1920 imponendi
551 1886 633 1910 suos
664 1876 862 1918 magistros,
894 1886 1046 1918 suasque
1074 1878 1214 1911 Scholas
1242 1879 1408 1920 patribus-

308 1925 462 1961 familias
492 1925 607 1966 quoad
647 1923 797 1957 filiorum
831 1924 1075 1957 educationem
1101 1930 1174 1957 tum
1198 1925 1408 1959 intellectua-

305 1975 377 2008 lem
403 1977 474 2005 tum
496 1972 676 2005 moralem.
703 1972 795 2004 -Χ,
817 1971 1004 2004 Solvuntur
1030 1972 1250 2005 difficultates
1280 1999 1286 2005 .
1321 1998 1328 2006 .
1362 1997 1369 2005 .
1403 2000 1410 2007 .

233 2041 306 2066 aar.
319 2031 375 2064 VI.
396 2031 446 2064 De
464 2031 620 2071 filiorum
635 2030 770 2071 officiis
785 2039 872 2072 crya
885 2034 1065 2071 parentes.
1083 2048 1122 2055 -·
1147 2032 1172 2063 I.
1187 2031 1358 2072 Principia
1378 2042 1417 2064 ex

310 2077 436 2120 quibus
462 2077 685 2110 determinari
717 2077 844 2110 debent
866 2077 982 2110 officia
1012 2077 1161 2111 filiorum
1184 2087 1265 2120 erga
1291 2088 1417 2120 parcn-

309 2130 373 2158 tes.
389 2141 428 2149 -
449 2125 492 2157 11.
508 2124 629 2157 Officia
647 2123 790 2164 amoris,
809 2124 1034 2166 gratitudinis
1059 2130 1092 2157 et
1107 2125 1262 2166 pietatis.
1288 2143 1326 2149 —
1348 2127 1410 2158 111.

310 2169 430 2204 Officia
445 2170 667 2204 obedientiae.
690 2187 729 2194 —
744 2171 801 2203 IV.
826 2170 899 2203 Alia
919 2171 1048 2203 officia.
1073 2189 1114 2195 —
1133 2172 1177 2204 V.
1196 2171 1360 2204 Filiorum
1382 2182 1417 2204 in

308 2222 470 2260 parentes
489 2215 604 2250 officia
626 2227 665 2249 ex
692 2219 795 2250 Sacra
825 2217 1001 2259 Scriptura
1029 2242 1409 2252 ..........

224 2279 310 2311 Anr.
331 2277 406 2310 VII.
425 2276 474 2309 De
485 2275 651 2309 societate
662 2276 784 2309 her-ili.
806 2293 845 2300 —
863 2277 892 2308 I.
913 2276 1094 2309 Societatis
1111 2277 1229 2310 herilis
1245 2278 1356 2310 notio.
1377 2295 1417 2302 -m

308 2324 355 2360 u.
380 2323 427 2356 De
446 2322 628 2360 mancipiis
672 2340 714 2347 —-
733 2323 796 2355 III.
819 2322 1028 2356 Mancinatio
1053 2323 1171 2356 stricte
1188 2329 1328 2364 sumpta
1344 2325 1414 2364 juri

1407 385 1417 395 .
1463 367 1519 396 ἱδζ)

1407 820 1414 828 .
1461 798 1518 830 186

1459 998 1518 1030 19ἰ

1406 1302 1413 1321 a
1459 1292 1518 1323 197

1460 1496 1518 1527 *303

1461 1976 1519 2006 «ευ-ε,

1458 2221 1517 2253 214
