1584 2569
201 122 265 155 154
279 131 337 155 Jus
353 131 517 156 nunna.
538 130 610 155 Lm.
630 131 656 155 1.
674 131 752 156 mr.
773 131 828 155 111.
844 130 887 154 ni:
908 130 983 156 orr.
1007 130 1048 155 m·
1066 130 1139 157 mn.
1160 129 1248 159 non.
1269 131 1360 158 mcii
1388 134 1470 163 ὕειν.

193 203 285 239 libet
310 212 368 239 res
396 202 560 250 seipsam
588 207 715 247 amat3
740 206 780 238 et
802 201 850 237 ad
875 201 947 238 hoc
968 203 1144 249 pertinet,
1169 202 1272 250 quod
1298 204 1473 251 quaelibet

193 267 266 301 res,
288 261 330 291 ut
349 255 447 291 sacto
467 255 549 302 ipso
569 259 731 299 constat,
757 254 982 291 naturaliter
997 260 1194 292 conservat
1211 266 1250 292 se
1279 257 1317 293 in
1332 268 1421 303 esse,
1441 262 1474 296 et

193 308 529 355 corrumpentibus
550 308 693 344 resistit
718 311 907 353 quantum
928 311 1066 354 potest.
1089 308 1187 356 Ergo
1212 308 1316 356 quod
1340 310 1474 357 aliquis

195 361 364 409 seipsum
400 360 566 404 occidat,
604 364 660 396 est
691 364 824 396 contra
855 360 1143 398 inclinationem
1180 362 1409 409 naturalem,
1441 367 1475 400 et

194 418 473 460 consequenter
494 418 628 450 contra
653 413 777 461 legem
807 413 1035 459 naturalem,
1078 417 1115 449 et
1147 418 1281 451 eontra
1317 415 1477 452 charita-

193 471 283 511 tem,
306 477 382 513 qua
396 466 556 513 quilibet
567 465 680 502 debet
696 466 864 512 seipsum
882 465 1052 512 diligere.
1078 487 1123 492 —
1143 467 1191 502 lI-
1210 467 1256 503 11.
1269 467 1338 510 Qu.
1357 468 1474 514 LXIV,

192 520 305 555 Artie.
328 519 368 554 V.

238 573 308 609 Est
322 572 476 619 injuria
494 571 608 608 illata
623 572 810 608 societati.
827 572 872 608 Et
882 572 956 608 hoc
972 583 1048 609 non
1067 572 1191 609 solum
1203 577 1359 620 propter
1371 584 1477 611 scan-

193 625 323 661 dalum
344 624 447 672 quod
469 624 556 661 inde
577 624 780 669 derivatur,
803 624 869 660 sed
890 625 1006 661 etiam
1026 635 1072 660 ex
1092 635 1136 661 eo
1157 625 1260 672 quod
1280 625 1397 663 homo
1420 632 1478 663 est

191 689 280 725 pars
305 688 370 713 seu
392 677 609 713 membrum
630 677 837 713 societatis
866 677 917 713 De
939 677 1087 713 ratione
1113 681 1241 714 autem
1268 679 1386 725 partis
1405 684 1475 725 est,

193 735 247 775 ut,
270 734 458 777 quantum
482 734 539 765 est
562 729 607 765 de
625 740 677 774 se,
699 734 903 766 concurrat
920 729 967 766 ad
993 729 1255 777 integritatem
1280 735 1317 767 et
1336 731 1477 779 persec-

192 784 337 819 tionem
371 783 500 818 totius.
523 782 620 829 Ergo
646 783 683 817 in
705 781 778 818 hoc
803 781 906 829 quod
934 782 1050 818 homo
1083 782 1251 830 seipsum
1283 783 1464 821 interficit

192 835 366 878 destruit,
390 838 579 881 quantum
599 839 655 870 est
682 833 727 869 de
748 845 800 879 se,
823 834 1086 882 integritatem
1105 835 1312 881 societatis,
1330 840 1369 873 et
1390 847 1462 874 con

191 891 393 933 sequenter
413 886 503 923 huic
523 887 705 933 injuriam
727 886 828 923 facit.
850 907 895 913 —-
913 886 1013 923 Ibz'd.
1033 887 1078 923 Et
1102 887 1190 924 hine
1210 892 1282 934 est,
1304 888 1407 935 quod
1430 889 1476 925 de

192 940 345 987 publica
365 950 432 975 suo
460 945 632 987 tempore
655 939 894 987 legislatione
923 940 1083 986 loquens
1113 940 1346 987 Aristoteles,
1368 942 1421 978 ait
1448 944 1478 977 V

192 993 433 1037 Ellticorum,
467 992 556 1040 Cap.
585 993 630 1027 XI
654 1003 662 1028 τ
694 1006 710 1024 ι
741 993 983 1040 Quapropter
1007 998 1045 1029 et
1070 993 1201 1029 civitas
1230 993 1404 1039 mulctat,
1441 1000 1478 1031 et

195 1046 373 1081 instituta
387 1049 443 1080 est
464 1045 676 1092 ignominia
695 1044 873 1090 quaedam
896 1044 1076 1081 adversus
1099 1055 1185 1081 eum
1204 1046 1269 1092 qui
1289 1046 1361 1082 sibi
1378 1057 1477 1084 mor-

195 1102 271 1134 tem
292 1097 488 1142 conscivit,
510 1102 553 1132 ut
576 1097 720 1132 civitati
748 1097 927 1143 injuriam
949 1097 1115 1133 facienti.
1140 1111 1156 1130 ι
1184 1097 1305 1139 Quam
1331 1098 1478 1145 legisla-

193 1151 336 1186 tionem
352 1150 515 1196 viguisse
532 1149 633 1197 apud
649 1150 853 1193 Romanos,
872 1150 976 1185 testis
992 1154 1048 1185 est
1064 1149 1209 1185 Plinius
1226 1150 1305 1186 Lib.
1322 1151 1475 1196 XXXVI,

191 1203 280 1250 Cap.
318 1202 391 1247 XV,
422 1207 459 1237 et
488 1202 726 1237 demonstrat
755 1202 920 1238 Gruther
947 1202 1002 1238 De
1023 1202 1114 1248 jure
1139 1202 1313 1238 Manium
1339 1203 1419 1240 Lib.
1446 1205 1475 1250 1,

191 1256 280 1303 Cap.
300 1257 341 1291 X.

235 1308 515 1355 Escjnjusticia
531 1313 665 1345 contra
679 1309 810 1344 Deum.
824 1309 916 1353 2Vita
937 1309 1038 1344 enirn
1051 1313 1108 1345 est
1119 1308 1314 1356 quoddam
1329 1309 1476 1347 donum

191 1373 212 1397 a
228 1362 303 1398 Deo
327 1361 475 1397 homini
503 1361 704 1406 tributum,
723 1366 760 1397 et
777 1362 957 1408 potestati
975 1362 1041 1398 Dei
1062 1361 1315 1398 essentialiter
1331 1363 1476 1410 subjec-

191 1420 273 1450 tum
295 1425 303 1449 ;
326 1424 403 1450 non
424 1415 526 1450 enim
544 1413 660 1449 homo
683 1424 762 1450 esse
783 1418 909 1461 potest
929 1415 1037 1450 aDeo
1055 1414 1330 1461 independens,
1352 1426 1475 1462 neque

189 1467 287 1503 Deus
304 1470 430 1515 potest
449 1467 668 1502 renuntiare
690 1466 862 1502 dominio
882 1466 984 1513 quod
1004 1466 1119 1503 habet
1134 1478 1249 1515 super
1264 1472 1472 1505 creaturas.

190 1520 287 1568 Ergo
311 1520 376 1566 qui
394 1520 562 1567 seipsum
585 1520 664 1555 vita
690 1520 826 1566 privat,
862 1525 1022 1566 usurpat
1049 1519 1152 1566 quod
1174 1531 1250 1556 non
1278 1525 1334 1556 est
1362 1533 1474 1558 suum

191 1576 227 1608 et
248 1571 410 1607 destruit
426 1571 530 1618 quod
551 1575 608 1607 est
626 1571 756 1615 Dei‚et
776 1570 860 1607 ideo
882 1581 950 1618 per
969 1571 1199 1617 injustitiam
1217 1572 1337 1609 Deum
1356 1572 1476 1609 offen-

191 1624 267 1670 dit3
286 1625 384 1661 sicut
405 1625 470 1671 qui
494 1623 656 1660 destruit
676 1634 755 1660 rem
780 1624 851 1659 sibi
872 1624 919 1660 ad
947 1623 1073 1660 solum
1099 1635 1212 1660 usum
1241 1635 1475 1671 concessam,

190 1681 320 1724 peccat
338 1677 527 1723 inJ'ustitia
547 1677 585 1712 in
607 1676 822 1721 dominum,
849 1676 957 1722 cujus
981 1687 1040 1712 res
1060 1680 1116 1712 est
1134 1688 1143 1722 3
1169 1678 1267 1713 sicut
1287 1682 1418 1725 peccat
1437 1679 1473 1714 in

189 1728 390 1765 dominum
411 1730 478 1776 qui
495 1728 610 1775 huJ'us
629 1739 779 1764 servum
808 1729 1013 1773 interficit;
1036 1733 1073 1765 et
1094 1734 1225 1776 peccat
1245 1735 1379 1767 contra
1395 1730 1482 1767 alte-

190 1782 267 1818 rius
283 1782 373 1829 jura
392 1782 458 1828 qui
475 1786 636 1828 usurpat
654 1782 725 1816 sibi
743 1780 934 1825 ,iudicium
955 1781 1001 1817 de
1022 1793 1061 1816 re
1083 1793 1159 1817 non
1187 1783 1408 1819 commissa.
1428 1803 1470 1810 -

189 1834 289 1871 Ibid.

234 1889 293 1924 IV.
309 1888 427 1923 NOTA.
450 1888 662 1925 Solvuntur
682 1888 946 1924 difficultates.
959 1908 1004 1914 —-
1023 1887 1191 1934 Objeccio
1206 1888 1351 1935 prima.
1374 1889 1476 1925 Exis-

192 1941 308 1977 tentia
341 1951 419 1977 non
453 1946 606 1976 amatur
634 1940 706 1976 nisi
741 1944 897 1987 propter
925 1939 1164 1976 felicitatem.
1201 1941 1314 1987 Atqui
1358 1940 1475 1977 homo

189 1993 418 2040 quandoque
439 1992 544 2029 ducit
564 1993 679 2029 vitam
698 1992 1012 2028 infelicissimam.
1031 1992 1129 2039 Ergo
1146 1993 1185 2028 in
1206 1992 1310 2029 hisee
1325 1994 1475 2030 casibus

192 2047 312 2089 potest
331 2043 404 2078 sibi
426 2044 544 2079 vitam
566 2043 734 2081 auferre.
754 2066 757 2071 ·

236 2095 346 2142 Resp.
376 2095 578 2142 Distinguo
608 2098 794 2133 mz'norem
815 2108 827 2133 .·
848 2097 962 2133 homo
983 2096 1215 2144 quandoque
1236 2096 1340 2133 ducit
1360 2098 1480 2136 vitam

190 2148 518 2191 infelicissimam,
545 2160 631 2196 quae
657 2149 863 2190 infelicitas
890 2149 1068 2197 superior
1089 2149 1138 2184 sit
1164 2149 1331 2186 bonitate
1355 2150 1480 2197 ipsius

189 2199 350 2234 vitaeseu
368 2198 594 2243 existentiae,
610 2209 722 2245 neqo3
738 2201 825 2245 q‘uae
842 2199 1115 2247 semperlonge
1133 2199 1289 2238 interior
1300 2201 1350 2237 sit
1363 2201 1469 2239 boni—

191 2254 264 2287 tate
281 2250 687 2295 existentiae‚conceclo.
700 2252 745 2286 Et
759 2262 857 2299 nego
875 2262 1018 2298 conseq.
1032 2272 1076 2277 —
1088 2252 1186 2287 Mors
1195 2252 1468 2291 estdestructio

189 2303 401 2340 existentia]
424 2302 618 2347 horninis;
652 2308 688 2339 et
713 2315 863 2351 semper
881 2304 1018 2340 melius
1042 2309 1099 2341 est
1118 2315 1193 2342 esse
1225 2315 1469 2354 quocumque

188 2355 302 2392 modo
331 2365 447 2402 quam
471 2366 547 2392 non
566 2365 652 2392 esse.
678 2356 722 2391 Et
747 2356 831 2393 ideo
851 2356 990 2393 inferre
1015 2357 1087 2393 sihi
1113 2362 1278 2395 mortem
1307 2359 1354 2395 ad
1376 2360 1469 2396 alias
