1554 2569
282 119 363 144 Aer.
390 118 443 144 iv.
471 117 515 143 nn
541 117 731 142 oumcnvo
758 117 920 143 cnm-nmo
947 117 1184 143 monuimus
1338 111 1380 144 53

94 191 272 238 ponitur:
294 190 406 237 quasi
427 199 565 235 nempe
583 199 671 224 cum
691 188 807 224 homo
829 188 1056 236 sanguinem
1076 189 1201 225 fundit
1224 201 1292 237 pro
1310 191 1380 226 vir-

93 247 174 280 tute
192 242 392 286 servanda,
414 252 483 289 pro
502 241 569 277 Dei
589 240 750 284 honore,
773 242 907 287 patriae
929 241 1164 286 defensione,
1184 245 1270 287 etc„
1293 254 1380 279 reus

93 298 142 332 sit
167 294 369 332 habendus
396 295 442 331 de
470 294 562 330 laeso
589 294 712 341 primo
736 294 924 341 principio
953 295 1184 330 moralitatis
1208 296 1381 342 legisque

93 353 256 385 naturae.
286 348 378 391 Quae
407 347 529 382 illatio
559 351 748 394 quantum
778 357 800 382 a
829 350 931 382 recta
961 348 1109 383 ratione
1138 348 1186 383 sit
1218 349 1379 393 absona,

92 411 300 438 nemo.non
319 399 435 435 videt.
457 399 550 435 Hinc
570 403 607 434 et
623 398 818 434 Thomasii
839 398 1071 446 principium
1092 400 1237 446 pariter
1252 401 1380 436 confu-

92 459 216 491 tatum
245 457 404 489 manet:
435 451 629 488 Facienda
657 462 733 487 esse
760 462 844 498 quae
872 451 991 487 vitam
1022 452 1189 488 hominis
1220 453 1380 489 reddunt

90 507 255 543 maxime
266 506 492 542 diuturnam
507 509 540 540 et
557 504 845 551 felicissimam;
859 504 1020 540 vitanda
1038 505 1090 540 iis
1107 506 1302 551 opposita3
1319 507 1379 542 cui
1424 540 1425 543 ,

60 575 64 577 ·
85 557 278 608 'principio
298 558 548 595 libentissime
569 557 812 593 subscribunt
832 557 1036 602 scriptores
1052 557 1105 593 illi
1126 563 1269 594 nostrae
1291 562 1379 594 aeta-

90 614 139 649 tis
154 613 219 660 qui
231 611 462 658 positivz'stae
477 610 656 646 dicuntur
669 609 727 645 vel
740 609 997 654 naturalistae,
1011 610 1148 656 quibus
1159 611 1272 647 unica
1287 623 1378 647 cura

90 670 147 702 est
167 665 213 701 de
231 664 401 701 hominis
421 663 601 710 praesenti
621 663 710 698 vita.

135 718 179 755 V.
194 719 294 754 Nou
311 717 356 752 11.
373 716 608 761 Principium
627 715 747 751 Grotii
761 718 802 752 et
820 714 1083 752 Puffendorfii.
1101 716 1231 753 Grotio
1247 723 1377 753 autem

84 775 129 813 ³et
146 768 407 806 Puffendorsso
429 768 558 816 opinio
579 768 650 803 suit
670 768 900 815 principium
921 779 1144 814 supremum
1161 769 1277 805 totius
1297 781 1379 806 mo·

89 823 254 859 ralitatis
280 832 344 857 seu
375 821 470 868 legis
496 823 645 856 naturae
671 831 752 856 esse
775 831 783 855 :
811 820 985 865 Homini,
1012 826 1196 868 quantum
1225 823 1267 858 in
1294 823 1378 869 ipso

89 880 154 918 ent,
184 873 378 912 colendam
408 883 485 909 esse
511 877 545 908 et
574 873 801 909 servandam
831 874 1057 910 societatem.
1087 894 1133 901 -
1161 876 1277 922 Atqui
1305 876 1378 911 hoc

90 927 320 975 principium
339 921 417 962 n'on
431 930 488 961 est
508 936 748 973 supremum.
771 927 920 961 Etenim
941 929 1028 962 ante
1043 938 1199 963 omnem
1219 929 1373 964 societa-

89 987 182 1024 tem,
206 981 284 1016 imo
305 983 413 1015 extra
433 978 559 1026 ipsam
587 978 809 1014 societatem
830 978 948 1014 homo
972 980 1189 1016 individuus
1210 984 1266 1016 est
1291 993 1376 1017 vere

82 1043 254 1082 cpersona
267 1031 439 1076 moralis,
455 1031 592 1067 officiis
607 1031 847 1067 naturalibus
862 1032 1033 1077 subiecta
1048 1036 1131 1068 tum
1149 1044 1240 1080 erga
1256 1035 1377 1070 Deum

83 1091 171 1122 tum
192 1095 283 1132 erga
309 1084 489 1132 seipsam.
512 1083 617 1119 Unde
643 1084 735 1130 quia
761 1083 879 1119 homo
910 1095 985 1119 non
1011 1084 1170 1121 habeta
1196 1086 1377 1122 societate

88 1138 192 1186 quod
217 1139 266 1174 sit
292 1148 359 1173 ens
387 1136 545 1179 morale,
572 1146 648 1172 non
677 1140 802 1183 potest
827 1137 866 1172 in
895 1137 979 1183 ipsa
1007 1138 1218 1174 socialitate
1242 1141 1377 1186 reponi

87 1191 256 1236 primum
279 1189 511 1236 principium
536 1187 782 1224 moralitatis.
803 1209 849 1215 —
871 1190 915 1224 Et
935 1192 1121 1235 praeterea
1143 1191 1191 1226 ad
1212 1193 1375 1227 societa-

87 1247 165 1279 tem
196 1242 314 1279 homo
347 1242 488 1278 directe
523 1241 687 1277 refertur
719 1252 787 1288 per
818 1242 920 1278 solos
953 1246 1061 1278 actus
1097 1248 1303 1288 externos;
1341 1250 1376 1280 et

87 1301 218 1332 tamen
244 1299 352 1331 actus
379 1294 519 1330 interni
546 1294 759 1330 voluntatis
786 1294 951 1330 morales
976 1299 1078 1339 sunt,
1106 1297 1184 1331 imo
1211 1307 1257 1332 ex
1284 1298 1377 1343 ipsis

86 1348 278 1384 redundat
297 1346 498 1383 moralitas
519 1346 557 1382 in
579 1350 685 1382 actus
703 1351 895 1383 externos.
917 1350 993 1383 Aut
1012 1348 1132 1395 igitur
1149 1350 1378 1386 concluden-

88 1402 180 1437 dum
197 1404 268 1446 est,
291 1403 398 1436 actus
417 1399 587 1435 internos
604 1399 698 1435 nulli
722 1399 911 1446 principio
932 1401 1070 1436 morali
1092 1402 1250 1448 subjici3
1273 1404 1377 1448 quod

86 1456 143 1490 est
168 1452 400 1497 absurdum;
423 1454 490 1487 aut
515 1451 640 1487 verius
661 1451 865 1487 dicendum
892 1452 1142 1489 socialitatem
1167 1464 1243 1490 non
1265 1466 1377 1502 posse

85 1517 168 1542 esse
185 1505 354 1553 primurn
376 1504 607 1552 principium
624 1504 829 1540 veritatum
851 1505 998 1541 ordinis
1017 1506 1189 1542 moralis.
1207 1528 1252 1533 —
1269 1508 1377 1543 Adde

85 1559 156 1602 his,
184 1558 270 1595 ideo
297 1557 447 1594 homini
473 1557 649 1593 naturale
675 1568 758 1593 esse
781 1558 878 1594 inire
905 1562 941 1594 et
961 1568 1186 1595 conservare
1213 1561 1378 1597 societa-

84 1616 177 1656 tem,
201 1610 294 1657 quia
319 1610 486 1646 societas
505 1609 652 1645 bonum
678 1614 736 1646 est
761 1610 911 1647 homini
932 1612 1145 1648 secundum
1171 1613 1375 1649 rationem.

83 1663 318 1710 Principium
333 1672 423 1710 ergo
439 1662 664 1698 socialitatis
682 1662 785 1698 aliud
802 1663 1035 1710 principium
1050 1665 1088 1700 in
1102 1676 1179 1712 quo
1195 1665 1378 1702 fundatur

84 1716 280 1752 subaudit.

131 1769 191 1805 VI.
215 1770 316 1804 Non
342 1769 402 1803 111.
427 1769 664 1813 Principium
688 1770 833 1805 Kantii.
855 1771 1084 1806 Emmanuel
1110 1771 1210 1807 Kant
1237 1772 1375 1807 doctri-

86 1833 176 1857 nam
196 1832 308 1857 suam
329 1821 375 1856 de
395 1821 553 1858 scientia
574 1822 745 1857 humana
765 1822 1012 1867 speculativa,
1032 1824 1200 1861 scientiae
1221 1836 1375 1861 morum

85 1874 303 1921 applicavit.
324 1874 442 1909 Porro
472 1873 511 1908 in
537 1873 754 1919 cognitione
780 1875 1015 1920 speculativa
1032 1876 1181 1922 formas
1204 1877 1333 1923 posuit
1354 1889 1377 1913 a

84 1927 205 1974 priori
220 1927 427 1962 existentes
442 1925 481 1961 in
495 1929 623 1961 mente
637 1928 675 1962 et
688 1937 710 1962 a
725 1931 853 1962 mente
867 1931 1019 1973 nostra3
1037 1932 1073 1964 et
1093 1929 1178 1964 ideo
1195 1930 1375 1966 eumdem

83 1989 308 2027 processum
329 1981 454 2015 servat
474 1979 512 2014 in
533 1978 685 2015 morali.
708 1980 851 2026 Nempe
871 1979 1007 2016 formae
1033 1981 1252 2028 primitivae,
1275 1984 1375 2019 unde

82 2033 272 2080 principia
299 2031 464 2067 moralia
483 2034 687 2078 exurgunt,
717 2035 820 2076 sunt,
836 2032 948 2078 juxta
976 2033 1172 2078 Kantfflm,
1194 2035 1376 2083 indepen-

82 2085 216 2121 dentes
236 2095 258 2121 a
281 2094 525 2131 quocumque
553 2083 742 2120 elemento
764 2085 964 2132 empirico‚
986 2097 1010 2121 a
1025 2086 1161 2132 priori
1180 2092 1377 2135 ponuntur

82 2148 104 2173 a
136 2141 265 2173 mente
297 2148 320 2173 a
352 2147 430 2184 qua
464 2141 573 2180 sunt,
606 2140 643 2172 et
675 2137 998 2184 problematicum
1032 2141 1088 2174 est
1121 2142 1250 2176 utrum
1284 2141 1376 2188 ipsis

81 2189 312 2236 objectivum
337 2189 615 2225 extramentale
642 2188 872 2236 respondeat
901 2190 955 2236 (L.
985 2191 1058 2235 56).
1087 2191 1208 2236 Igitur
1233 2193 1376 2239 princi-

81 2242 190 2289 pium
211 2241 379 2288 primum
407 2241 446 2277 in
466 2241 600 2277 ordine
621 2242 760 2278 morali
785 2242 958 2288 reposuit
984 2243 1024 2278 in
1044 2242 1118 2280 hoc
1143 2245 1248 2290 quod
1274 2246 1375 2281 actio

81 2294 361 2330 determinetur
393 2304 418 2329 a
442 2293 589 2340 priori,
625 2295 697 2330 hoc
729 2298 785 2331 est
817 2294 926 2332 unice
960 2296 1028 2331 fiat
1062 2300 1220 2344 propter
1249 2298 1375 2344 legem

81 2345 243 2382 rati2n1s
271 2345 575 2393 independenter
603 2357 625 2383 a
657 2358 902 2395 quocumque
935 2348 1125 2384 elemento
1159 2350 1374 2396 empirico:
