1554 2569
152 138 218 170 ¹28
245 147 303 171 JUS
317 147 476 172 NATURAE.
494 148 563 172 LIB.
579 148 602 173 1.
616 148 695 173 CAP.
712 149 737 172 1.
754 148 799 172 m:
816 148 900 172 JURE
918 148 962 172 ΕΤ
979 148 1054 172 01211.
1071 147 1279 172 GENERATIM
1294 147 1438 172 SUMPTIS

150 218 278 264 officii
288 219 495 263 tumjurz's.
517 219 572 254 Ad
590 230 669 255 rem
683 219 884 266 Taparelli,
898 219 1044 266 Saqyio
1062 219 1106 255 di
1115 219 1250 254 diritto
1262 218 1440 254 naturaie

150 282 187 305 n.
205 271 271 306 347
291 281 299 306 ε
320 284 335 303 ‹
363 271 401 306 Si
424 282 470 307 ex
499 272 723 318 praescripto
748 271 910 307 rationis
938 271 1007 307 tibi
1034 271 1143 307 debeo
1169 271 1437 313 reverentiam,

148 323 425 368 obedientiam,
449 335 635 368 amorem,
657 323 827 370 aliaque3
845 328 885 359 tu
895 329 1002 370 potes
1019 323 1230 360 secundum
1249 323 1438 359 rationem

150 378 232 412 haec
255 377 386 412 omnia
409 387 431 412 a
457 387 519 412 me
542 377 713 424 exigere;
742 381 782 412 at
809 376 981 413 officium
1002 377 1044 412 in
1068 387 1130 412 me
1153 387 1230 412 non
1249 376 1440 412 enascitur

149 440 195 464 ex
213 433 279 465 tuo
296 430 396 476 jure,
414 440 483 465 nec
501 430 565 476 jus
587 434 696 464 tuum
718 440 764 464 ex
788 440 874 465 meo
899 429 1026 466 officio
1049 441 1058 465 :
1082 430 1208 465 verius
1232 433 1439 475 utrumque

150 482 343 518 enascitur
358 482 473 517 simul
490 493 535 518 ex
552 482 701 529 legibus
722 481 868 518 ordinis
885 483 1021 519 aeterni
1049 492 1135 529 quae
1158 493 1226 529 per
1248 482 1438 517 rationem

148 534 259 570 nobis
276 535 624 571 communicantur.
647 549 663 567 ›
686 535 794 570 Ratio
817 535 1004 582 generalis
1021 539 1091 580 est,
1114 535 1205 581 quia
1217 534 1287 581 jus
1302 538 1339 570 et
1353 533 1439 580 offi-

148 587 251 623 cium
285 592 374 623 sunt
404 588 649 632 correlativa3
678 588 902 624 correlativa
938 593 1067 624 autem
1100 598 1177 623 non
1207 598 1245 623 se
1275 586 1438 623 invicem

147 645 321 684 causant,
354 640 420 676 sed
455 651 501 676 ex
537 641 734 676 communi
768 639 1020 676 fundamento
1055 640 1172 676 simul
1207 643 1440 675 enascuntur

149 693 206 738 (O.
230 695 287 737 38,
309 693 385 738 VI).

198 745 456 782 Corollarium
481 747 657 782 alterum.
679 746 778 794 Ergo
805 747 974 794 seposita
997 757 1065 793 per
1088 745 1335 793 hypothesim
1357 745 1440 792 lege

147 803 303 843 oeterna,
321 809 344 834 a
364 810 440 846 qua
457 799 519 835 lex
538 800 736 835 naturalis
754 800 916 847 aliaeque
934 810 1068 835 omnes
1092 799 1195 846 leges
1217 798 1442 834 derivantur

147 854 207 897 (23
234 856 271 888 et
297 854 434 899 seqq.),
457 863 522 888 seu
546 853 713 899 seposito
737 863 804 900 per
822 853 1069 900 hypothesim
1088 852 1165 888 Deo
1187 852 1251 898 qui
1275 856 1332 887 est
1358 851 1443 898 ipsa

147 904 208 941 lex
232 909 393 949 aeterna3
423 905 577 941 nonnisi
606 916 674 953 per
699 905 912 942 absurdum
939 910 976 941 et
1000 915 1068 952 per
1083 904 1330 940 manifestam
1351 914 1439 939 con-

148 957 419 994 tradictionem
440 968 645 1004 possumus
662 958 768 1005 loqui
786 957 832 994 de
848 958 1001 1005 J'uribus
1022 961 1058 993 et
1079 957 1216 992 officiis
1235 967 1244 992 ι
1265 956 1365 991 sicut
1384 967 1439 992 re·

148 1015 255 1047 moto
276 1010 528 1046 fundamento
551 1011 649 1057 perit
666 1010 765 1046 ratio
783 1011 994 1048 relationis.

195 1064 260 1100 111.
277 1064 458 1100 Generica
469 1064 607 1100 divisio
620 1064 847 1100 officiorum.
861 1064 915 1099 Ex
927 1063 1000 1100 hoc
1016 1064 1136 1111 igitur
1152 1064 1255 1111 quod
1267 1064 1442 1111 officium

149 1116 300 1152 dicatur
327 1117 366 1151 in
392 1116 525 1152 ordine
552 1116 600 1152 ad
619 1117 702 1163 jus,
728 1117 902 1163 sequitur
924 1117 1028 1163 quod
1054 1118 1180 1163 ipsum
1207 1126 1361 1163 quoque
1385 1126 1440 1151 se-

147 1169 318 1205 cundum
348 1169 551 1205 divisiones
574 1170 672 1215 juris
700 1169 818 1205 dividi
843 1173 970 1216 potest
993 1170 1033 1204 in
1054 1168 1282 1216 objectivum
1299 1173 1337 1205 et
1354 1167 1441 1205 sub-

143 1222 344 1269 Jectivum;
377 1223 430 1258 ita
458 1226 500 1257 ut
530 1222 700 1257 officium
725 1221 932 1268 subjective
959 1226 1160 1269 acceptum
1193 1222 1243 1257 sit
1280 1221 1442 1258 facultas

148 1274 306 1310 moralis
323 1275 468 1321 passive
486 1278 641 1321 sumpta
655 1285 720 1309 seu
739 1278 782 1308 ut
799 1274 928 1309 subest
948 1273 1085 1309 morali
1098 1274 1314 1310 necessitati
1334 1274 1441 1309 resti-

150 1327 283 1363 tuendi
299 1327 409 1364 alteri
426 1327 490 1373 jus
507 1326 823 1373 suum3objeetive
843 1331 1057 1373 sumptum,
1081 1327 1130 1361 sit
1151 1327 1279 1373 ipsum
1290 1326 1440 1373 justum

149 1378 385 1427 ponendum.
417 1400 462 1406 —-
499 1379 714 1426 SubJective
747 1383 947 1426 sumptum
979 1384 1110 1415 autem
1147 1378 1367 1414 subdivitur
1401 1378 1440 1414 in

149 1433 327 1469 naturale
347 1437 384 1468 et
410 1432 633 1478 positivum,
665 1431 875 1468 secundum
908 1431 1011 1478 quod
1037 1436 1103 1467 aut
1123 1431 1249 1479 alege
1275 1431 1441 1468 naturali

154 1486 381 1533 imponitur,
412 1489 479 1521 aut
501 1495 524 1520 a
554 1485 636 1532 lege
668 1484 832 1531 positiva
851 1484 1037 1531 procedit.
1067 1484 1131 1520 Est
1157 1485 1312 1532 insuper
1330 1495 1441 1531 περα-

157 1539 273 1574 tivum
306 1537 365 1573 vel
396 1537 675 1584 affirmativum
704 1536 914 1573 secundum
938 1536 1041 1583 quod
1063 1548 1131 1584 per
1156 1537 1282 1584 ipsum
1304 1541 1371 1572 aut
1393 1536 1441 1572 ad

155 1590 347 1638 agendum
368 1590 544 1625 voluntas
565 1589 747 1637 adigitur,
772 1594 838 1625 aut
857 1590 905 1625 ab
926 1589 1074 1637 agendo
1093 1589 1332 1637 prohibetur.
1355 1590 1442 1624 Bre-

154 1645 251 1680 viter
267 1643 363 1679 ratio
392 1642 508 1679 officii
531 1643 691 1689 ejusque
715 1643 950 1689 praestantiae
977 1641 1172 1678 metienda
1192 1647 1249 1678 est
1278 1653 1323 1677 ex
1339 1642 1440 1688 jure,

155 1707 221 1733 seu
247 1695 383 1732 melius
412 1706 458 1731 ex
483 1695 578 1742 lege,
609 1705 654 1730 ex
687 1705 762 1741 qua
787 1698 994 1742 utrumque
1022 1699 1202 1731 causatur
1230 1696 1272 1730 ut
1296 1694 1442 1731 dictum

156 1754 225 1785 est.

202 1802 262 1839 IV.
282 1802 401 1838 NOTA.
424 1801 556 1838 Officia
571 1802 738 1847 juridica
758 1804 798 1837 et
817 1811 894 1838 non
913 1801 1092 1847 juridica.
1115 1800 1293 1836 Officium
1307 1799 1443 1846 juridi-

157 1865 244 1891 cum
275 1854 369 1891 illud
403 1854 543 1891 dicitur
574 1853 678 1901 quod
710 1853 841 1890 stricto
872 1858 909 1889 et
940 1853 1143 1889 manifesto
1176 1853 1256 1899 juri
1287 1852 1444 1888 alterius

156 1907 375 1955 respondet,
398 1911 434 1943 et
455 1906 540 1944 ideo
570 1906 786 1954 subjeetum
807 1905 1012 1953 adstringit
1037 1911 1080 1942 ut
1108 1905 1203 1941 illud
1223 1916 1269 1941 ex
1290 1905 1443 1952 justitia

157 1961 343 1997 observet.
364 1961 485 1996 Homo
503 1970 590 1996 vero
615 1960 654 1995 in
675 1959 808 1995 ordine
829 1958 876 1995 ad
900 1959 1014 1995 aliam
1036 1968 1240 2006 personam
1257 1957 1443 1993 moralem

157 2013 360 2060 dupliciter
379 2024 417 2048 se
444 2013 584 2049 habere
611 2016 750 2060 potest,
778 2013 950 2058 neyative
979 2016 1015 2047 et
1032 2010 1199 2057 positive
1218 2023 1232 2046 .·
1252 2011 1442 2058 negative,

156 2077 232 2102 non
250 2066 414 2103 nocendo
435 2065 561 2110 alteri,
581 2065 740 2113 positive
760 2064 876 2101 alteri
893 2064 1171 2110 benefaciendo.
1192 2063 1332 2099 Volunt
1352 2073 1444 2110 ergo

158 2119 334 2156 nonnulli
345 2119 471 2155 officia
481 2118 726 2155 solummodo
742 2118 917 2166 negativa
926 2128 1005 2153 esse
1010 2117 1206 2164 juridica,
1218 2127 1296 2152 non
1313 2120 1443 2152 autem

158 2172 320 2219 positiva
338 2182 346 2206 z
369 2182 535 2218 quorum
553 2172 684 2218 opinio
712 2171 886 2207 absolute
910 2174 1064 2217 sumpta
1084 2169 1179 2206 falsa
1198 2173 1255 2205 est
1272 2168 1337 2205 sed
1356 2179 1445 2205 vera

157 2236 203 2260 ex
220 2224 350 2271 aliqua
371 2229 491 2271 parte.
513 2244 558 2250 ——
579 2225 687 2260 Falsa
715 2228 772 2260 est
801 2223 974 2260 absolute
1002 2222 1209 2269 loquendo,
1241 2232 1331 2258 nam
1354 2226 1445 2257 sunt

159 2278 285 2315 officia
301 2278 480 2325 quaedam
500 2278 665 2324 positiva
685 2288 771 2324 quae
800 2277 1039 2313 strictissime
1061 2275 1228 2323 juridica
1247 2279 1349 2320 sunt,
1371 2274 1445 2311 hoc

161 2336 216 2367 est
229 2331 500 2379 respondentia
512 2331 590 2378 Juri
606 2331 762 2366 alterius
780 2329 957 2378 exigendi
971 2341 1017 2365 ex
1027 2329 1180 2376 justitia
1190 2329 1283 2365 talia
1293 2328 1442 2373 officia:

192 2395 257 2421 eus
274 2384 377 2422 enim
406 2384 691 2421 strictissimum
721 2388 758 2420 et
784 2382 1032 2420 manifestum
1053 2382 1124 2429 jus
1144 2382 1259 2418 habet
1284 2385 1327 2417 ut
1350 2381 1443 2418 inte-
