1584 2569
197 109 265 141 282
290 117 350 141 sus
367 117 527 141 NArunAE.
549 115 614 140 un.
634 115 674 141 11.
693 115 770 139 car.
793 115 843 139 ιν.
863 114 906 138 nn
923 113 1112 138 SOCIETATE
1128 113 1244 137 nnuc.
1263 113 1299 138 xri
1318 114 1355 138 sn
1377 115 1485 144 spec„

244 190 304 225 IV.
320 189 502 224 Attamen
516 187 682 222 societas
699 186 881 231 religiosa
894 195 976 220 esse
995 183 1109 228 debet
1118 184 1297 234 yisibilis.
1316 185 1488 232 Namque

197 242 391 279 societatis
412 241 602 286 religiosa»
626 240 723 274 sicut
744 244 780 274 et
801 239 993 273 societatis
1017 236 1135 272 civilis
1155 234 1343 273 elementa
1361 238 1488 274 homi-

197 307 262 331 nes
294 297 395 337 sunt,
426 293 490 340 qui
523 292 607 328 ideo
639 292 677 327 in
707 291 930 327 societatem
961 292 1148 327 uniuntur
1180 297 1221 327 ut
1251 293 1321 328 sibi
1352 297 1486 329 mutuo

198 359 311 395 opem
332 348 468 390 ferant,
489 349 524 381 et
547 345 702 392 propria
729 344 831 380 bona
851 344 1149 381 communicent.
1174 346 1288 392 Atqui
1312 346 1488 382 homines

197 413 271 437 non
294 400 583 436 communicant
604 397 652 433 ad
676 397 836 433 invicem
858 408 925 444 per
952 401 1058 433 actus
1081 398 1262 441 internos,
1284 400 1348 446 qui
1370 399 1487 435 latent

198 456 235 490 in
270 455 400 489 animo
428 457 464 488 et
495 462 571 487 non
601 451 774 486 sciuntur
801 451 873 486 nisi
901 461 926 486 a
954 450 1097 496 spiritu
1124 451 1303 494 hominis,
1331 452 1397 488 sed
1423 463 1488 498 per

198 509 306 554 signa
329 505 538 548 sensibilia,
558 514 644 552 quae
669 514 803 539 sensus
824 503 984 551 percipit
1001 508 1037 538 et
1058 504 1233 551 intelligit
1255 505 1367 541 ratio.
1390 506 1488 552 Ergo

198 561 359 596 societas
387 558 567 605 religiosa
599 557 772 604 quamvis
805 556 952 592 ratione
985 557 1070 592 finis
1099 558 1147 592 sit
1175 558 1405 604 spiritualis,
1434 564 1490 594 est

197 618 327 650 tamen
346 612 508 647 societas
529 609 775 646 sensibilibus
797 612 908 644 utens
934 612 970 645 et
989 609 1163 645 sensibus
1185 610 1357 646 visibilis.

245 666 286 701 V.
315 665 577 701 corollarium.
605 663 701 705 Quia
727 673 816 710 ergo
846 662 952 698 nulla
980 663 1140 698 societas
1173 664 1381 700 consistere
1409 666 1490 701 sine

198 719 425 756 auctoritate
447 720 571 763 potest
595 715 744 763 (49‚11),
767 716 885 752 etiam
909 716 1080 752 societati
1107 716 1296 764 religiosa)
1327 729 1491 765 pracesse

199 773 310 808 debet
339 770 547 806 auctoritas
574 769 732 804 visibilis
756 769 854 804 sicut
877 768 1033 804 visibilis
1056 773 1113 805 est
1144 769 1303 805 societas
1330 771 1425 818 ipsa,
1455 781 1492 812 et

197 826 305 872 cujus
321 826 369 860 sit
387 823 549 870 dirigere
568 823 766 858 hominem
781 823 819 858 in
838 822 975 858 officiis
989 822 1198 869 religionis.
1216 844 1259 848 —
1273 824 1491 860 Auctoritas

198 889 285 914 vero
308 877 458 913 socialis
477 878 543 911 aut
564 876 668 911 nulla
690 879 758 918 est,
782 878 848 911 aut
866 875 1123 911 essentialiter
1142 875 1408 923 complectitur
1429 878 1490 912 tri-

199 932 335 978 plicem
358 934 603 976 potestatem,
628 929 881 975 leyislativam
909 939 1060 975 nempe,
1090 929 1320 965 eoeecutivam
1344 941 1406 965 seu
1435 942 1492 966 co-

199 986 362 1020 activam
378 982 700 1029 etjudiciariam.
720 982 762 1028 (A
771 987 819 1017 rt.
840 984 882 1017 52
898 985 934 1017 et
949 981 1084 1028 seqq.).
1107 983 1203 1028 Ergo
1223 987 1259 1018 et
1275 983 1491 1019 Auctoritas

200 1037 353 1073 socialis
371 1036 564 1082 religiosa,
584 1035 622 1070 in
643 1035 797 1081 proprio
820 1034 965 1078 ordine,
984 1034 1122 1080 triplici
1137 1035 1202 1070 illa
1217 1034 1492 1082 facultatejure

201 1091 329 1138 pollet.

246 1143 305 1178 VI.
320 1142 491 1178 Societas
500 1141 681 1185 religiosa
689 1144 831 1177 natura
840 1150 909 1176 sua
918 1141 1092 1185 superior
1102 1143 1161 1176 est
1171 1140 1365 1178 Societate
1374 1143 1492 1187 civili,

202 1201 241 1232 et
262 1198 545 1239 consequenter
561 1194 784 1229 Auctoritas
801 1194 982 1238 religiosa
1000 1194 1174 1238 superior
1191 1197 1251 1229 est
1265 1198 1404 1230 natura
1425 1205 1492 1232 sua

200 1249 445 1284 Auctoritate
472 1247 590 1282 civili.
610 1246 799 1281 Probatur
810 1246 940 1292 prima
961 1257 1067 1292 pars.
1090 1247 1141 1282 Ea
1162 1257 1247 1292 quae
1269 1247 1493 1283 ordinantur

201 1303 248 1338 ad
266 1304 395 1343 tinem,
414 1304 453 1334 ut
472 1304 561 1335 sunt
573 1299 772 1334 societates
789 1310 935 1343 omnes,
952 1309 1061 1334 suam
1080 1299 1362 1335 notabilitatem
1379 1304 1493 1347 atque

201 1354 509 1401 superioritatem
533 1352 738 1388 desumunt
770 1362 816 1387 ex
850 1353 922 1387 fine
941 1352 1037 1398 ipso.
1058 1353 1173 1398 Atqui
1194 1353 1281 1388 finis
1298 1353 1494 1389 societatis

201 1407 402 1454 religiosoe,
431 1405 642 1441 consistens
667 1405 858 1451 praecipue
886 1407 921 1440 et
949 1405 1170 1440 immediate
1196 1406 1233 1441 in
1262 1405 1495 1452 perficienda

201 1460 380 1496 nobiliori
405 1458 575 1494 hominis
598 1460 718 1504 parte,
747 1457 879 1493 anima
905 1457 1046 1493 scilicet
1074 1458 1111 1493 in
1133 1457 1266 1494 ordine
1295 1458 1341 1494 ad
1363 1459 1494 1506 cogni-

200 1515 345 1549 tionem
366 1516 401 1547 et
423 1521 596 1547 amorem
616 1511 698 1555 Dei,
720 1511 832 1557 longe
859 1510 1023 1546 nobilior
1044 1516 1080 1546 et
1100 1512 1273 1557 superior
1293 1516 1350 1547 est
1375 1512 1494 1548 civilis

201 1565 396 1602 societatis
414 1565 502 1607 sine,
525 1563 832 1611 quiuimmediate
853 1566 908 1599 est
930 1563 975 1598 de
997 1563 1107 1599 bonis
1129 1565 1294 1600 externis
1315 1569 1351 1600 et
1370 1570 1494 1601 mate-

199 1619 372 1662 rialibus,
397 1620 433 1652 et
460 1617 691 1652 terminatur
710 1616 749 1652 in
776 1616 848 1652 hac
874 1617 964 1652 vita.
995 1618 1091 1663 Ergo
1126 1617 1288 1653 societas
1315 1618 1494 1665 religiosa

201 1672 375 1719 superior
395 1675 450 1705 est
470 1670 650 1705 societate
669 1669 781 1705 civili.

247 1725 379 1761 Altera
406 1727 536 1758 autem
559 1733 656 1768 pars
683 1722 958 1769 propositionis
988 1726 1044 1758 est
1076 1723 1324 1759 corollarium
1360 1724 1495 1771 primae

201 1777 333 1824 partis.
356 1776 574 1812 Auctoritas
594 1775 695 1811 enim
717 1775 868 1811 socialis
890 1786 912 1811 a
936 1775 1118 1811 societate
1143 1776 1204 1811 cui
1225 1779 1362 1823 praeest
1382 1782 1494 1813 natu-

202 1841 284 1867 ram
309 1839 419 1865 suam
447 1829 619 1864 sortitur.
651 1829 936 1874 Consequenter
963 1839 1039 1864 non
1067 1831 1194 1874 potest
1223 1829 1384 1865 societas
1413 1830 1496 1866 reli-

203 1885 309 1931 giosa
337 1883 510 1928 superior
530 1892 610 1917 esse
638 1881 820 1917 societate
841 1881 952 1924 civili,
982 1881 1054 1917 nisi
1076 1882 1189 1917 simul
1214 1886 1250 1917 et
1280 1883 1495 1919 necessario

202 1936 417 1971 Auctoritas
437 1934 617 1981 religiosa
638 1934 813 1980 superior
833 1935 1061 1969 auctoritate
1080 1934 1180 1969 civili
1203 1937 1417 1971 censeatur.

248 1990 277 2023 V
281 1989 327 2025 11.
341 1988 368 2023 N
374 1999 453 2023 ora.
469 1987 764 2033 Argumentatio
780 1987 817 2023 S.
837 1987 1003 2023 Thomae.
1014 1986 1166 2022 Thesim
1179 1991 1355 2022 nostram
1372 1987 1496 2033 proba

202 2043 325 2077 vimus
352 2041 549 2087 principiis
581 2041 617 2076 S.
650 2039 821 2085 Thomae,
853 2040 918 2075 sed
947 2042 1027 2075 tota
1059 2040 1231 2085 ejusdem
1259 2041 1295 2075 S.
1325 2041 1495 2076 Doctcris

205 2093 490 2140 argumentatio
513 2093 822 2139 praeclarissima,
853 2103 970 2140 quam
992 2092 1107 2128 habet
1126 2093 1165 2127 in
1185 2094 1201 2127 1
1228 2093 1283 2128 De
1302 2093 1496 2139 Reyz'mz'ne

201 2147 433 2194 principum,
458 2147 547 2192 Cap.
575 2147 663 2190 XIV,
689 2145 979 2182 transcribenda
1000 2148 1056 2181 est
1079 2156 1087 2181 :
1118 2158 1134 2178 ‹
1162 2145 1220 2181 Ad
1243 2145 1329 2189 hoc,
1355 2147 1493 2193 inquit,

203 2200 380 2236 homines
393 2203 687 2246 congregantur,
709 2202 750 2234 ut
771 2198 884 2235 simul
902 2198 997 2235 hene
1014 2198 1141 2234 vivant
1162 2209 1170 2234 ε
1191 2198 1295 2245 quod
1310 2200 1494 2245 consequi

204 2265 282 2290 non
301 2257 430 2299 posset
450 2252 714 2299 unusquisque
729 2252 975 2299 singulariter
991 2252 1132 2286 vivens.
1151 2252 1255 2287 Bona
1268 2254 1396 2288 autem
1418 2253 1494 2289 vita

207 2311 263 2342 est
281 2306 493 2342 secundum
521 2304 715 2341 Virtutem.
745 2306 924 2341 Virtuosa
951 2305 1066 2351 igitur
1094 2305 1169 2339 v'ita
1201 2309 1257 2340 est
1283 2315 1493 2352 congrega-

209 2360 322 2396 tionis
355 2359 536 2396 humanae
567 2358 697 2395 finis...
730 2358 802 2395 Sed
835 2359 924 2404 quia
951 2358 1067 2394 homo
1098 2358 1255 2394 vivendo
1284 2357 1493 2396 secundum
