1554 2569
175 130 257 156 Ant.
285 130 337 156 IV.
365 131 484 156 UTRUM
511 130 708 157 BEATITUDO
735 130 866 156 numm
890 129 1011 156 Possm·
1036 130 1074 154 IN
1099 129 1167 154 HAG
1192 129 1275 153 viu
1325 119 1367 152 ‘25

81 200 320 238 beatitudini.
338 202 477 249 Negari
504 202 607 238 enim
633 213 709 238 non
736 206 862 249 potest
882 202 984 248 quod
1007 201 1123 237 homo
1146 201 1183 235 in
1202 200 1274 235 hac
1293 200 1369 234 vita

81 254 252 301 indigeat
277 255 501 291 necessariis
521 256 672 302 corpori
700 259 779 291 tam
807 255 855 290 ad
883 255 1150 301 operationem
1174 254 1260 289 vitae
1281 263 1368 289 con-

83 307 328 353 templatim,
354 318 472 354 quarn
502 309 619 344 etiam
653 308 701 344 ad
731 308 997 356 operationem
1026 308 1113 343 vitae
1143 307 1287 348 activae,
1320 306 1368 341 ad

81 370 199 407 quam
216 361 333 396 etiam
359 361 471 408 plura
497 362 576 398 alia
596 362 858 408 requiruntur,
886 361 1026 408 quibus
1051 363 1226 396 exerceat
1252 369 1369 405 opera

81 413 243 450 virtutis.
268 427 284 445 ‹
306 413 389 449 Non
403 417 545 458 tamen,
561 414 685 460 inquit
704 413 939 454 Aristoteles,
964 412 1180 459 putandum
1195 416 1253 448 est
1273 412 1369 447 mul-

81 464 127 500 tis
145 475 188 501 ac
207 466 360 513 magnis
380 467 414 501 ei
440 466 618 513 (homini)
642 477 738 513 opus
764 467 830 513 qui
852 466 1002 502 futurus
1029 470 1086 501 est
1106 465 1207 507 felix,
1227 465 1258 500 si
1286 464 1368 499 fieri

82 528 156 552 non
177 520 304 564 potest
331 521 372 554 ut
400 519 447 554 sit
476 519 610 554 beatus
640 520 721 555 sine
747 519 857 554 bonis
886 518 1065 556 externis.
1101 519 1230 564 Neque
1265 516 1368 552 enim

81 570 323 615 sufficientia,
356 583 480 619 neque
503 572 706 619 judicium,
740 583 863 619 neque
889 575 996 608 actus
1025 572 1063 606 in
1093 570 1368 617 exuperatione

79 623 276 668 consistit;
296 624 362 661 sed
384 625 466 660 (ieri
485 629 611 672 potest
629 629 671 660 ut
691 628 727 660 et
748 636 824 661 non
843 625 1033 671 principes
1055 628 1166 660 terrae
1185 634 1228 659 ac
1249 623 1368 658 maris

78 679 196 723 agant
215 676 390 713 honesta.
409 678 532 724 Atque
553 678 590 713 id
617 678 716 714 clare
733 689 885 714 cernere
905 677 1006 713 licet.
1034 677 1174 713 Privati
1200 686 1368 722 namque

79 740 157 765 non
185 730 314 765 minus
345 741 457 777 agere
494 731 671 767 videntur
701 742 761 767 res
791 732 923 772 bonas,
962 741 1080 777 quam
1111 730 1175 777 qui
1211 732 1299 765 sunt
1331 729 1369 763 in

79 783 333 828 potestatibus
357 784 555 819 constituti
587 795 595 820 :
624 785 701 820 imo
728 784 844 820 etiam
870 785 1010 831 magis.
1040 784 1139 819 Satis
1163 786 1293 818 autem
1312 785 1369 816 est

77 840 135 871 tot
166 835 365 872 facultates
400 836 553 874 habere.
588 838 667 872 Erit
702 838 806 873 enim
844 837 925 883 ejus
963 837 1040 872 vita
1074 836 1163 871 felix
1201 835 1265 881 qui
1301 845 1369 881 per

78 889 203 934 ipsam
231 892 413 935 operatur
440 890 636 925 virtutem.
658 905 674 922 ι
697 911 742 916 —-
769 890 899 926 Ethic.
922 890 1002 926 Lib.
1026 890 1069 933 X,
1099 889 1187 935 Cap.
1209 889 1301 922 Vlll.
1328 907 1368 912 —

77 941 154 986 1-11‚
175 941 244 983 On.
266 942 326 986 lv,
348 941 461 977 Artic.
485 942 530 977 VI
547 945 583 977 et
606 943 678 978 VII.

124 994 184 1029 VI.
203 995 364 1040 Insuper
382 995 431 1030 ad
443 995 673 1031 felicitatem
686 996 953 1041 imperfectam
966 996 1169 1040 praesentis
1189 995 1284 1031 vitae
1299 994 1366 1030 ho-

77 1057 137 1083 mo
152 1047 301 1093 indiget
316 1048 434 1084 etiam
448 1049 595 1084 amicis.
615 1049 818 1084 Veritatem
832 1048 945 1095 hujus
960 1048 1232 1094 propositionis
1244 1049 1367 1082 osten-

79 1100 134 1135 dit
151 1101 186 1137 S.
203 1100 371 1136 Thomas
391 1111 437 1136 ex
461 1101 661 1137 Aristotele
689 1102 787 1139 Lect.
811 1103 825 1137 1
854 1103 893 1137 in
917 1102 994 1138 Lib.
1016 1102 1092 1136 VIlI
1112 1100 1333 1136 Ethicorum
1356 1111 1363 1135 t

80 1167 96 1184 ‹
119 1153 226 1189 Circa
246 1153 390 1198 omnia,
412 1154 549 1200 inquit,
566 1165 654 1202 quae
674 1158 762 1190 sunt
779 1155 997 1190 necessaria
1015 1155 1101 1189 vitae
1122 1153 1365 1197 humanae...,

78 1205 246 1242 maxime
266 1207 483 1242 necessaria
500 1211 558 1242 est
578 1207 761 1252 amicitia,
783 1207 992 1252 intantum,
1008 1207 1112 1254 quod
1125 1207 1253 1242 nullus
1274 1207 1367 1242 bene

78 1258 284 1306 dispositus
303 1259 460 1305 eligeret
478 1260 601 1296 vivere
621 1271 709 1295 cum
736 1260 808 1296 hoc
833 1261 937 1306 quod
960 1261 1118 1296 haberet
1140 1259 1270 1295 omnia
1292 1259 1368 1294 alia

77 1311 268 1347 exteriora
287 1311 387 1347 bona
405 1312 486 1348 sine
502 1313 649 1350 amicis.
672 1312 748 1349 Illis
768 1314 871 1348 enim
893 1314 957 1360 qui
979 1314 1148 1348 maxime
1168 1312 1366 1359 possident

76 1365 268 1400 exteriora
282 1365 396 1409 bona,
416 1365 557 1401 scilicet
572 1366 767 1411 divitibus,
789 1370 826 1401 et
843 1367 1091 1412 principibus,
1109 1368 1146 1401 et
1164 1365 1366 1411 potestati-

76 1418 162 1463 bus,
183 1419 352 1454 maxime
371 1418 549 1454 videntur
574 1430 655 1455 esse
680 1420 885 1455 necessarii
913 1420 1040 1455 amici.
1058 1419 1188 1454 Primo
1208 1418 1366 1465 quidem

75 1471 124 1507 ad
145 1481 258 1507 usum
285 1471 424 1507 horum
444 1472 648 1508 bonorum.
667 1473 778 1508 Nulla
806 1473 907 1507 enim
929 1475 984 1508 est
1004 1472 1152 1507 utilitas
1174 1472 1363 1507 bonorum

76 1523 255 1568 fortunae,
277 1525 308 1559 si
330 1535 377 1560 ex
409 1525 467 1560 his
494 1526 632 1571 aliquis
663 1525 758 1561 nulli
786 1525 1020 1570 benefaciat3
1044 1525 1271 1561 beneficium
1299 1535 1362 1559 au<

73 1578 153 1611 tem
179 1577 347 1612 maxime
379 1580 415 1613 et
440 1578 746 1614 laudabilissime
780 1580 823 1614 fit
854 1579 902 1614 ad
917 1579 1074 1613 amicos.
1107 1577 1282 1614 Secundo
1316 1577 1364 1612 ad

69 1630 401 1666 conservationem
422 1630 559 1666 talium
586 1632 790 1675 bonorum,
816 1642 902 1678 quae
923 1643 999 1667 non
1021 1635 1184 1678 possunt
1209 1641 1364 1666 conser-

75 1682 154 1718 vari
172 1682 252 1718 sine
273 1683 419 1728 amicis,
441 1684 531 1731 quia
552 1684 654 1720 bona
679 1685 833 1720 fortuna
854 1690 999 1731 quanto
1021 1689 1078 1720 est
1096 1684 1235 1730 major,
1257 1686 1364 1718 tanto

69 1737 132 1771 est
151 1736 280 1772 minus
299 1747 448 1782 secura,
467 1737 559 1783 quia
576 1737 691 1774 habet
710 1738 839 1785 plures
860 1738 1117 1776 insidiatores,
1140 1739 1215 1774 Nec
1241 1737 1364 1772 solum

75 1787 115 1823 in
139 1788 240 1824 bona
264 1788 420 1826 fortuna
451 1794 540 1825 sunt
571 1790 683 1826 utiles
711 1791 838 1835 amici,
866 1791 933 1827 sed
966 1791 1082 1827 etiam
1108 1791 1147 1826 in
1172 1791 1366 1826 contraria

76 1840 169 1887 quia
189 1841 228 1876 in
247 1846 476 1889 paupertate
498 1842 676 1879 homines
708 1843 928 1879 existimant
955 1844 1100 1879 amicos
1120 1854 1202 1879 esse
1234 1844 1364 1889 singu-

69 1891 154 1929 lare
185 1893 390 1940 refugium.
419 1894 479 1930 Sic
503 1905 595 1941 ergo
624 1895 663 1930 in
683 1896 788 1931 omni
812 1895 968 1932 fortuna
994 1896 1108 1931 amici
1128 1900 1216 1932 sunt
1238 1906 1364 1931 neces-

70 1945 178 1981 sax-ii.
209 1946 393 1983 Similiter
429 1950 486 1983 est
512 1947 716 1994 juvenibus
744 1949 960 1984 necessaria
993 1949 1178 1992 amicitia,
1207 1948 1255 1983 ed
1294 1947 1366 1983 hoc

70 1998 179 2044 quod
205 2009 274 2045 per
295 2000 440 2036 amicos
465 2000 718 2037 cohibeantur
741 2011 763 2036 a
782 2005 937 2047 peccato
960 2011 969 2036 :
991 2005 1082 2036 sunt
1106 2002 1208 2036 enim
1236 2012 1364 2037 secun-

75 2050 170 2087 dum
195 2052 342 2098 seipsos
370 2053 481 2099 proni
507 2052 556 2089 ad
580 2054 910 2101 concupiscentias
927 2053 1239 2097 delectationum,
1261 2058 1301 2089 ut
1328 2055 1365 2089 in

76 2103 239 2151 septimo
259 2105 405 2141 dictum
425 2110 494 2141 est.
520 2106 740 2142 Senioribus
767 2110 897 2142 autem
928 2111 1015 2142 sunt
1037 2107 1149 2142 utiles
1174 2107 1289 2143 amici
1317 2107 1365 2143 ad

68 2157 317 2194 serviendum
338 2163 495 2206 propter
515 2157 684 2196 defectus
703 2160 934 2207 corporales,
956 2163 992 2195 et
1012 2160 1105 2206 quia
1124 2159 1306 2196 deficiunt
1326 2161 1364 2197 in

68 2211 155 2245 ¹suis
173 2210 386 2248 actionibus
412 2216 570 2260 propter
589 2212 825 2250 debilitatem
847 2217 936 2249 sunt
955 2213 1010 2249 eis
1029 2214 1235 2250 necessarii
1252 2214 1365 2251 amici

75 2261 125 2300 ad
155 2262 402 2310 adjutorium.
426 2265 504 2301 Illis
531 2269 661 2303 autem
693 2266 758 2313 qui
789 2269 878 2303 sunt
908 2268 947 2302 in
979 2277 1147 2311 summo,
1179 2267 1217 2303 id
1246 2271 1301 2303 est
1328 2267 1364 2302 iu

70 2313 246 2362 perfecta
266 2318 394 2363 aetate,
425 2320 513 2354 sunt
539 2318 653 2356 utiles
679 2319 823 2365 (amica)
857 2319 905 2355 ad
937 2319 1059 2355 bonas
1085 2320 1253 2356 actiones
1283 2330 1362 2356 exe-

68 2365 252 2416 attendas
272 2379 281 2405 :
303 2369 460 2415 quando
485 2369 589 2408 enim
614 2371 690 2408 duo
709 2372 939 2408 conveniunt
958 2376 1045 2408 sunt
1066 2373 1301 2420 potentiores
1328 2378 1364 2409 et
