1554 2569
421 115 502 140 Aur.
526 115 575 139 lv.
597 113 640 139 DE
657 114 824 140 SUBJECTO
843 115 940 139 sums
966 114 1008 139 ET
1031 114 1152 139 omnen
1402 103 1466 139 ¹35

175 185 306 222 dictio.
334 186 484 222 Etenim
507 197 554 223 ex
579 197 656 223 una
676 190 784 234 parte
807 190 986 223 naturam
1012 186 1216 222 brutorum
1244 186 1297 222 ita
1316 185 1469 222 extolle-

177 239 282 284 bant,
304 243 346 275 ut
369 239 551 276 humanae
577 244 726 276 naturae
742 240 832 287 jura
857 240 950 287 ipsis
972 239 1249 284 concederent3
1277 249 1322 275 ex
1350 239 1469 274 altera

175 301 278 337 vero,
296 296 439 328 statuta
451 293 605 340 justitia
621 292 874 339 captivitatis,
892 293 1095 340 mancipiis
1112 292 1375 339 denegabatur
1385 302 1471 338 per-

175 344 377 391 sonalitas,
395 345 468 382 hoc
481 350 539 381 est
558 345 735 382 homines
753 345 1048 394 expoliabantur
1064 345 1304 381 naturalibus
1317 344 1470 391 juribus

175 408 262 444 quae
293 397 414 434 brutis
446 399 727 435 asserebantur.
763 398 867 435 Adde
906 397 1010 446 quod
1045 398 1247 446 justitiam
1281 396 1397 442 (unde
1433 402 1469 433 et

173 450 325 487 romani
350 451 571 498 philosophi
593 452 658 498 jus
684 452 912 497 inferebant)
943 451 1178 488 definiebant
1203 461 1211 486 :
1240 455 1470 490 constantem

174 508 286 551 atque
304 509 527 551 perpetuam
551 505 782 541 voluntatem
805 505 990 541 reddendi
1007 505 1214 551 unicuique
1234 504 1334 551 quod
1361 513 1469 539 suum

174 561 228 594 est
244 568 257 592 .·
277 557 383 604 atqui
409 558 605 595 voluntate
630 557 799 606 gaudent
823 558 999 594 homines
1028 558 1094 605 qui
1117 557 1235 594 libere
1259 557 1469 604 disponunt

174 610 222 645 de
236 611 400 658 propriis
417 611 646 656 actionibus,
665 616 796 648 carent
814 610 925 648 bruta
942 622 1028 658 quae
1046 611 1219 647 sensibus
1231 615 1269 646 et
1286 610 1469 646 instinctu

175 663 451 710 gubernantur,
473 668 509 699 et
530 664 658 711 potius
676 668 844 712 aguntur
864 675 980 712 quam
1000 668 1130 712 agant.
1145 663 1228 700 Non
1246 674 1337 710 ergo
1357 663 1469 699 bruta

174 721 336 763 possunt
347 728 427 753 esse
439 717 610 764 subJ‘ecta
619 717 728 764 juris
748 729 757 763 ;
773 721 810 754 et
827 717 900 754 hoc
917 718 991 753 illis
1006 716 1227 761 concedere,
1246 716 1469 752 hominibus

174 772 305 805 autem
334 770 536 817 mancipiis
559 769 760 817 denegare,
789 774 846 806 est
868 770 1027 806 omnino
1052 769 1240 817 implicari
1267 767 1469 804 manifesta

173 821 492 868 contradictione,
510 827 548 859 et
567 827 724 859 naturas
738 833 867 859 rerum
880 826 1107 871 pervertere.
1125 822 1218 858 Hinc
1232 822 1376 857 mirum
1393 832 1470 856 non

172 878 231 910 est
247 875 279 910 si
298 875 357 911 vel
378 874 574 912 nonnullis
601 886 647 912 ex
667 875 909 923 philosophis
936 876 1027 924 ipsis
1058 874 1263 923 gentilibus
1297 874 1470 910 doctrina

118 964 125 969 ,
173 927 221 964 de
248 927 400 975 J'uribus
427 928 631 964 brutorum
656 929 736 964 visa
762 928 877 965 fuerit
902 928 1082 965 absurda.
1111 941 1128 962 «
1153 929 1235 970 Quo
1258 927 1390 972 modo,
1418 928 1469 962 in-

173 980 257 1026 quit
276 979 378 1017 idem
392 980 550 1027 Tullius,
568 980 773 1017 hominum
788 982 888 1017 inter
901 981 1078 1017 homines
1090 982 1201 1028 juris
1217 991 1294 1017 esse
1315 980 1470 1017 vincula

172 1037 324 1081 putant,
342 1034 396 1070 sic
414 1033 564 1070 homini
581 1033 687 1070 nihil
697 1033 807 1081 juris
821 1045 896 1071 esse
910 1045 992 1070 cum
1008 1033 1149 1070 bestiis.
1168 1034 1353 1070 Praeclare
1367 1033 1470 1069 enim

172 1086 419 1135 Chrysippus,
456 1091 582 1124 cetera
610 1091 702 1124 nata
732 1098 812 1124 esse
844 1087 1048 1123 hominum
1076 1097 1192 1123 causa
1223 1091 1260 1123 et
1295 1086 1469 1130 deorum,

171 1149 237 1174 eos
255 1144 384 1176 autem
398 1141 689 1176 communitatis
703 1144 741 1176 et
754 1140 948 1177 societatis
962 1150 1065 1185 suae3
1084 1144 1127 1176 ut
1143 1140 1275 1176 bestiis
1295 1139 1471 1175 homines

171 1192 229 1227 uti
250 1191 298 1228 ad
315 1192 522 1229 utilitatem
542 1203 652 1229 suam
673 1193 822 1240 possint
842 1194 923 1230 sine
949 1193 1104 1240 injuria.
1130 1207 1146 1226 ι
1173 1213 1219 1219 —
1238 1193 1293 1229 De
1311 1191 1468 1240 sinibus,

172 1245 238 1280 lib.
260 1244 326 1290 111,
347 1256 430 1292 cap.
453 1245 526 1281 XX.
547 1265 594 1272 —-
613 1246 725 1282 Recte
745 1245 1018 1282 animadvertit
1041 1246 1214 1282 Rosmini
1238 1244 1341 1291 quod
1365 1256 1470 1281 error

172 1296 406 1334 concedendi
442 1298 532 1345 jura
570 1298 693 1334 brutis
729 1298 831 1345 apud
865 1298 1032 1334 Gentiles
1062 1299 1311 1346 proveniebat
1349 1308 1395 1333 ex
1425 1308 1468 1333 eo

171 1349 276 1396 quod
303 1350 469 1386 nimium
497 1350 745 1387 sensualitati
779 1349 1078 1397 concedebatur3
1101 1355 1139 1387 et
1168 1361 1274 1387 error
1302 1349 1467 1397 negandi

170 1403 257 1449 jura
290 1403 493 1450 mancipiis
529 1404 777 1451 proveniebat
808 1415 854 1440 ex
890 1414 933 1441 eo
958 1403 1062 1451 quod
1092 1404 1258 1440 nimium
1288 1403 1468 1440 concede-

171 1456 287 1493 batur
302 1456 517 1493 socialitati.
543 1456 712 1494 Societas
733 1457 933 1505 tyrannica
956 1461 1037 1493 erat
1065 1458 1163 1493 sicut
1190 1457 1308 1493 homo
1334 1455 1468 1492 indivi-

171 1508 292 1555 duus;
320 1513 401 1545 erat
433 1510 628 1557 egoistica.
664 1509 770 1546 Unde
805 1510 1021 1557 subjectum
1058 1509 1301 1546 individuum
1339 1510 1470 1545 omnia

170 1562 243 1598 sibi
279 1562 483 1605 tribuebat,
530 1567 568 1600 et
609 1564 771 1600 societas
809 1575 855 1601 ex
895 1562 1104 1600 individuis
1152 1563 1342 1600 resultans
1386 1564 1469 1610 pari

171 1616 320 1652 ratione
345 1615 394 1653 ad
429 1627 467 1652 se
503 1617 635 1653 omnia
663 1616 880 1653 ordinabat.
915 1616 1202 1663 Consequenter
1230 1621 1370 1653 natura
1402 1616 1469 1652 hu-

172 1679 288 1705 mana
314 1668 412 1705 nihil
431 1673 513 1706 erat
536 1669 724 1716 objective
741 1669 997 1707 considerata.
1023 1670 1306 1706 Absolutismus
1337 1671 1468 1706 omnia

170 1721 444 1758 dominabatur
494 1722 694 1770 (Filosofta
737 1723 797 1759 del
839 1723 990 1768 diruto,
1036 1731 1155 1759 BELLA
1200 1732 1350 1759 NATURA
1397 1731 1468 1759 DEL

172 1782 334 1819 DIRIT'ro,
366 1774 451 1811 Lib.
487 1775 608 1821 unic„
636 1775 726 1823 Cap.
747 1776 793 1813 11.
809 1776 925 1812 Artic.
947 1776 994 1812 ΙΙ.
1017 1776 1057 1811 in
1076 1778 1197 1819 nota).
1218 1796 1264 1802 —
1288 1776 1465 1812 Doctrina

171 1826 380 1863 christiana
399 1828 549 1863 obstitit
568 1828 793 1875 huJusmodi
820 1829 896 1865 sive
919 1829 1077 1876 privatis
1103 1830 1180 1865 sive
1207 1829 1369 1876 publicis
1392 1830 1467 1865 exi-

170 1879 327 1916 tialibus
347 1880 667 1927 absurditatibus,
694 1881 871 1929 negando
891 1881 1015 1917 brutis
1033 1882 1133 1928 juris
1155 1881 1399 1928 dignitatem,
1430 1887 1468 1918 et

168 1932 375 1979 Juridicam
396 1933 710 1980 personalitatem
731 1934 910 1971 omnibus
935 1933 1116 1970 humanis
1146 1934 1352 1970 individuis
1381 1945 1466 1971 con-

171 1984 354 2022 cedendo.
386 1985 458 2022 Sed
490 1985 605 2023 hodie
634 1986 916 2035 impugnantur
940 1997 963 2024 a
988 1986 1254 2023 rationalismo
1279 1988 1468 2035 principia

170 2038 401 2085 christiana3
429 2038 515 2076 ideo
539 2039 750 2076 relabimur
775 2039 813 2076 in
840 2038 995 2076 eosdem
1021 2040 1247 2088 gentilitatis
1272 2050 1420 2076 errores
1456 2052 1465 2072 τ

168 2090 257 2136 jura
290 2101 429 2139 nempe
458 2092 590 2128 bestiis
627 2091 903 2137 conceduntur,
939 2097 976 2129 et
1010 2093 1264 2140 personalitas
1296 2092 1466 2130 humana

171 2143 419 2180 conculcatur
439 2155 506 2192 per
526 2144 770 2192 tyrannidem
789 2145 1027 2183 socialitatis.

219 2196 280 2232 IV.
306 2196 412 2233 NOTA
440 2197 486 2234 ΙΙ.
516 2197 689 2235 Solvitur
709 2198 888 2244 objectio.
921 2197 1134 2235 Crudeliter
1156 2209 1268 2246 agere
1285 2200 1323 2234 in
1353 2199 1464 2234 bruta

171 2252 372 2296 peccatum
395 2260 474 2287 esse
497 2251 713 2287 communis
734 2255 790 2286 est
810 2251 1001 2288 sententia
1022 2252 1139 2287 etiam
1170 2251 1462 2288 catholicorum.

172 2300 246 2337 Sed
282 2306 480 2350 peccatum
512 2304 662 2340 nullum
695 2308 806 2349 esset,
840 2304 906 2341 ubi
937 2315 1015 2341 non
1039 2310 1275 2352 ponerentur
1306 2306 1343 2341 in
1373 2315 1461 2343 casu

170 2353 262 2391 laesa
276 2354 367 2401 jura
386 2355 604 2395 brutorum.
626 2357 753 2396 Brutis
775 2368 864 2407 ergo
886 2357 1016 2395 insunt
1033 2358 1129 2397 iura
