1554 2569
195 122 275 147 AM.
298 122 352 146 111.
371 121 414 147 DE
434 122 479 146 HS
496 122 574 151 QuAE
591 121 870 150 CONSEQtJ—{JNTUR
894 122 1005 147 Actus
1024 120 1208 154 nummos,
1230 120 1306 145 E'rc.
1340 110 1384 144 79

145 193 192 226 11.
209 192 390 228 Actiones
409 192 587 228 humanae
604 192 749 228 hahent
761 193 952 227 rationem
965 192 1214 227 rectitudinis
1223 191 1286 226 vel
1300 200 1385 235 pec-
1435 231 1439 236 ,

99 245 190 280 cati.
212 245 251 279 ln
273 248 510 281 antecessum
529 247 590 290 (ne
609 245 754 280 inutilis
771 244 853 280 haec
873 244 1086 292 propositio
1104 244 1279 279 videatur
1298 247 1386 289 post
1434 276 1436 278 ,

99 307 144 332 ea
163 306 248 342 quoe
269 296 370 332 dicta
397 302 485 332 sunt
502 296 548 332 de
569 298 739 333 bonitate
762 298 817 332 vel
847 296 996 332 malitia
1018 301 1173 332 actuum
1199 295 1385 331 humano·
1436 304 1438 307 ·

99 350 200 393 rum)
228 354 320 385 nota
345 349 449 396 quod
472 355 668 396 peccatum
689 361 727 385 se
748 349 863 385 habet
886 348 933 384 ad
958 348 1100 384 malum
1121 349 1218 384 sicut
1242 347 1385 394 species

99 400 147 436 ad
168 412 286 448 genus
309 412 318 436 τ
343 402 524 448 quaelibet
547 402 647 437 enim
666 402 840 449 privatio
863 402 952 437 boni
980 399 1017 436 in
1039 410 1283 447 quocumque
1298 399 1385 435 sub-
1440 408 1442 410 ’

94 454 196 500 Jecto
217 455 416 489 constituit
433 455 621 490 rationem
650 455 765 499 mali3
788 453 852 490 sed
873 458 1071 501 peccatum
1099 458 1155 488 est
1176 457 1297 497 actus,
1320 452 1384 498 qui

99 507 227 553 agitur
240 511 397 553 propter
415 507 582 554 aliquem
603 508 734 551 finem,
753 517 883 543 carens
904 506 1032 543 debito
1048 506 1181 541 ordine
1199 505 1246 540 ad
1268 506 1384 540 finem

100 559 240 605 ipsum.
259 579 303 584 -
328 559 516 595 Probatur
536 560 761 607 propositio.
788 560 902 595 Actus
924 558 1084 594 humani
1102 563 1191 593 sunt
1216 558 1306 593 boni
1328 557 1385 591 vel

98 610 190 646 mali
207 612 405 647 moraliter
420 612 631 648 secundum
651 612 755 658 quod
775 612 1003 648 ordinantur
1019 612 1058 647 in
1075 612 1192 647 finem
1212 610 1385 645 debitum

97 664 156 699 vel
177 663 391 700 indebitum
413 664 623 701 secundum
643 669 787 701 rectam
807 665 995 700 rationem
1017 665 1066 709 (9,
1095 664 1169 708 IV).
1194 663 1321 709 Atqui,
1345 666 1385 697 ut

99 727 144 751 ex
165 718 443 763 proenotamine
464 722 581 764 patet,
603 718 700 753 ratio
721 718 905 753 bonitatis
921 717 980 753 vel
1003 717 1161 752 malitioe
1183 716 1220 750 in
1238 715 1387 751 acthus

99 779 145 804 ex
166 768 298 804 ordine
317 769 364 805 ad
384 771 499 805 finem
522 769 694 806 debitum
711 771 770 806 vel
786 770 1001 806 indebitum
1017 768 1227 805 secundum
1243 771 1386 803 rectam

99 821 302 865 rationem,
330 826 386 858 est
406 823 489 869 ipsa
505 823 693 858 rectitudo
714 823 773 859 vel
791 824 918 870 ipsum
938 826 1137 870 peceatum
1159 822 1196 856 in
1223 821 1384 865 actibus,

100 873 198 919 Ergo
214 874 384 910 actiones
401 874 582 910 humanae
600 875 743 911 habent
760 876 950 911 rationem
971 874 1212 911 rectitudinis
1232 873 1290 909 vel
1305 883 1386 920 pec-

100 926 245 961 cati.—
264 926 342 969 1-11‚
365 927 435 968 Qu.
454 927 545 971 XXI,
567 928 645 963 Art.
671 928 698 963 I.

147 979 210 1014 ΙΙΙ.
228 979 409 1015 Actiones
428 979 605 1016 humanae
624 980 709 1025 jure
728 980 885 1024 homini,
904 980 1012 1025 cujus
1032 980 1110 1015 illae
1147 982 1249 1022 sunt,
1267 979 1388 1022 impu-

100 1033 250 1066 tantur.
275 1030 406 1067 Sermo
428 1036 485 1067 est
503 1032 692 1068 exclusive
709 1031 755 1067 de
772 1032 988 1067 actionibus
1007 1030 1187 1066 humanis
1206 1033 1255 1075 (2,
1277 1031 1319 1074 1).
1343 1050 1387 1055 —

100 1082 302 1118 Probatur.
322 1084 426 1119 Tune
443 1087 549 1119 actus
570 1084 785 1131 imputatur
804 1084 946 1130 agenti,
960 1082 1113 1130 quando
1131 1087 1187 1118 est
1206 1082 1243 1117 in
1264 1086 1387 1129 potes-

101 1138 179 1170 tate
200 1135 319 1182 ipsius
345 1136 398 1171 ita
424 1136 526 1182 quod
547 1136 687 1172 habeat
707 1135 923 1172 dominium
943 1136 1002 1171 sui
1028 1140 1147 1171 actus.
1175 1135 1261 1170 llaec
1285 1134 1387 1170 enim

102 1191 159 1222 est
176 1187 258 1233 ipsa
279 1187 588 1234 imputabilitatis
619 1189 790 1224 definitio
814 1188 1072 1224 communiter
1089 1193 1252 1234 recepta.
1275 1186 1387 1233 Atqui

102 1240 277 1274 omnium
287 1240 481 1276 actionum
493 1241 764 1287 humanarum,
775 1245 907 1288 utpote
917 1251 1002 1287 quae
1011 1239 1222 1287 procedunt
1231 1239 1385 1275 avolun-

103 1295 179 1327 tate
201 1291 497 1338 deliberata,seu
519 1305 539 1329 a
558 1294 748 1339 libertate,
764 1294 880 1329 homo
902 1293 1017 1329 habet
1037 1292 1246 1340 perfeetum
1265 1291 1389 1327 domi-

100 1344 223 1389 nium,
242 1348 284 1380 ut
302 1356 349 1381 ex
369 1347 541 1385 terminis
558 1351 693 1382 notum
715 1351 782 1382 est.
799 1347 896 1393 Ergo
912 1346 1092 1389 actioneS,
1112 1345 1385 1391 humanaejure

102 1395 264 1442 homini,
277 1398 385 1444 cujus
406 1398 481 1434 illoe
493 1399 760 1434 suntaetiones
779 1399 1032 1445 imputantur.
1047 1396 1383 1433 —Ibid.Artie.11.

149 1449 210 1484 IV.
235 1449 498 1486 corollarium.
528 1451 632 1487 Sicut
658 1456 856 1498 peccatum
883 1455 939 1486 est
962 1450 1104 1497 species
1124 1449 1215 1484 mali
1241 1449 1385 1494 (Supra

103 1511 140 1536 u.
159 1501 220 1546 II),
240 1501 293 1537 ita
309 1502 422 1550 culpa
441 1508 497 1538 est
517 1503 660 1550 species
686 1503 830 1551 peccati
855 1514 862 1538 :
884 1507 973 1538 tunc
995 1502 1098 1537 enim
1119 1506 1226 1537 actus
1247 1501 1387 1537 dicitur

102 1553 302 1600 culpabilis
314 1555 372 1591 vel
386 1555 602 1601 laudabilis,
621 1556 774 1603 quando
790 1555 974 1592 rectitudo
994 1555 1052 1591 vel
1067 1559 1264 1601 peccatum
1281 1559 1387 1589 actus

102 1607 343 1653 imputantur
362 1609 503 1655 agenti.
524 1609 619 1644 Cum
638 1620 726 1656 ergo
745 1614 850 1645 actus
868 1608 1042 1652 humani,
1056 1612 1093 1643 et
1112 1610 1389 1652 consequenter

103 1659 255 1695 bonitas
282 1660 340 1696 vel
360 1661 510 1698 malitia
529 1672 662 1698 eorum
688 1663 927 1709 imputentur
951 1660 1102 1708 agenti;
1127 1660 1301 1705 sequitur
1325 1669 1388 1694 ne-

103 1712 265 1748 cessario
284 1712 387 1759 quod
408 1718 514 1750 aetus
544 1714 703 1750 humani
731 1715 806 1749 sint
826 1713 1037 1749 laudabiles
1061 1712 1119 1749 vel
1146 1711 1355 1758 culpabiles
1377 1722 1387 1746 :

102 1775 169 1799 seu
195 1765 296 1811 quod
319 1765 436 1802 homo
463 1777 631 1814 persnas
652 1767 821 1803 actiones
841 1766 1031 1802 humanas
1044 1765 1215 1801 incurrat
1234 1763 1388 1800 laudem

101 1816 160 1852 vel
176 1817 422 1864 vituperium.
443 1839 488 1844 —-
506 1819 607 1854 Ibicl.

150 1869 319 1905 V.NOTA.
331 1870 463 1915 Opinio
480 1871 744 1907 Puffendorfii.
758 1871 910 1906 Putavit
928 1868 1290 1913 Puffendorfius,De
1299 1868 1390 1914 jure

102 1927 254 1958 naturae
270 1927 302 1958 et
320 1925 489 1969 gentium
511 1924 591 1959 Lib.
614 1924 642 1960 I.
663 1924 753 1970 Cap.
774 1924 815 1958 V.
834 1925 866 1968 ἓ.
894 1923 952 1958 lv.
976 1933 1090 1969 quem
1111 1921 1284 1966 sequitur
1301 1921 1390 1955 Her-

102 1975 179 2010 tius
196 1975 234 2010 in
255 1976 518 2012 notationibus
537 1977 576 2011 in
603 1976 730 2012 locum
751 1976 924 2020 citatum,
945 1975 981 2010 in
1004 1974 1075 2010 hac
1091 1973 1389 2020 imputabilitate

104 2027 310 2064 consistere
345 2029 603 2064 moralitatem
643 2029 838 2064 actionum
874 2027 1155 2070 humanarum3
1193 2025 1258 2061 sed
1289 2030 1391 2061 errat

105 2080 320 2117 manifeste.
341 2081 437 2117 Nam
458 2081 738 2128 imputabilitas
755 2092 832 2116 non
856 2080 1057 2116 constituit
1074 2078 1138 2114 sed
1157 2079 1285 2125 potius
1303 2089 1389 2114 con-

106 2133 280 2178 sequitur
304 2135 578 2179 moralitatem‚
604 2139 646 2170 ut
663 2145 708 2170 ex
727 2133 868 2169 tradita
887 2132 1059 2180 ejusdem
1078 2131 1391 2178 imputabilitatis

103 2185 261 2222 notione
278 2187 522 2234 perspicuum
544 2191 612 2222 est.

153 2237 214 2273 VI.
231 2239 341 2276 Ratio
359 2240 490 2276 meriti
503 2243 542 2276 et
558 2240 748 2276 demeriti.
765 2238 941 2274 Meritum
960 2237 1020 2274 vel
1034 2237 1264 2273 demeritum
1283 2247 1392 2283 gene-

106 2290 220 2325 ratim
229 2296 426 2339 sumptum
439 2297 494 2328 est
508 2293 600 2328 ordo
612 2293 663 2328 ad
674 2290 1169 2327 retributionemsecundum
1175 2289 1387 2336 justitiam.

105 2341 220 2389 Atqui
246 2344 448 2381 retributio
481 2345 691 2382 secundum
715 2345 907 2389 justitiam
937 2345 980 2379 fit
1006 2343 1118 2378 alicui
1145 2352 1191 2377 ex
1217 2352 1260 2377 eo
1287 2341 1390 2389 quod
