1584 2569
185 116 252 150 2741
267 126 324 149 ies
339 126 503 150 xffirunAE.
517 126 585 151 Lm.
603 126 641 150 11.
660 125 734 149 car.
750 125 799 149 111.
819 125 862 149 ns
877 124 1151 149 soctsmmfflv.
1167 124 1201 149 ix
1215 124 1296 149 om).
1309 124 1465 150 suman

186 197 425 242 generalibus
454 208 569 244 supra
599 197 764 232 traditis.
791 217 836 221 —-
868 196 999 231 Relate
1028 206 1116 231 vero
1153 195 1202 231 ad
1240 195 1466 242 principium

184 249 469 294 extradnionis,
503 260 614 285 nemo
643 260 719 284 non
748 248 849 284 videt
877 248 975 284 hanc
1006 259 1074 296 per
1105 259 1144 284 se
1176 258 1399 284 concurrere
1421 248 1467 284 ad

185 303 479 349 prosperitatem
501 305 535 338 et
557 312 689 350 pacem
709 301 916 346 societatis,
938 301 1029 348 quia
1053 311 1120 348 per
1140 311 1178 336 se
1202 300 1401 336 ordinatur
1422 300 1467 336 ad

186 354 432 390 auferendam
451 355 586 391 delicto
606 354 896 402 impunitatem.

232 408 275 444 V.
298 409 347 444 De
363 408 626 444 contractibus
646 408 771 452 quoad
786 407 951 443 tutelam
969 407 1015 443 ab
1033 407 1204 443 externis
1220 407 1401 442 inimicis.
1417 407 1469 442 Ex

187 461 311 497 officio
335 472 414 496 sese
444 460 692 497 conservandi
726 460 896 496 nascitur
924 461 963 495 in
992 459 1147 495 homine
1185 459 1379 495 individuo
1408 458 1470 505 jus

187 524 225 550 se
244 513 469 550 defendendi
498 514 544 550 ab
567 513 707 560 injusto
739 513 913 549 invasore
942 514 1014 558 (35,
1048 513 1136 557 VII).
1168 512 1242 547 lloc
1267 511 1327 559 jus
1348 511 1468 547 multo

187 567 310 613 magis
332 568 514 614 competit
537 567 722 603 societati.
748 566 820 602 Sed
844 565 980 601 accidit
1001 575 1078 600 non
1098 575 1187 600 raro
1211 567 1252 599 ut
1279 575 1299 599 a
1324 564 1471 600 fortiori

188 623 424 666 praepotente
440 623 636 666 quaeralur
654 618 852 666 oppressio
893 616 1088 653 debilioris
1129 629 1138 662 3
1159 627 1234 664 quo
1256 617 1294 652 in
1308 627 1396 652 casu
1417 627 1472 652 so-

189 673 306 707 cietas
322 672 408 718 jure
441 683 509 707 suo
538 672 659 707 utitur
693 672 722 707 si
750 671 908 707 alterius
942 669 1136 706 societatis
1163 670 1343 717 deposcat
1370 669 1473 704 auxi·

189 724 298 768 lium,
313 725 506 760 utviribus
525 725 657 769 unitis,
671 724 848 760 resistere
866 723 989 759 valeat
1007 723 1148 769 injusto
1165 722 1343 758 invasori.
1359 723 1472 757 Justae

190 788 281 823 ergo
299 781 386 812 sunt
408 777 565 813 sociales
587 777 865 814 saederationes.
887 777 931 810 Et
949 777 1039 823 quia
1059 778 1256 811 contractu
1279 774 1473 811 mediante

190 828 237 865 ad
261 828 297 863 id
310 839 390 865 sese
403 829 574 876 obligant
587 829 798 872 societates,
819 829 866 864 ad
884 831 1032 864 tantum
1052 827 1281 863 servandum
1299 830 1474 862 tenentur

191 882 238 917 ad
255 884 443 928 quantum
462 893 542 918 sese
555 882 787 929 obligarunt,
801 882 876 917 sive
889 881 1018 927 quoad
1034 890 1231 927 personas,
1251 880 1327 914 sive
1345 878 1473 925 quoad

192 935 267 970 alia
287 934 504 970 materialia
526 935 666 972 media.

238 988 298 1023 VI.
327 988 506 1032 Quaestio.
535 987 606 1024 Sed
634 988 694 1024 hic
714 987 876 1026 occurrit
893 987 1053 1034 quaestio
1083 986 1125 1022 de
1151 996 1226 1021 non
1255 985 1475 1029 interventu,

192 1040 296 1077 nullo
343 1040 458 1076 modo
496 1040 763 1087 praetereunda
802 1039 966 1076 silentio.
1005 1041 1070 1074 Est
1105 1038 1207 1075 enim
1246 1037 1476 1084 principium

191 1093 301 1138 illud,
325 1098 365 1128 ut
384 1093 524 1129 dicitur
553 1094 587 1129 in
609 1093 847 1130 Allocutione
868 1092 998 1128 habita
1018 1092 1055 1126 in
1077 1090 1309 1127 Consistorio
1334 1093 1477 1126 secreto

194 1146 254 1182 die
273 1147 317 1181 28
350 1147 583 1193 Septembris
608 1148 695 1182 1800
722 1157 743 1182 a
771 1147 832 1183 SS.
860 1146 904 1180 D.
931 1145 974 1181 N.
1004 1145 1070 1180 Pio
1100 1145 1204 1190 Papa
1228 1143 1287 1187 IX,
1311 1157 1328 1176 ι
1353 1154 1375 1179 a
1396 1143 1478 1189 qui-

193 1199 356 1234 busdam
389 1200 585 1235 Guberniis
620 1199 725 1235 haud
752 1199 805 1234 ita
844 1198 1007 1246 pridem,
1041 1197 1177 1234 ceteris
1210 1196 1477 1238 tolerantibus,

192 1253 486 1299 proclamatum,
511 1255 545 1287 et
568 1252 785 1288 adhibitum
815 1252 933 1287 etiam
959 1261 1046 1286 cum
1079 1249 1124 1286 de
1144 1249 1287 1295 injusta
1317 1247 1479 1293 alicujus

195 1304 373 1340 Gubernii
393 1310 525 1340 contra
538 1305 642 1341 aliud
655 1304 897 1351 aggressione
911 1307 1047 1350 agatur
1068 1313 1074 1337 :
1091 1302 1143 1338 ita
1163 1304 1204 1337 ut
1222 1301 1400 1347 quaedam
1422 1310 1477 1335 vc-

192 1357 262 1391 luti
276 1357 487 1404 impunitas
506 1368 548 1393 ac
569 1358 722 1393 licentia
742 1355 951 1404 impetendi
965 1366 1007 1391 ac
1023 1353 1226 1401 diripiendi
1246 1352 1477 1398 alienajura‚

194 1411 447 1456 proprietates
474 1421 517 1445 ac
544 1410 705 1445 ditiones
732 1410 848 1456 ipsas,
877 1410 1011 1443 contra
1038 1408 1185 1443 divinas
1212 1406 1479 1451 humanasque

193 1462 308 1509 leges,
332 1463 471 1498 sanciri
488 1463 674 1499 videatur.
700 1477 715 1495 ›
734 1463 855 1510 Igitur
872 1461 1102 1507 principium
1119 1459 1476 1496 demon-interventu

195 1520 252 1551 est
279 1516 430 1562 negatio
448 1516 545 1562 juris
565 1515 711 1552 ferendi
737 1525 850 1562 opem
877 1514 1037 1558 nationi,
1068 1514 1144 1549 sive
1165 1523 1251 1548 cum
1273 1511 1474 1547 dissensio-

195 1579 261 1604 nes
296 1569 456 1604 internae
489 1569 715 1605 exoriuntur
747 1569 843 1603 inter
877 1566 1064 1614 populum
1084 1570 1120 1601 et
1152 1565 1379 1612 principem,
1402 1563 1476 1598 sive

195 1631 284 1656 cum
307 1622 434 1667 agitur
466 1622 511 1657 de
539 1621 782 1667 aggressione
811 1620 923 1655 unius
949 1619 1115 1654 nationis
1148 1618 1195 1654 ab
1225 1618 1312 1653 alia.
1334 1615 1478 1652 Princi-

196 1674 302 1720 pium
324 1674 369 1709 de
388 1674 688 1710 non-interventu
703 1676 819 1709 estne
841 1671 1122 1708 admittendum
1137 1671 1155 1706 ⁵?
1172 1669 1397 1717 Respondeo
1422 1680 1429 1703 t

243 1728 320 1763 VII.
338 1729 570 1773 Principium
584 1728 683 1772 quod
699 1730 841 1763 vocant
859 1727 903 1762 de
920 1735 1234 1761 NON<1NTEltvENTU
1255 1733 1379 1769 neque
1395 1731 1478 1768 pro·

196 1781 375 1825 clamare,
396 1791 521 1826 neque
541 1781 746 1817 ohservare
763 1781 868 1816 licet.
887 1778 989 1815 Unde
1006 1779 1042 1813 in
1066 1777 1215 1824 Syllabo
1238 1777 1291 1812 Pii
1313 1778 1422 1822 Papae
1436 1774 1480 1809 IX

197 1835 334 1868 merito
365 1835 614 1880 proscribitur
636 1833 847 1880 propositIO
876 1832 996 1868 LXII:
1027 1844 1043 1863 ‹
1074 1829 1397 1866 Proclamandum
1424 1832 1481 1863 est

199 1891 234 1921 et
248 1886 525 1922 observandum
545 1887 775 1933 principium
790 1885 1037 1932 quodvocant
1060 1883 1104 1919 dc
1125 1883 1442 1918 non-interventu.
1464 1894 1479 1911 ›

198 1959 242 1966 —-
264 1940 452 1975 Probatur
463 1939 590 1976 thesis.
612 1940 780 1976 Societas
796 1938 859 1984 jus
876 1938 992 1974 habet
1014 1935 1264 1972 conservandi
1287 1934 1480 1981 propriam

201 1992 327 2035 vitam,
348 1992 421 2028 hoc
440 1995 496 2028 est
516 1993 714 2040 propriam
734 1991 1075 2038 independentiam
1097 1992 1131 2024 et
1151 1988 1368 2024 libertatem
1387 1987 1482 2022 sicut

199 2049 237 2081 et
267 2044 384 2081 homo
416 2045 649 2089 individuus,
678 2046 756 2080 imo
791 2044 914 2090 magis
947 2053 1065 2090 quam
1099 2041 1182 2077 iste.
1213 2040 1328 2087 Atqui
1363 2039 1480 2074 homo

203 2097 420 2133 individuus
437 2098 485 2133 ad
506 2097 808 2134 conservandam
824 2097 1021 2144 propriam
1042 2095 1160 2130 vitam
1186 2093 1248 2140 jus
1268 2092 1382 2128 habet
1401 2102 1480 2127 sese

203 2150 429 2186 defendendi
451 2151 497 2186 ab
527 2151 670 2197 injusto
700 2152 886 2186 invasore.
912 2151 1009 2195 Ergo
1039 2152 1075 2184 et
1106 2147 1177 2182 hoc
1196 2146 1257 2192 jus
1284 2155 1305 2181 a
1335 2144 1482 2180 fortiori

201 2203 385 2250 competit
418 2204 602 2239 societati.
634 2206 697 2239 Jus
733 2206 862 2240 autem
900 2212 980 2237 sese
1016 2198 1246 2236 defendendi
1269 2208 1397 2234 secum
1412 2196 1483 2232 fert

198 2257 260 2302 jus
281 2255 433 2303 petendi
455 2261 490 2292 et
514 2257 736 2304 acceptandi
757 2255 900 2292 auxilia
921 2254 967 2290 ab
983 2254 1091 2297 aliis·,
1117 2262 1200 2298 quae
1222 2251 1377 2299 quidem
1396 2249 1484 2296 quia

200 2309 277 2354 J'uri
296 2309 408 2344 unius
432 2309 666 2357 respondent
694 2312 828 2345 contra
857 2307 1083 2354 injustitiam
1115 2304 1283 2348 alterius,
1312 2306 1399 2338 sunt
1421 2313 1486 2348 per

203 2371 243 2397 se
266 2361 368 2398 licita
400 2367 436 2398 et
467 2362 641 2398 honesta.
676 2363 772 2399 Erec
803 2372 823 2396 a
846 2360 993 2396 fortiori
1026 2359 1187 2394 societas
1221 2357 1303 2403 ipsa
1335 2354 1382 2391 ab
1411 2354 1483 2390 alia
