1554 2569
111 158 155 191 95
209 166 350 191 mmm.
371 166 442 192 mn.
465 167 504 191 n.
521 166 597 192 cn.
618 166 659 191 11.
680 166 724 190 nn
749 165 895 191 Annuus
915 165 1074 191 nummis
1100 165 1137 190 m
1159 164 1303 196 onnmn,
1323 164 1401 189 mc.

113 237 265 274 trahens
288 238 326 273 in
353 238 482 285 ipsum
503 238 698 285 objectum
728 237 917 284 passionis
945 235 1266 283 concupiscibilis,
1286 235 1404 271 modo

110 291 298 338 explicato
315 290 355 326 in
374 301 536 327 numero
562 289 807 337 praecedenti.
831 289 931 336 Ergo
958 289 1005 326 de
1027 289 1177 325 ratione
1203 289 1403 336 concupis-

110 344 245 380 centiae
269 348 327 380 est
346 347 389 379 ut
414 343 539 391 magis
561 343 718 380 inclinet
743 341 995 387 voluntatem,
1023 352 1090 378 seu
1122 341 1258 377 reddat
1283 341 1404 377 inten-

108 396 249 433 siorem
284 400 413 432 actum
449 396 571 443 ipsius
595 395 820 439 voluntatis,
856 405 924 431 seu
963 395 1090 442 ipsum
1127 394 1403 430 voluntarium.

108 448 218 490 Quod
247 452 378 484 autem
408 453 465 484 est
500 447 738 495 hujusmodi,
766 451 881 494 auget
906 451 944 483 et
972 447 1078 483 nullo
1111 446 1228 482 modo
1263 446 1405 482 minuit

108 502 235 548 ipsum
278 500 562 546 voluntarium,
597 504 640 537 ut
679 504 784 547 patet
825 511 872 536 ex
906 500 1094 535 terminis,
1131 499 1224 535 Aliis
1264 499 1403 535 verbis.

107 554 254 590 Dicitur
281 553 427 601 aliquid
459 553 720 590 voluntarium
756 563 802 588 ex
847 563 891 588 eo
930 552 1033 599 quod
1073 552 1252 588 voluntas
1294 552 1334 587 in
1366 551 1404 586 id

107 607 240 642 fertur.
270 606 342 642 Per
374 606 728 653 concupiscentiam
760 609 890 641 autem
924 605 1102 641 voluutas
1138 605 1263 652 magis
1301 603 1407 640 incli-

107 664 223 695 natur
249 658 298 695 ad
323 658 529 694 volendum
559 657 597 694 id
618 657 722 704 quod
754 658 947 705 appetitus
976 657 1239 704 concupiscit3
1261 660 1298 693 et
1317 656 1404 692 ideo

107 711 417 759 concupiscentia
444 711 569 758 magis
595 710 685 747 facit
714 709 763 746 ad
792 710 866 746 hoc
888 709 993 756 quod
1021 709 1167 756 aliquid
1197 710 1247 745 sit
1272 709 1405 745 volun·

103 764 263 810 tarium,
290 774 408 810 quam
443 763 548 809 quod
580 764 630 799 sit
668 763 986 799 involuntarium.
1026 781 1072 788 --
1107 762 1195 798 1-11.
1229 761 1300 803 Qu.
1342 761 1404 797 VI.

106 817 220 852 Artic.
242 816 321 851 VII.

156 869 342 905 Probatur
357 869 479 905 altera
498 869 775 916 propositionis
796 879 897 916 pars,
917 868 1062 904 scilicet
1082 866 1186 914 quod
1211 877 1405 913 concupzs-

107 926 231 959 centia
255 922 474 958 antecedens
496 921 638 957 minuit
659 926 692 957 el
717 921 942 968 quandoque
964 920 1126 956 destruit
1152 919 1325 956 liberum.
1344 920 1404 954 Li-

106 976 241 1011 berum
270 975 373 1010 enim
404 979 461 1010 est
491 978 600 1010 actus
629 973 840 1021 procedens
868 984 890 1009 a
920 974 1117 1009 voluntate
1148 983 1217 1020 per
1241 972 1405 1008 rationis

104 1027 294 1075 J'udicium
317 1027 543 1063 deliberata.
571 1027 671 1073 Ergo
692 1030 837 1072 quanto
864 1026 989 1073 magis
1014 1025 1113 1061 ratio
1139 1025 1179 1061 in
1204 1026 1283 1060 suis
1296 1024 1406 1071 judi-

106 1081 174 1117 ciis
194 1084 231 1117 et
246 1080 424 1116 voluntas
444 1080 483 1114 in
510 1080 589 1115 suis
613 1079 866 1115 electionibus
883 1089 929 1114 ex
949 1089 988 1114 se
1007 1082 1129 1125 agunt
1148 1077 1337 1125 expeditae
1357 1077 1404 1113 ab

106 1133 214 1169 omni
240 1132 410 1179 impulsu
434 1132 640 1179 passioniS‚
656 1135 765 1167 tanto
791 1132 915 1178 magis
939 1135 1046 1167 actus
1069 1131 1142 1166 erit
1160 1130 1269 1166 liber.
1291 1131 1405 1176 Atqui

106 1184 416 1232 concupiscentia
461 1188 545 1220 tum
587 1184 793 1229 subjective
838 1188 921 1218 tum
963 1183 1150 1230 objective
1193 1181 1321 1217 influit
1367 1182 1405 1218 in

107 1239 269 1274 rationis
288 1236 480 1283 Judicium
504 1241 541 1272 et
573 1237 612 1272 in
640 1240 771 1272 actum
796 1236 1022 1281 voluntatis,
1042 1240 1084 1271 ut
1113 1246 1151 1271 n.
1183 1235 1230 1270 lV
1256 1245 1405 1282 praeno-

109 1295 233 1326 tatum
253 1294 322 1326 est.
348 1289 447 1336 Ergo
468 1289 779 1335 concupiscentia
804 1287 1033 1324 antecedens
1057 1288 1201 1324 minuit
1221 1287 1401 1325 liberum.

107 1364 150 1370 --
169 1343 256 1379 Haec
275 1346 406 1378 autem
430 1341 637 1377 diminutio
660 1341 848 1377 libertatis
865 1351 912 1377 ex
934 1341 1244 1388 concupiscentia
1261 1340 1402 1388 gradus

108 1395 294 1439 admittit,
312 1398 351 1430 et
381 1394 509 1441 major
532 1394 591 1430 vel
624 1394 754 1429 minor
783 1398 841 1429 est
861 1392 1073 1429 secundum
1106 1392 1211 1440 quod
1240 1393 1338 1428 ratio
1365 1399 1399 1428 et

105 1448 282 1485 voluntas
311 1447 499 1483 intensius
528 1446 586 1482 vel
611 1446 809 1483 remissius
842 1446 1132 1493 praeveniuntur
1159 1456 1182 1481 a
1208 1446 1402 1493 passione,

107 1505 146 1537 et
168 1500 393 1536 deliberatio
425 1499 587 1536 rationis
610 1499 734 1546 magis
764 1498 823 1535 vel
856 1499 986 1534 minus
1014 1498 1240 1545 impeditur.
1270 1498 1404 1534 Conse-

107 1556 269 1599 quenter
299 1553 331 1587 si
351 1552 477 1599 passio
507 1550 735 1587 antecedens
762 1555 871 1587 tanta
902 1551 965 1596 sit,
987 1555 1030 1586 ut
1056 1551 1227 1586 totaliter
1258 1550 1406 1586 auferat

108 1615 221 1640 usum
249 1605 422 1646 rationis,
453 1604 552 1639 sicut
583 1607 640 1639 est
675 1604 714 1639 in
744 1603 805 1639 his
839 1603 905 1649 qui
937 1606 1096 1650 propter
1129 1613 1317 1648 amorem,
1347 1603 1407 1638 vel

110 1656 295 1701 dolorem,
314 1655 371 1692 vel
406 1656 503 1691 iram
539 1655 749 1699 insaniunt,
780 1655 880 1691 aetio
906 1654 1082 1691 redditur
1117 1655 1277 1691 omnino
1303 1655 1406 1690 invo-

109 1709 290 1746 luntaria.
318 1728 363 1735 -
388 1708 468 1754 1-11‚
495 1708 565 1750 Qu.
593 1708 900 1752 LXXV11,Artic.
934 1707 980 1743 Vl
1008 1711 1045 1743 et
1072 1707 1152 1753 VII,
1183 1712 1221 1744 et
1254 1708 1324 1749 Qu.
1344 1707 1405 1750 Vl,

109 1762 224 1798 Artic.
250 1761 314 1796 VII
337 1760 386 1797 ad
407 1762 440 1796 3.
469 1780 515 1786 —
541 1761 586 1796 Et
621 1760 705 1796 hoec
731 1759 907 1797 doctrina
934 1760 1153 1796 communis
1180 1764 1250 1805 est,
1281 1763 1319 1795 et
1350 1765 1407 1795 est

101 1810 309 1852 'criterium
330 1813 370 1849 in
392 1812 603 1859 judicanda
630 1813 779 1849 malitia
799 1813 1020 1857 criminum,
1043 1817 1126 1848 tum
1156 1812 1195 1847 in
1223 1812 1406 1848 tribunali

109 1866 368 1910 conscientias,
390 1870 473 1900 tum
492 1866 529 1900 in
551 1865 734 1901 tribunali
752 1865 864 1902 civili.

153 1919 214 1955 VI.
236 1918 556 1963 concupiscentia
573 1927 813 1963 consequens
829 1928 906 1954 non
920 1918 1073 1963 minuit,
1090 1918 1156 1954 sed
1175 1921 1293 1963 auget
1311 1917 1407 1954 libo·

99 1972 243 2009 'berum
253 1974 294 2008 et
304 1974 587 2016 consequenter
594 1972 720 2016 ipsum
727 1972 1006 2007 voluntarium.
1020 1971 1125 2006 Sicut
1136 1970 1406 2018 concupiscen-

112 2027 164 2063 tia
180 2026 417 2063 antecedens
430 2025 542 2061 estin
556 2021 786 2069 voluntaria,
800 2028 837 2059 et
851 2027 909 2059 est
922 2026 1049 2058 motus
1069 2021 1264 2069 appetitus
1279 2021 1398 2057 sensi-

112 2079 180 2115 tivi
190 2078 417 2115 redundans
429 2078 468 2114 in
483 2077 722 2113 voluntatem
732 2076 855 2123 ipsam
867 2079 906 2112 et
917 2074 1105 2111 rationem
1117 2086 1125 2119 ;
1139 2074 1189 2109 ita
1201 2073 1399 2119 concupis-

113 2131 241 2168 centia
266 2141 508 2177 consequens
529 2133 588 2166 est
606 2128 821 2165 voluntaria
849 2133 887 2163 et
910 2132 968 2163 est
988 2138 1034 2162 ex
1057 2130 1165 2162 motu
1184 2125 1394 2161 voluntatis

107 2185 346 2227 vehemente,
362 2182 428 2228 qui
442 2180 635 2217 redundat
651 2180 691 2217 in
706 2180 806 2216 vires
825 2179 1039 2215 sensitivas.
1059 2178 1142 2214 Non
1160 2178 1264 2213 enim
1279 2180 1406 2224 potest

108 2236 285 2273 voluntas
314 2234 463 2270 intense
492 2234 637 2270 moveri
677 2233 716 2270 in
745 2231 906 2279 aliquid,
932 2231 1026 2278 quin
1055 2230 1243 2266 excitetur
1277 2229 1407 2276 aliqua

109 2288 236 2337 passio
254 2288 293 2324 in
316 2286 491 2334 appetitu
512 2286 709 2331 sensitivo,
730 2289 773 2321 ut
793 2285 954 2332 quisque
979 2283 1019 2319 in
1046 2283 1252 2330 semetipso
1280 2286 1407 2330 potest

111 2339 430 2377 animadvertere.
465 2338 564 2385 Ergo
591 2338 622 2373 si
662 2337 789 2385 passio
828 2346 1065 2383 consequens
1105 2340 1163 2371 est
1194 2334 1408 2371 voluntaria

101 2398 151 2445 let
172 2403 194 2430 a
218 2392 340 2429 libera
357 2391 555 2430 ‚voluntate
586 2391 752 2427 excitata
778 2388 1014 2438 impossibile
1037 2388 1194 2425 omnino
1224 2391 1281 2425 est
1304 2385 1407 2434 quod
