1584 2569
385 149 465 174 mr.
493 149 533 174 11.
561 148 603 174 DE
628 147 817 173 ammons
842 145 1038 172 mmmonl.
1289 133 1352 169 143

68 221 172 268 quod
202 224 374 268 tempore
399 220 625 267 juventutis,
653 230 741 256 cum
770 218 928 255 diversis
955 215 1196 265 passionibus
1225 215 1355 252 anima

46 275 239 318 fluctuet,
258 284 336 309 non
356 277 412 308 est
427 277 516 321 apta
530 272 577 308 ad
600 276 678 309 tam
698 272 786 308 altae
802 270 973 308 veritatis
993 269 1268 317 cognitionem.
1291 268 1356 304 Re-

67 330 240 363 maneret
271 327 390 374 igitur
418 336 537 373 genus
577 325 791 361 humanum
822 325 866 369 (si
902 323 983 360 sola
1020 322 1180 358 rationis
1211 322 1272 357 via
1307 321 1353 356 ad

66 380 186 416 Deum
206 378 516 427 cognoscendum
547 379 708 426 pateret)
736 379 775 413 in
795 377 975 414 maximis
996 375 1226 423 ignorantiae
1253 379 1354 410 tene-

67 432 157 476 bris,
185 442 272 468 cum
297 431 364 468 Dei
389 431 558 479 cognitio
585 440 672 477 quae
704 430 880 466 homines
907 429 1076 466 maxime
1105 427 1293 475 perfectos
1319 430 1354 462 et

66 484 189 521 bonos
210 484 314 530 facit,
337 485 492 521 nonnisi
513 483 744 530 quibusdam
770 483 914 531 paucis,
935 486 973 518 et
999 481 1058 518 his
1078 480 1209 528 paucis
1238 480 1353 516 etiam

68 540 153 584 post
172 537 356 585 temporis
371 536 670 584 longitudinem,
691 536 919 584 proveniret.

40 594 43 598 ’
113 589 206 626 Cum
221 589 457 626 admz‘oetione
474 589 679 626 multorum
690 599 873 625 errorum.
886 588 1051 632 Etenim,
1073 590 1116 623 ut
1135 587 1245 623 factis
1261 597 1354 632 quo-

68 641 220 679 tidianis
254 642 541 690 comprobatur,
581 642 867 689 investigationi
908 641 1088 677 humanae
1130 640 1355 687 plerumque

65 694 210 732 falsitas
230 694 464 732 admiscetur
482 699 640 743 propter
665 694 901 731 debilitatem
926 693 1140 730 intellectus
1172 693 1293 727 nostri
1318 693 1354 726 in

61 747 271 794 judicando
293 748 346 793 (L.
368 749 426 793 40,
448 748 494 784 VI
515 753 552 784 et
564 747 642 792 Vll)
665 752 702 783 et
721 747 1037 794 phantasmatum
1059 745 1353 793 permixtionem

65 801 119 845 (L.
141 803 200 846 51,
219 801 250 837 11
272 805 310 837 et
329 800 410 846 ΙΙΙ).
432 800 478 836 Et
497 800 582 838 ideo
613 800 715 848 apud
739 800 881 837 multos
909 801 948 835 in
969 798 1210 834 dubitatione
1236 807 1356 833 rema-

64 858 199 890 nerent
224 864 281 897 ea,
310 863 396 900 quae
422 858 510 890 sunt
535 853 731 890 verissime
757 852 1033 896 demonstrata,
1059 851 1152 887 dum
1187 850 1265 886 vim
1294 849 1355 884 de-

63 905 355 943 monstrationis
381 906 562 954 ignorant
587 910 624 942 et
644 906 835 952 praecipue
863 905 954 940 dum
984 903 1114 940 vident
1141 914 1162 939 a
1183 902 1352 946 diversis,

64 959 130 1005 qui
149 959 340 1006 sapientes
362 958 555 1004 dicuntur,
575 958 723 995 diversa
743 957 884 994 doceri.
904 977 948 984 —
969 957 1074 993 Inter
1093 955 1216 992 multa
1239 956 1353 990 etiam

63 1021 150 1059 quae
179 1011 508 1057 demonstrantur,
536 1011 776 1047 immiscetur
807 1009 1014 1057 aliquando
1042 1008 1188 1055 aliquid
1217 1008 1354 1044 falsum

63 1063 167 1112 quod
185 1075 264 1101 non
284 1064 585 1109 demonstratur,
606 1063 672 1101 sed
700 1063 829 1110 aliqua
854 1062 1043 1110 probabili
1064 1061 1123 1097 vel
1145 1060 1355 1107 sophistica

64 1117 212 1154 ratione
229 1118 426 1162 asseritur,
449 1127 536 1164 quae
557 1116 750 1153 interdum
769 1115 1046 1153 demonstratio
1074 1118 1287 1161 reputatur.
1310 1134 1354 1139 —

66 1171 158 1212 Quae
178 1170 309 1205 omnia
321 1169 440 1206 oculis
460 1170 601 1205 nostris
622 1168 793 1216 quotidie
814 1169 1006 1205 cernimus
1022 1166 1230 1203 :increduli
1252 1166 1354 1202 enim

65 1226 160 1269 quot
176 1232 322 1259 errores
342 1224 550 1270 spargunt!
574 1222 645 1263 Qui
677 1226 807 1258 tamen
828 1225 956 1257 errant
983 1220 1124 1267 reJ'ecta
1150 1219 1281 1255 divina
1300 1230 1356 1254 re-

65 1275 267 1320 velatione,
290 1285 335 1310 ex
356 1285 432 1321 qua
446 1274 570 1311 multa
589 1278 626 1310 et
642 1278 906 1321 cognoverunt
925 1277 962 1309 et
982 1277 1188 1309 tenuerunt
1202 1272 1248 1307 de
1264 1272 1354 1306 Deo.

66 1326 164 1369 Quid
183 1328 214 1363 si
233 1328 427 1374 fingamus
448 1326 625 1363 homines
652 1327 824 1373 quolibet
844 1326 984 1362 divinae
1010 1325 1250 1362 auctoritatis
1276 1334 1357 1359 ma·

66 1380 220 1427 gisterio
233 1379 519 1416 destitutosi—
532 1379 630 1427 Ergo
649 1379 820 1427 oportuit
837 1389 905 1426 per
915 1379 1017 1415 viam
1038 1377 1141 1422 fidei,
1157 1378 1235 1413 fixa
1249 1377 1356 1413 certi-

66 1432 212 1478 tudine,
231 1433 354 1480 ipsam
373 1433 575 1469 veritatem
588 1432 634 1469 de
651 1432 764 1468 rebus
785 1431 924 1468 divinis
935 1430 1156 1467 hominibus
1170 1429 1354 1465 exhiberi.

110 1486 170 1522 lv.
198 1486 420 1523 Corollaria.
455 1485 714 1522 Corollarium
737 1486 922 1532 primum.
944 1484 1043 1531 Ergo
1076 1483 1293 1528 salubriter,
1315 1486 1357 1518 ut

65 1537 255 1575 catholica
283 1538 394 1574 docet
428 1538 606 1583 Ecclesia,
638 1538 768 1574 divina
799 1536 968 1585 providit
1000 1536 1217 1581 clementia,
1245 1539 1289 1571 ut
1315 1545 1358 1571 ea

64 1591 181 1627 etiam
198 1601 285 1638 quae
302 1591 400 1628 ratio
418 1592 649 1639 investigare
672 1595 812 1639 potest,
834 1590 910 1626 fide
932 1589 1097 1626 tenenda
1118 1588 1355 1636 praeciperet,

65 1648 108 1679 ut
123 1644 178 1680 sic
202 1654 324 1681 omnes
344 1644 388 1680 de
410 1644 531 1690 facili
551 1648 707 1691 possent
731 1643 870 1680 divinae
896 1642 1128 1691 cognitionis
1155 1642 1358 1689 participes

63 1707 158 1742 esse,
170 1700 209 1733 et
219 1696 358 1744 absque
368 1696 608 1733 dubitacione
622 1701 658 1732 et
670 1706 808 1733 errore.
818 1716 862 1722 —
873 1696 1015 1733 Contra
1025 1694 1200 1738 Gentiles,
1209 1694 1281 1730 loc.
1292 1694 1355 1729 cit.

112 1749 373 1786 Corollarium
392 1750 567 1786 alterum.
590 1749 688 1796 Ergo
703 1749 821 1786 homo
833 1748 1076 1785 strictissimo
1089 1747 1286 1794 religionis
1304 1746 1356 1782 of-

63 1802 151 1838 ficio
183 1806 335 1838 tenetur
359 1802 538 1849 amplecti
569 1801 739 1838 divinam
769 1801 1056 1845 revelationem,
1085 1810 1294 1845 omnesque
1322 1805 1358 1835 et

64 1853 235 1901 singulas
247 1854 428 1890 veritates
443 1854 481 1889 in
502 1863 546 1889 ea
562 1857 774 1890 contentas.
791 1853 875 1900 Ipse
893 1853 996 1889 enim
1017 1852 1259 1888 strictissimo
1276 1852 1358 1887 reli-

65 1906 190 1953 gionis
218 1905 345 1942 officio
374 1910 527 1942 tenetur
555 1910 657 1942 recte
686 1910 724 1942 et
752 1909 854 1942 certe
882 1905 1022 1941 sentire
1050 1904 1096 1941 de
1127 1905 1217 1941 Deo.
1244 1905 1357 1951 Atqui

65 1969 188 2006 neque
208 1963 309 1996 recte
333 1969 458 2005 neque
482 1962 583 1995 certe
603 1959 719 1994 sentit
746 1957 792 1995 de
812 1958 888 1994 Deo
909 1958 990 1994 sine
1017 1957 1195 2004 praesidio
1219 1956 1357 1992 divinae

64 2011 323 2049 revelationis.
350 2012 449 2059 Ergo
470 2012 715 2048 strictissimo
742 2011 939 2059 religionis
959 2010 1086 2047 officio
1115 2010 1233 2047 homo
1259 2014 1358 2046 tene-

64 2070 127 2101 tur
154 2065 336 2112 amplecti
367 2064 540 2101 divinam
569 2064 857 2109 revelationem,
880 2073 1091 2111 omnesque
1118 2067 1156 2099 et
1188 2063 1358 2110 singulas

63 2117 242 2154 veritates
262 2118 302 2154 in
322 2128 366 2154 ea
386 2122 600 2154 contentas.
617 2137 662 2144 ·-·
682 2117 776 2154 Hinc
797 2117 834 2153 S.
855 2116 1091 2164 Augustinus
1110 2116 1191 2153 Lib.
1210 2116 1266 2151 De
1280 2117 1358 2152 uci-

66 2171 173 2207 litate
200 2170 397 2215 credendi,
427 2171 517 2218 Cap.
547 2169 606 2215 IX,
637 2180 675 2206 n.
706 2171 764 2214 21,
798 2169 991 2217 sapienter
1022 2168 1183 2205 scribit:
1218 2181 1234 2201 «
1264 2169 1359 2204 Vera

63 2222 213 2271 religio,
237 2223 310 2260 nisi
342 2223 549 2260 credantur
580 2233 635 2268 ea,
671 2233 757 2270 quse
785 2223 946 2270 quisque
976 2226 1122 2270 postea,
1145 2222 1176 2257 si
1204 2232 1243 2257 se
1263 2222 1359 2257 bene

65 2275 223 2322 gesserit
246 2275 461 2324 dignusque
481 2276 609 2321 fuerit,
627 2280 852 2322 assequatur
870 2279 984 2322 atque
1005 2274 1204 2322 percipiat,
1221 2278 1258 2309 et
1278 2284 1359 2309 om-

66 2329 157 2366 nino
194 2329 275 2366 sine
306 2330 476 2378 quodam
515 2330 621 2378 gravi
654 2330 894 2366 auctoritatis
926 2329 1089 2375 imperio
1128 2328 1217 2364 iniri
1259 2331 1358 2364 recte

69 2381 171 2419 nullo
187 2386 300 2428 pacto
319 2388 458 2429 potest.
477 2397 492 2418 ι
