1554 2569
137 155 218 180 Aur.
245 155 298 180 ¹11.
327 155 371 178 DE
397 154 442 179 us
469 153 548 183 QUAE
575 151 856 182 CONSEQUUNTUR
882 151 992 177 ACTUS
1017 152 1183 177 nummos
1209 153 1283 178 Ere.
1335 145 1374 179 81

97 236 240 262 merces
266 225 406 261 dicitur
430 224 534 271 quod
561 225 674 260 alicui
699 228 1011 271 recompensatur
1037 234 1105 270 pro
1128 224 1378 261 retributione

96 279 222 325 operis
238 277 297 313 vel
313 277 468 321 laboris,
487 277 597 323 quasi
613 275 807 323 quoddam
824 276 992 323 pretium
1010 275 1141 322 ipsius.
1161 275 1267 312 Unde
1283 277 1379 313 sicut

96 330 253 367 reddere
268 331 418 377 justum
435 331 603 376 pretium
629 340 697 376 pro
721 339 760 364 re
781 333 935 375 accepta
961 328 1008 364 ab
1037 327 1165 374 aliquo
1192 333 1249 364 est
1274 335 1378 365 actus

94 383 267 430 Justitiae‚
286 383 340 418 ita
355 382 471 418 etiam
486 391 776 429 recompensare
792 380 1008 417 mercedem
1026 381 1150 428 operis
1167 380 1225 417 vel
1239 380 1380 418 laboris

97 439 153 472 est
168 439 275 471 actus
290 434 464 481 justitias.
487 449 503 466 ›

144 487 326 523 Probatur
349 487 471 523 altera
488 499 580 535 pars
602 488 874 535 propositionis,
894 487 1030 524 scilicet
1051 488 1148 534 quod
1165 488 1275 523 homo
1295 499 1381 534 pos-

97 540 143 575 sit
176 540 312 576 mereri
343 544 378 575 et
407 540 590 575 demereri
620 541 717 587 apud
751 541 973 577 societatem.
1001 541 1095 576 Nam
1125 551 1382 587 unusquisque

96 593 133 627 in
160 593 282 639 aliqua
308 593 478 628 societate
503 593 630 628 vivens
659 598 712 628 est
736 605 820 639 pars
847 597 882 628 et
904 593 1115 628 membrum
1135 593 1246 628 totius
1267 593 1382 628 socie-

97 645 192 681 tatis.
219 645 273 680 De
300 645 441 680 ratione
467 649 591 681 autem
617 646 776 681 membri
801 649 868 690 est,
895 646 992 692 quod
1022 646 1202 692 quidquid
1230 646 1305 689 agit
1331 646 1384 680 di-

95 701 194 733 recte
225 698 261 734 in
294 697 433 733 bonum
471 699 526 733 vel
567 698 708 733 malum
744 698 895 733 alterius
933 698 1092 733 membri
1130 698 1313 733 redundet
1344 698 1382 732 in

95 749 236 785 bonum
264 751 323 785 vel
352 750 493 785 malum
528 752 637 786 totius
671 750 867 796 societatis,
892 755 926 786 et
961 751 1140 796 quidquid
1175 751 1312 786 directe
1345 751 1383 784 in

95 802 236 838 bonum
265 803 321 837 vel
336 804 478 838 malum
503 804 576 848 agit
603 803 784 838 societatis
803 803 986 839 redundet
1004 803 1042 838 in
1061 803 1201 838 bonum
1227 803 1282 837 vel
1308 814 1384 838 ma-

97 855 174 890 lum
208 855 477 901 membrorum,
507 855 602 890 sicut
641 856 704 901 qui
736 855 834 891 laedit
862 867 1028 902 manum,
1055 867 1121 902 per
1153 867 1383 902 consequens

94 907 201 944 laedit
220 907 431 952 hominem,
453 910 491 942 et
509 906 628 942 homo
649 916 736 942 cum
758 907 966 954 perficitur,
990 906 1170 953 perfectio
1192 906 1376 943 redundat

96 962 135 996 in
152 959 326 995 membra
341 959 436 1005 ejus.
452 958 551 1006 Ergo
572 969 659 995 cum
679 959 817 1005 aliquis
840 959 879 994 in
899 959 1079 995 societate
1095 959 1223 995 vivens
1243 959 1322 1007 agit
1341 961 1378 995 in

95 1013 242 1048 bonum
255 1011 315 1048 vel
328 1011 474 1047 malum
495 1011 651 1047 alterius
668 1011 833 1046 membri
847 1010 1011 1048 socialis.
1031 1010 1173 1058 duplici
1191 1022 1237 1046 ex
1257 1012 1378 1059 capite

95 1069 265 1101 meretur
279 1063 339 1100 vel
357 1063 587 1099 demeretur.
610 1063 691 1099 Uno
712 1062 842 1108 modo,
867 1063 1076 1099 secundum
1098 1062 1200 1110 quod
1221 1063 1377 1099 debetur

96 1118 130 1153 ei
151 1117 351 1153 retributio
372 1127 395 1152 a
414 1116 598 1164 singulari
614 1126 789 1163 persona,
811 1126 928 1162 quam
944 1116 1053 1163 Juvat
1072 1115 1129 1152 vel
1149 1115 1320 1161 offendit,
1340 1122 1377 1151 ut

97 1180 214 1217 supra
234 1168 380 1205 dictum
400 1173 469 1204 est.
490 1168 572 1204 Alio
593 1167 723 1213 modo,
748 1168 958 1204 secundum
976 1167 1079 1214 quod
1100 1167 1262 1204 debetur
1277 1169 1310 1204 ei
1328 1180 1380 1204 re-

98 1222 257 1258 tributio
284 1232 307 1257 a
328 1221 508 1257 societate
535 1221 573 1256 in
603 1231 720 1267 quam
752 1220 943 1256 redundat
969 1221 1112 1256 bonum
1146 1221 1204 1257 vel
1236 1221 1380 1257 malum

97 1275 375 1311 membrorum.
394 1294 439 1300 —
458 1273 642 1309 Similiter
658 1272 811 1319 quando
832 1273 970 1319 aliquis
990 1273 1079 1309 civis
1094 1272 1235 1309 directe
1250 1274 1330 1321 agit
1344 1274 1381 1309 in

97 1327 242 1363 bonum
267 1326 325 1362 vel
350 1326 496 1361 malum
530 1326 646 1361 totius
671 1326 876 1370 societatis,
908 1325 1069 1361 debetur
1103 1326 1136 1361 ei
1166 1326 1380 1369 retributio⁷

98 1380 223 1427 primo
247 1377 403 1426 quidem
430 1383 467 1414 et
487 1377 750 1425 principaliter
767 1388 789 1413 a
805 1388 965 1425 corpore
986 1377 1131 1422 sociali,
1157 1378 1382 1414 secundario

97 1442 187 1468 vero
207 1442 230 1468 a
253 1431 414 1479 singulis
434 1431 618 1466 membris
645 1431 682 1466 in
716 1441 802 1477 quae
829 1430 1019 1466 redundat
1045 1441 1111 1466 seu
1141 1430 1287 1467 bonum
1318 1442 1384 1466 seu

99 1484 246 1520 malum
264 1484 382 1520 totius
402 1483 609 1519 societatis.
631 1503 677 1508 —
697 1483 779 1518 Imo
800 1493 887 1519 cum
915 1483 1006 1518 civis
1027 1483 1107 1530 agit
1127 1482 1230 1530 quod
1252 1484 1289 1519 in
1318 1484 1389 1531 bo-¹

99 1547 190 1573 num
207 1536 409 1584 proprium
423 1536 480 1572 vel
493 1536 640 1572 malum
656 1537 791 1584 vergit,
807 1537 924 1572 etiam
942 1535 1103 1571 debetur
1116 1536 1149 1572 ei
1168 1536 1384 1580 retributio,

100 1590 248 1626 ratione
269 1590 352 1636 jam
377 1588 490 1634 dicta,
520 1589 610 1635 quia
630 1599 767 1636 nempe
791 1588 936 1625 bonum
962 1589 1020 1625 vel
1045 1589 1191 1624 malum
1222 1589 1385 1625 membri

100 1641 290 1678 redundat
318 1642 357 1677 in
383 1642 529 1677 bonum
548 1641 607 1677 vel
626 1641 772 1677 malum
794 1642 911 1677 totius
926 1642 1097 1688 corporis
1117 1646 1154 1677 et
1173 1646 1387 1678 ceterorum

100 1694 384 1739 membrorum3
397 1693 484 1730 licet
495 1704 571 1729 non
584 1693 768 1730 debeatur
777 1694 810 1730 ei
822 1693 1023 1730 retributio
1035 1694 1073 1729 in
1086 1699 1273 1740 quantum
1285 1694 1388 1741 quod

102 1747 181 1794 agit
198 1750 254 1783 est
281 1747 427 1782 bonum
446 1746 506 1782 vel
531 1746 677 1782 malum
705 1746 909 1794 singularis
936 1757 1123 1795 personae,
1149 1757 1236 1793 quae
1258 1747 1295 1782 in
1317 1747 1389 1782 hoc

102 1810 192 1835 casu
212 1803 269 1835 est
291 1799 426 1834 eadem
443 1800 597 1845 agenti3
628 1799 701 1834 nisi
721 1799 818 1835 sorte
838 1810 861 1835 a
880 1799 1006 1847 seipso
1024 1799 1234 1835 secundum
1255 1809 1389 1845 quam-

103 1851 193 1887 dam
223 1850 530 1895 similitudinem,
559 1856 674 1898 prout
693 1851 954 1898 metaphorice
978 1856 1034 1887 est
1050 1852 1203 1898 justitia
1222 1851 1390 1886 hominis

104 1904 152 1939 ad
173 1903 356 1950 seipsum,
377 1903 588 1939 secundum
606 1902 708 1950 quod
732 1904 830 1939 ratio
849 1903 1015 1949 imperat
1036 1903 1217 1939 irascibili
1245 1908 1282 1939 et
1302 1914 1390 1939 con-

103 1955 329 2003 cupiscibili,
352 1960 389 1992 et
406 1955 616 1992 secundum
643 1955 745 2002 quod
770 1955 852 1991 haec
872 1955 1058 1991 obediunt
1078 1956 1232 2000 rationi,
1252 1960 1289 1992 et
1309 1957 1390 1991 uni-

106 2009 304 2046 versaliter
341 2008 552 2045 secundum
591 2008 694 2055 quod
720 2009 926 2055 unicuique
954 2009 1055 2055 parti
1083 2008 1252 2044 hominis
1284 2010 1391 2045 atu—i·

105 2062 237 2098 buitur
256 2061 360 2108 quod
380 2061 414 2097 ei
436 2061 626 2098 convenit.
647 2081 692 2086 —
710 2061 790 2106 1-11‚
809 2061 878 2102 Qu.
897 2061 988 2105 ΧΧΙ,
1013 2061 1128 2096 Artic.
1150 2061 1212 2106 111,
1239 2065 1275 2096 et
1296 2061 1388 2106 ll-ii‚

62 2146 70 2160 ,.
105 2113 175 2156 Qu.
196 2114 319 2157 LV111,
339 2114 454 2150 Artic.
473 2113 520 2149 11.

152 2167 195 2202 X.
211 2167 331 2202 Actus
341 2166 500 2202 humani
512 2167 658 2202 hahent
676 2167 868 2202 rationem
884 2166 1016 2202 meriti
1027 2167 1089 2202 vel
1104 2166 1283 2202 demeriti
1293 2167 1393 2211 apud

107 2220 232 2264 ipsum
248 2220 377 2255 Deum.
399 2219 576 2254 Meritum
595 2219 633 2254 in
648 2218 788 2255 scholis
805 2218 982 2254 bifariam
1009 2218 1204 2263 dividitur,
1224 2219 1263 2253 in
1283 2219 1402 2262 meri--

110 2276 192 2307 tum
217 2271 358 2308 scilicet
380 2271 423 2307 de
436 2282 603 2318 conyruo
624 2276 659 2307 et
677 2272 716 2306 in
737 2271 919 2306 meritum
939 2271 983 2306 de
1002 2271 1205 2317 condzyno.
1225 2291 1268 2296 -—
1287 2271 1394 2306 Meri-

108 2328 192 2359 tum
217 2323 262 2359 de
287 2334 452 2370 congruo
478 2329 535 2359 est
564 2323 658 2359 ordo
682 2323 806 2371 operis
831 2323 880 2359 ad
907 2323 1110 2370 praemium
1135 2334 1210 2358 non
1237 2322 1393 2369 quidem

108 2375 146 2411 vi
163 2376 288 2423 operis
304 2376 370 2412 sed
390 2377 513 2424 magis
533 2387 577 2413 ex
599 2376 785 2421 decentia,
803 2376 862 2413 vel
880 2376 1064 2420 amicitia,
1084 2375 1141 2411 vel
1164 2375 1402 2423 liberalitate,
