<?xml version="1.0" encoding="UTF-8"?>
<!DOCTYPE html PUBLIC "-//W3C//DTD XHTML 1.0 Transitional//EN"
    "http://www.w3.org/TR/xhtml1/DTD/xhtml1-transitional.dtd">
<html xmlns="http://www.w3.org/1999/xhtml" xml:lang="en" lang="en">
 <head>
  <title>
</title>
<meta http-equiv="Content-Type" content="text/html;charset=utf-8" />
  <meta name='ocr-system' content='tesseract 3.04.00' />
  <meta name='ocr-capabilities' content='ocr_page ocr_carea ocr_par ocr_line ocrx_word'/>
</head>
<body>
  <div class='ocr_page' id='page_1' title='image "./summaphilosophic03zigluoft_0037.png"; bbox 0 0 1554 2569; ppageno 0'>
   <div class='ocr_carea' id='block_1_1' title="bbox 374 144 1342 184">
    <p class='ocr_par' dir='ltr' id='par_1_1' title="bbox 374 144 1342 184">
     <span class='ocr_line' id='line_1_1' title="bbox 374 144 1342 184; baseline -0.005 -1"><span class='ocrx_word' id='word_1_1' title='bbox 374 158 452 184; x_wconf 69' lang='lat' dir='ltr'>mr.</span> <span class='ocrx_word' id='word_1_2' title='bbox 482 158 519 183; x_wconf 77' lang='lat' dir='ltr'>V.</span> <span class='ocrx_word' id='word_1_3' title='bbox 540 157 584 183; x_wconf 74' lang='lat' dir='ltr'>DE</span> <span class='ocrx_word' id='word_1_4' title='bbox 610 157 847 183; x_wconf 72' lang='lat' dir='ltr'><strong>BEATITUDINE</strong></span> <span class='ocrx_word' id='word_1_5' title='bbox 866 157 1021 183; x_wconf 72' lang='lat' dir='ltr'>FonuAu</span> <span class='ocrx_word' id='word_1_6' title='bbox 1298 144 1342 179; x_wconf 72' lang='lat'>27</span> 
     </span>
    </p>
   </div>
   <div class='ocr_carea' id='block_1_2' title="bbox 2 228 1358 2021">
    <p class='ocr_par' dir='ltr' id='par_1_2' title="bbox 49 228 1351 1271">
     <span class='ocr_line' id='line_1_2' title="bbox 50 228 1344 280; baseline -0.004 -12"><span class='ocrx_word' id='word_1_7' title='bbox 50 230 296 280; x_wconf 75' lang='lat' dir='ltr'>principalius</span> <span class='ocrx_word' id='word_1_8' title='bbox 317 230 408 266; x_wconf 89' lang='lat' dir='ltr'>dicit</span> <span class='ocrx_word' id='word_1_9' title='bbox 429 229 608 265; x_wconf 83' lang='lat' dir='ltr'>habitum</span> <span class='ocrx_word' id='word_1_10' title='bbox 628 232 666 265; x_wconf 92' lang='lat' dir='ltr'>et</span> <span class='ocrx_word' id='word_1_11' title='bbox 686 228 1008 273; x_wconf 79' lang='lat' dir='ltr'>deiformitatem3</span> <span class='ocrx_word' id='word_1_12' title='bbox 1028 229 1128 273; x_wconf 81' lang='lat' dir='ltr'>ideo,</span> <span class='ocrx_word' id='word_1_13' title='bbox 1149 230 1219 266; x_wconf 86' lang='lat' dir='ltr'>etsi</span> <span class='ocrx_word' id='word_1_14' title='bbox 1238 228 1344 267; x_wconf 82' lang='lat' dir='ltr'>dicat</span> 
     </span>
     <span class='ocr_line' id='line_1_3' title="bbox 49 282 1343 330; baseline -0.002 -9"><span class='ocrx_word' id='word_1_15' title='bbox 49 295 133 321; x_wconf 87' lang='lat' dir='ltr'>rem</span> <span class='ocrx_word' id='word_1_16' title='bbox 148 284 308 330; x_wconf 90' lang='lat' dir='ltr'>duplicis</span> <span class='ocrx_word' id='word_1_17' title='bbox 329 283 493 330; x_wconf 84' lang='lat' dir='ltr'>generis,</span> <span class='ocrx_word' id='word_1_18' title='bbox 518 286 648 318; x_wconf 88' lang='lat' dir='ltr'>tamen</span> <span class='ocrx_word' id='word_1_19' title='bbox 669 282 918 330; x_wconf 83' lang='lat' dir='ltr'>principalius</span> <span class='ocrx_word' id='word_1_20' title='bbox 939 293 1059 329; x_wconf 87' lang='lat' dir='ltr'>genus</span> <span class='ocrx_word' id='word_1_21' title='bbox 1080 283 1292 330; x_wconf 74' lang='lat' dir='ltr'>qualitatIs.</span> <span class='ocrx_word' id='word_1_22' title='bbox 1327 294 1343 311; x_wconf 64' lang='grc' dir='ltr'><strong><em>ι</em></strong></span> 
     </span>
     <span class='ocr_line' id='line_1_4' title="bbox 51 335 1346 382; baseline -0.002 -9"><span class='ocrx_word' id='word_1_23' title='bbox 51 336 287 382; x_wconf 78' lang='lat' dir='ltr'>(Romae,Ed.</span> <span class='ocrx_word' id='word_1_24' title='bbox 310 336 444 378; x_wconf 86' lang='lat' dir='ltr'>Vatic.,</span> <span class='ocrx_word' id='word_1_25' title='bbox 470 337 588 381; x_wconf 85' lang='lat'>1596).</span> <span class='ocrx_word' id='word_1_26' title='bbox 610 335 730 382; x_wconf 79' lang='lat' dir='ltr'>Igitur</span> <span class='ocrx_word' id='word_1_27' title='bbox 746 335 784 371; x_wconf 89' lang='lat' dir='ltr'>S.</span> <span class='ocrx_word' id='word_1_28' title='bbox 803 335 944 371; x_wconf 89' lang='lat' dir='ltr'>Doctor</span> <span class='ocrx_word' id='word_1_29' title='bbox 963 335 1137 382; x_wconf 89' lang='lat' dir='ltr'>loquitur</span> <span class='ocrx_word' id='word_1_30' title='bbox 1153 336 1276 371; x_wconf 91' lang='lat' dir='ltr'>solum</span> <span class='ocrx_word' id='word_1_31' title='bbox 1295 336 1346 371; x_wconf 81' lang='lat' dir='ltr'>de</span> 
     </span>
     <span class='ocr_line' id='line_1_5' title="bbox 50 387 1344 435; baseline -0.002 -9"><span class='ocrx_word' id='word_1_32' title='bbox 50 395 189 426; x_wconf 85' lang='lat' dir='ltr'>natura</span> <span class='ocrx_word' id='word_1_33' title='bbox 206 394 314 425; x_wconf 84' lang='lat' dir='ltr'>actus</span> <span class='ocrx_word' id='word_1_34' title='bbox 335 388 586 425; x_wconf 81' lang='lat' dir='ltr'>beatitudinis</span> <span class='ocrx_word' id='word_1_35' title='bbox 606 387 791 428; x_wconf 85' lang='lat' dir='ltr'>formalis.</span> <span class='ocrx_word' id='word_1_36' title='bbox 814 391 851 423; x_wconf 91' lang='lat' dir='ltr'>et</span> <span class='ocrx_word' id='word_1_37' title='bbox 871 387 951 423; x_wconf 90' lang='lat' dir='ltr'>vult</span> <span class='ocrx_word' id='word_1_38' title='bbox 970 387 1097 435; x_wconf 91' lang='lat' dir='ltr'>ipsum</span> <span class='ocrx_word' id='word_1_39' title='bbox 1119 399 1200 424; x_wconf 88' lang='lat' dir='ltr'>esse</span> <span class='ocrx_word' id='word_1_40' title='bbox 1220 390 1344 425; x_wconf 79' lang='lat' dir='ltr'>conti-</span> 
     </span>
     <span class='ocr_line' id='line_1_6' title="bbox 50 439 1343 489; baseline 0 -11"><span class='ocrx_word' id='word_1_41' title='bbox 50 453 178 486; x_wconf 79' lang='lat' dir='ltr'>nuum,</span> <span class='ocrx_word' id='word_1_42' title='bbox 211 445 248 477; x_wconf 89' lang='lat' dir='ltr'>et</span> <span class='ocrx_word' id='word_1_43' title='bbox 267 443 548 488; x_wconf 84' lang='lat' dir='ltr'>consequenter</span> <span class='ocrx_word' id='word_1_44' title='bbox 573 439 746 477; x_wconf 79' lang='lat' dir='ltr'>habitum</span> <span class='ocrx_word' id='word_1_45' title='bbox 772 440 814 476; x_wconf 78' lang='lat' dir='ltr'>in</span> <span class='ocrx_word' id='word_1_46' title='bbox 836 445 926 477; x_wconf 83' lang='lat' dir='ltr'>actu</span> <span class='ocrx_word' id='word_1_47' title='bbox 953 444 989 476; x_wconf 89' lang='lat' dir='ltr'>et</span> <span class='ocrx_word' id='word_1_48' title='bbox 1017 452 1093 476; x_wconf 92' lang='lat' dir='ltr'>non</span> <span class='ocrx_word' id='word_1_49' title='bbox 1117 442 1343 489; x_wconf 88' lang='lat' dir='ltr'>simpliciter</span> 
     </span>
     <span class='ocr_line' id='line_1_7' title="bbox 51 493 1342 540; baseline -0.001 -9"><span class='ocrx_word' id='word_1_50' title='bbox 51 495 243 532; x_wconf 87' lang='lat' dir='ltr'>habitum.</span> <span class='ocrx_word' id='word_1_51' title='bbox 275 514 321 522; x_wconf 92' lang='lat'>-</span> <span class='ocrx_word' id='word_1_52' title='bbox 352 494 426 530; x_wconf 86' lang='lat' dir='ltr'>Alii</span> <span class='ocrx_word' id='word_1_53' title='bbox 458 498 651 540; x_wconf 90' lang='lat' dir='ltr'>reponunt</span> <span class='ocrx_word' id='word_1_54' title='bbox 681 493 961 529; x_wconf 86' lang='lat' dir='ltr'>beatitudinem</span> <span class='ocrx_word' id='word_1_55' title='bbox 991 493 1194 530; x_wconf 81' lang='lat' dir='ltr'>formalem</span> <span class='ocrx_word' id='word_1_56' title='bbox 1222 495 1260 529; x_wconf 90' lang='lat' dir='ltr'>in</span> <span class='ocrx_word' id='word_1_57' title='bbox 1290 495 1342 530; x_wconf 90' lang='lat' dir='ltr'>in·</span> 
     </span>
     <span class='ocr_line' id='line_1_8' title="bbox 51 546 1342 594; baseline -0.001 -10"><span class='ocrx_word' id='word_1_58' title='bbox 51 548 266 584; x_wconf 88' lang='lat' dir='ltr'>tellectione</span> <span class='ocrx_word' id='word_1_59' title='bbox 282 547 347 584; x_wconf 89' lang='lat' dir='ltr'>Dei</span> <span class='ocrx_word' id='word_1_60' title='bbox 367 547 539 583; x_wconf 91' lang='lat' dir='ltr'>increata</span> <span class='ocrx_word' id='word_1_61' title='bbox 559 557 646 594; x_wconf 84' lang='lat' dir='ltr'>quae</span> <span class='ocrx_word' id='word_1_62' title='bbox 672 546 982 582; x_wconf 84' lang='lat' dir='ltr'>communicatur</span> <span class='ocrx_word' id='word_1_63' title='bbox 1000 552 1189 583; x_wconf 77' lang='lat' dir='ltr'>creaturoe</span> <span class='ocrx_word' id='word_1_64' title='bbox 1210 548 1276 592; x_wconf 85' lang='lat' dir='ltr'>ita,</span> <span class='ocrx_word' id='word_1_65' title='bbox 1300 553 1342 583; x_wconf 92' lang='lat' dir='ltr'>ut</span> 
     </span>
     <span class='ocr_line' id='line_1_9' title="bbox 52 599 1342 648; baseline 0 -11"><span class='ocrx_word' id='word_1_66' title='bbox 52 602 188 637; x_wconf 89' lang='lat' dir='ltr'>beatus</span> <span class='ocrx_word' id='word_1_67' title='bbox 206 600 335 637; x_wconf 85' lang='lat' dir='ltr'>videat</span> <span class='ocrx_word' id='word_1_68' title='bbox 355 600 512 648; x_wconf 88' lang='lat' dir='ltr'>proprio</span> <span class='ocrx_word' id='word_1_69' title='bbox 533 599 691 646; x_wconf 89' lang='lat' dir='ltr'>quidem</span> <span class='ocrx_word' id='word_1_70' title='bbox 713 599 909 636; x_wconf 86' lang='lat' dir='ltr'>intellectu</span> <span class='ocrx_word' id='word_1_71' title='bbox 939 600 1003 635; x_wconf 90' lang='lat' dir='ltr'>Dei</span> <span class='ocrx_word' id='word_1_72' title='bbox 1030 601 1253 644; x_wconf 84' lang='lat' dir='ltr'>essentiam,</span> <span class='ocrx_word' id='word_1_73' title='bbox 1276 600 1342 637; x_wconf 88' lang='lat' dir='ltr'>sed</span> 
     </span>
     <span class='ocr_line' id='line_1_10' title="bbox 53 652 1297 690; baseline -0.001 0"><span class='ocrx_word' id='word_1_74' title='bbox 53 654 202 690; x_wconf 88' lang='lat' dir='ltr'>actione</span> <span class='ocrx_word' id='word_1_75' title='bbox 228 664 294 690; x_wconf 89' lang='lat' dir='ltr'>seu</span> <span class='ocrx_word' id='word_1_76' title='bbox 322 652 581 689; x_wconf 80' lang='lat' dir='ltr'>intellectione</span> <span class='ocrx_word' id='word_1_77' title='bbox 614 653 680 688; x_wconf 89' lang='lat' dir='ltr'>illa</span> <span class='ocrx_word' id='word_1_78' title='bbox 714 652 882 688; x_wconf 87' lang='lat' dir='ltr'>increata</span> <span class='ocrx_word' id='word_1_79' title='bbox 913 652 986 688; x_wconf 91' lang='lat' dir='ltr'>sibi</span> <span class='ocrx_word' id='word_1_80' title='bbox 1016 653 1297 689; x_wconf 74' lang='lat' dir='ltr'>communicat-²</span> 
     </span>
     <span class='ocr_line' id='line_1_11' title="bbox 53 705 1343 754; baseline -0.001 -12"><span class='ocrx_word' id='word_1_81' title='bbox 53 716 169 754; x_wconf 89' lang='lat' dir='ltr'>quem</span> <span class='ocrx_word' id='word_1_82' title='bbox 190 705 346 753; x_wconf 88' lang='lat' dir='ltr'>quidem</span> <span class='ocrx_word' id='word_1_83' title='bbox 370 705 532 741; x_wconf 90' lang='lat' dir='ltr'>modum</span> <span class='ocrx_word' id='word_1_84' title='bbox 562 705 751 752; x_wconf 81' lang='lat' dir='ltr'>intelligat</span> <span class='ocrx_word' id='word_1_85' title='bbox 770 705 892 741; x_wconf 88' lang='lat' dir='ltr'>lector</span> <span class='ocrx_word' id='word_1_86' title='bbox 917 705 948 741; x_wconf 89' lang='lat' dir='ltr'>si</span> <span class='ocrx_word' id='word_1_87' title='bbox 969 708 1106 752; x_wconf 87' lang='lat' dir='ltr'>potest,</span> <span class='ocrx_word' id='word_1_88' title='bbox 1130 716 1221 742; x_wconf 89' lang='lat' dir='ltr'>eum</span> <span class='ocrx_word' id='word_1_89' title='bbox 1241 707 1343 742; x_wconf 92' lang='lat' dir='ltr'>enim</span> 
     </span>
     <span class='ocr_line' id='line_1_12' title="bbox 55 757 1344 806; baseline 0 -11"><span class='ocrx_word' id='word_1_90' title='bbox 55 770 77 795; x_wconf 89' lang='lat' dir='ltr'>a</span> <span class='ocrx_word' id='word_1_91' title='bbox 96 769 158 795; x_wconf 90' lang='lat' dir='ltr'>me</span> <span class='ocrx_word' id='word_1_92' title='bbox 174 770 253 795; x_wconf 91' lang='lat' dir='ltr'>non</span> <span class='ocrx_word' id='word_1_93' title='bbox 272 758 435 806; x_wconf 82' lang='lat' dir='ltr'>intelligi</span> <span class='ocrx_word' id='word_1_94' title='bbox 455 758 620 805; x_wconf 86' lang='lat' dir='ltr'>ingenue</span> <span class='ocrx_word' id='word_1_95' title='bbox 641 757 778 803; x_wconf 84' lang='lat' dir='ltr'>fateor,</span> <span class='ocrx_word' id='word_1_96' title='bbox 801 758 874 793; x_wconf 87' lang='lat' dir='ltr'>nisi</span> <span class='ocrx_word' id='word_1_97' title='bbox 900 758 1167 804; x_wconf 81' lang='lat' dir='ltr'>pantheismus</span> <span class='ocrx_word' id='word_1_98' title='bbox 1188 759 1226 795; x_wconf 91' lang='lat' dir='ltr'>in</span> <span class='ocrx_word' id='word_1_99' title='bbox 1248 760 1344 795; x_wconf 84' lang='lat' dir='ltr'>coelo</span> 
     </span>
     <span class='ocr_line' id='line_1_13' title="bbox 55 811 1330 860; baseline 0.002 -13"><span class='ocrx_word' id='word_1_100' title='bbox 55 816 235 860; x_wconf 88' lang='lat' dir='ltr'>ponatur.</span> <span class='ocrx_word' id='word_1_101' title='bbox 254 811 538 848; x_wconf 82' lang='lat' dir='ltr'>Refutationem</span> <span class='ocrx_word' id='word_1_102' title='bbox 559 811 674 858; x_wconf 89' lang='lat' dir='ltr'>hujus</span> <span class='ocrx_word' id='word_1_103' title='bbox 692 812 884 858; x_wconf 87' lang='lat' dir='ltr'>opinionis</span> <span class='ocrx_word' id='word_1_104' title='bbox 907 811 1026 848; x_wconf 90' lang='lat' dir='ltr'>habes</span> <span class='ocrx_word' id='word_1_105' title='bbox 1047 812 1150 858; x_wconf 91' lang='lat' dir='ltr'>apud</span> <span class='ocrx_word' id='word_1_106' title='bbox 1171 812 1330 849; x_wconf 83' lang='lat' dir='ltr'>Billuart</span> 
     </span>
     <span class='ocr_line' id='line_1_14' title="bbox 57 863 1345 910; baseline 0 -10"><span class='ocrx_word' id='word_1_107' title='bbox 57 865 198 901; x_wconf 81' lang='lat' dir='ltr'>Cursus</span> <span class='ocrx_word' id='word_1_108' title='bbox 220 863 392 910; x_wconf 73' lang='lat' dir='ltr'>Theoloy.</span> <span class='ocrx_word' id='word_1_109' title='bbox 414 865 468 899; x_wconf 88' lang='lat' dir='ltr'>De</span> <span class='ocrx_word' id='word_1_110' title='bbox 488 864 627 900; x_wconf 90' lang='lat' dir='ltr'>ultimo</span> <span class='ocrx_word' id='word_1_111' title='bbox 648 865 736 909; x_wconf 81' lang='lat' dir='ltr'>fine,</span> <span class='ocrx_word' id='word_1_112' title='bbox 755 864 905 901; x_wconf 78' lang='lat' dir='ltr'>Dissert</span> <span class='ocrx_word' id='word_1_113' title='bbox 935 865 980 909; x_wconf 92' lang='lat'>11,</span> <span class='ocrx_word' id='word_1_114' title='bbox 999 865 1114 901; x_wconf 88' lang='lat' dir='ltr'>Artic.</span> <span class='ocrx_word' id='word_1_115' title='bbox 1136 866 1169 901; x_wconf 93' lang='lat'>11</span> <span class='ocrx_word' id='word_1_116' title='bbox 1207 883 1253 892; x_wconf 75' lang='lat'>-—</span> <span class='ocrx_word' id='word_1_117' title='bbox 1271 865 1345 902; x_wconf 82' lang='lat' dir='ltr'>Alii</span> 
     </span>
     <span class='ocr_line' id='line_1_15' title="bbox 56 917 1328 962; baseline 0.001 -9"><span class='ocrx_word' id='word_1_118' title='bbox 56 918 94 953; x_wconf 90' lang='lat' dir='ltr'>in</span> <span class='ocrx_word' id='word_1_119' title='bbox 118 917 198 953; x_wconf 91' lang='lat' dir='ltr'>solo</span> <span class='ocrx_word' id='word_1_120' title='bbox 226 920 313 952; x_wconf 89' lang='lat' dir='ltr'>actu</span> <span class='ocrx_word' id='word_1_121' title='bbox 338 917 546 952; x_wconf 85' lang='lat' dir='ltr'>voluntatis</span> <span class='ocrx_word' id='word_1_122' title='bbox 571 918 740 953; x_wconf 86' lang='lat' dir='ltr'>amantis</span> <span class='ocrx_word' id='word_1_123' title='bbox 766 917 902 961; x_wconf 89' lang='lat' dir='ltr'>Deum,</span> <span class='ocrx_word' id='word_1_124' title='bbox 925 928 1056 953; x_wconf 85' lang='lat' dir='ltr'>amore</span> <span class='ocrx_word' id='word_1_125' title='bbox 1084 918 1277 962; x_wconf 78' lang='lat' dir='ltr'>amicitiae,</span> <span class='ocrx_word' id='word_1_126' title='bbox 1305 929 1328 954; x_wconf 92' lang='lat' dir='ltr'>u</span> 
     </span>
     <span class='ocr_line' id='line_1_16' title="bbox 55 968 1346 1014; baseline 0.002 -9"><span class='ocrx_word' id='word_1_127' title='bbox 55 970 134 1006; x_wconf 78' lang='lat' dir='ltr'>vult</span> <span class='ocrx_word' id='word_1_128' title='bbox 149 971 295 1014; x_wconf 84' lang='lat' dir='ltr'>scotus,</span> <span class='ocrx_word' id='word_1_129' title='bbox 318 968 376 1006; x_wconf 87' lang='lat' dir='ltr'>vel</span> <span class='ocrx_word' id='word_1_130' title='bbox 388 969 548 1004; x_wconf 77' lang='lat' dir='ltr'>fruentis</span> <span class='ocrx_word' id='word_1_131' title='bbox 564 970 654 1014; x_wconf 90' lang='lat' dir='ltr'>Deo,</span> <span class='ocrx_word' id='word_1_132' title='bbox 669 973 710 1005; x_wconf 90' lang='lat' dir='ltr'>ut</span> <span class='ocrx_word' id='word_1_133' title='bbox 725 969 858 1006; x_wconf 83' lang='lat' dir='ltr'>volunt</span> <span class='ocrx_word' id='word_1_134' title='bbox 879 970 956 1014; x_wconf 85' lang='lat' dir='ltr'>alii,</span> <span class='ocrx_word' id='word_1_135' title='bbox 973 970 1252 1007; x_wconf 78' lang='lat' dir='ltr'>beatitudinem</span> <span class='ocrx_word' id='word_1_136' title='bbox 1266 971 1346 1007; x_wconf 84' lang='lat' dir='ltr'>for-</span> 
     </span>
     <span class='ocr_line' id='line_1_17' title="bbox 57 1022 1346 1070; baseline 0.001 -11"><span class='ocrx_word' id='word_1_137' title='bbox 57 1023 199 1059; x_wconf 86' lang='lat' dir='ltr'>malem</span> <span class='ocrx_word' id='word_1_138' title='bbox 224 1027 428 1070; x_wconf 88' lang='lat' dir='ltr'>reponunt.</span> <span class='ocrx_word' id='word_1_139' title='bbox 459 1041 506 1049; x_wconf 93' lang='lat'>—</span> <span class='ocrx_word' id='word_1_140' title='bbox 530 1022 605 1057; x_wconf 92' lang='lat' dir='ltr'>Alii</span> <span class='ocrx_word' id='word_1_141' title='bbox 631 1022 763 1057; x_wconf 89' lang='lat' dir='ltr'>dicunt</span> <span class='ocrx_word' id='word_1_142' title='bbox 789 1022 839 1058; x_wconf 91' lang='lat' dir='ltr'>ad</span> <span class='ocrx_word' id='word_1_143' title='bbox 864 1023 1072 1059; x_wconf 80' lang='lat' dir='ltr'>essentiam</span> <span class='ocrx_word' id='word_1_144' title='bbox 1100 1024 1346 1061; x_wconf 79' lang='lat' dir='ltr'>beatitudinis</span> 
     </span>
     <span class='ocr_line' id='line_1_18' title="bbox 56 1075 1328 1122; baseline 0.001 -10"><span class='ocrx_word' id='word_1_145' title='bbox 56 1076 201 1122; x_wconf 88' lang='lat' dir='ltr'>requiri</span> <span class='ocrx_word' id='word_1_146' title='bbox 221 1079 328 1112; x_wconf 85' lang='lat' dir='ltr'>actus</span> <span class='ocrx_word' id='word_1_147' title='bbox 345 1079 428 1110; x_wconf 90' lang='lat' dir='ltr'>tum</span> <span class='ocrx_word' id='word_1_148' title='bbox 446 1075 663 1111; x_wconf 84' lang='lat' dir='ltr'>intellectus</span> <span class='ocrx_word' id='word_1_149' title='bbox 683 1076 949 1121; x_wconf 80' lang='lat' dir='ltr'>cognoscentis</span> <span class='ocrx_word' id='word_1_150' title='bbox 965 1077 1102 1121; x_wconf 87' lang='lat' dir='ltr'>Deum,</span> <span class='ocrx_word' id='word_1_151' title='bbox 1120 1080 1204 1113; x_wconf 88' lang='lat' dir='ltr'>tum</span> <span class='ocrx_word' id='word_1_152' title='bbox 1218 1077 1328 1113; x_wconf 88' lang='lat' dir='ltr'>volun</span> 
     </span>
     <span class='ocr_line' id='line_1_19' title="bbox 58 1128 1348 1176; baseline 0.002 -12"><span class='ocrx_word' id='word_1_153' title='bbox 58 1129 150 1165; x_wconf 85' lang='lat' dir='ltr'>tatis</span> <span class='ocrx_word' id='word_1_154' title='bbox 170 1128 338 1164; x_wconf 88' lang='lat' dir='ltr'>amantis</span> <span class='ocrx_word' id='word_1_155' title='bbox 359 1129 478 1164; x_wconf 86' lang='lat' dir='ltr'>Deum</span> <span class='ocrx_word' id='word_1_156' title='bbox 499 1132 536 1165; x_wconf 91' lang='lat' dir='ltr'>et</span> <span class='ocrx_word' id='word_1_157' title='bbox 556 1128 597 1164; x_wconf 90' lang='lat' dir='ltr'>in</span> <span class='ocrx_word' id='word_1_158' title='bbox 617 1128 699 1174; x_wconf 85' lang='lat' dir='ltr'>ejus</span> <span class='ocrx_word' id='word_1_159' title='bbox 725 1129 907 1164; x_wconf 85' lang='lat' dir='ltr'>fruitione</span> <span class='ocrx_word' id='word_1_160' title='bbox 933 1129 1179 1176; x_wconf 86' lang='lat' dir='ltr'>quiescentis.</span> <span class='ocrx_word' id='word_1_161' title='bbox 1207 1150 1250 1156; x_wconf 92' lang='lat'>—</span> <span class='ocrx_word' id='word_1_162' title='bbox 1278 1131 1348 1166; x_wconf 87' lang='lat' dir='ltr'>De-</span> 
     </span>
     <span class='ocr_line' id='line_1_20' title="bbox 59 1180 1351 1229; baseline 0.001 -11"><span class='ocrx_word' id='word_1_163' title='bbox 59 1183 174 1229; x_wconf 86' lang='lat' dir='ltr'>nique</span> <span class='ocrx_word' id='word_1_164' title='bbox 193 1181 391 1218; x_wconf 85' lang='lat' dir='ltr'>thomistae</span> <span class='ocrx_word' id='word_1_165' title='bbox 413 1180 549 1217; x_wconf 88' lang='lat' dir='ltr'>docent</span> <span class='ocrx_word' id='word_1_166' title='bbox 571 1181 849 1217; x_wconf 82' lang='lat' dir='ltr'>beatitudinem</span> <span class='ocrx_word' id='word_1_167' title='bbox 868 1180 1073 1218; x_wconf 76' lang='lat' dir='ltr'>formalem</span> <span class='ocrx_word' id='word_1_168' title='bbox 1094 1183 1351 1219; x_wconf 83' lang='lat' dir='ltr'>essentialiter</span> 
     </span>
     <span class='ocr_line' id='line_1_21' title="bbox 60 1233 789 1271; baseline -0.001 0"><span class='ocrx_word' id='word_1_169' title='bbox 60 1236 175 1271; x_wconf 81' lang='lat' dir='ltr'>sitam</span> <span class='ocrx_word' id='word_1_170' title='bbox 192 1244 274 1270; x_wconf 91' lang='lat' dir='ltr'>esse</span> <span class='ocrx_word' id='word_1_171' title='bbox 292 1234 330 1268; x_wconf 92' lang='lat' dir='ltr'>in</span> <span class='ocrx_word' id='word_1_172' title='bbox 351 1233 432 1269; x_wconf 94' lang='lat' dir='ltr'>solo</span> <span class='ocrx_word' id='word_1_173' title='bbox 453 1237 540 1270; x_wconf 86' lang='lat' dir='ltr'>actu</span> <span class='ocrx_word' id='word_1_174' title='bbox 561 1234 789 1270; x_wconf 87' lang='lat' dir='ltr'>intellectus.</span> 
     </span>
    </p>

    <p class='ocr_par' dir='ltr' id='par_1_3' title="bbox 2 1286 1358 2021">
     <span class='ocr_line' id='line_1_22' title="bbox 106 1286 1349 1333; baseline 0.001 -10"><span class='ocrx_word' id='word_1_175' title='bbox 106 1287 172 1323; x_wconf 91' lang='lat'>111.</span> <span class='ocrx_word' id='word_1_176' title='bbox 183 1287 450 1323; x_wconf 84' lang='lat' dir='ltr'>Praenotamen</span> <span class='ocrx_word' id='word_1_177' title='bbox 457 1286 636 1332; x_wconf 89' lang='lat' dir='ltr'>primum.</span> <span class='ocrx_word' id='word_1_178' title='bbox 649 1289 868 1333; x_wconf 85' lang='lat' dir='ltr'>Antequam</span> <span class='ocrx_word' id='word_1_179' title='bbox 876 1287 1166 1324; x_wconf 83' lang='lat' dir='ltr'>conclusionem</span> <span class='ocrx_word' id='word_1_180' title='bbox 1177 1291 1349 1325; x_wconf 77' lang='lat' dir='ltr'>nostram</span> 
     </span>
     <span class='ocr_line' id='line_1_23' title="bbox 61 1340 1351 1389; baseline 0.002 -14"><span class='ocrx_word' id='word_1_181' title='bbox 61 1351 264 1389; x_wconf 85' lang='lat' dir='ltr'>ponamus,</span> <span class='ocrx_word' id='word_1_182' title='bbox 287 1340 632 1376; x_wconf 87' lang='lat' dir='ltr'>animadvertimus</span> <span class='ocrx_word' id='word_1_183' title='bbox 646 1340 923 1376; x_wconf 89' lang='lat' dir='ltr'>beatitudinem</span> <span class='ocrx_word' id='word_1_184' title='bbox 932 1340 1135 1386; x_wconf 79' lang='lat' dir='ltr'>formalem</span> <span class='ocrx_word' id='word_1_185' title='bbox 1149 1340 1351 1388; x_wconf 86' lang='lat' dir='ltr'>dupliciter</span> 
     </span>
     <span class='ocr_line' id='line_1_24' title="bbox 62 1392 1353 1440; baseline 0.001 -10"><span class='ocrx_word' id='word_1_186' title='bbox 62 1393 298 1430; x_wconf 85' lang='lat' dir='ltr'>considerari</span> <span class='ocrx_word' id='word_1_187' title='bbox 311 1402 436 1439; x_wconf 87' lang='lat' dir='ltr'>posse,</span> <span class='ocrx_word' id='word_1_188' title='bbox 457 1403 594 1439; x_wconf 88' lang='lat' dir='ltr'>nempe</span> <span class='ocrx_word' id='word_1_189' title='bbox 614 1392 741 1440; x_wconf 82' lang='lat' dir='ltr'>quoad</span> <span class='ocrx_word' id='word_1_190' title='bbox 756 1397 897 1429; x_wconf 76' lang='lat' dir='ltr'>statum</span> <span class='ocrx_word' id='word_1_191' title='bbox 915 1397 952 1429; x_wconf 92' lang='lat' dir='ltr'>et</span> <span class='ocrx_word' id='word_1_192' title='bbox 971 1394 1098 1440; x_wconf 83' lang='lat' dir='ltr'>quoad</span> <span class='ocrx_word' id='word_1_193' title='bbox 1117 1395 1319 1431; x_wconf 78' lang='lat' dir='ltr'>essentiam</span> <span class='ocrx_word' id='word_1_194' title='bbox 1338 1407 1353 1431; x_wconf 85' lang='lat'>.·</span> 
     </span>
     <span class='ocr_line' id='line_1_25' title="bbox 63 1446 1353 1494; baseline 0.001 -11"><span class='ocrx_word' id='word_1_195' title='bbox 63 1458 106 1483; x_wconf 86' lang='lat' dir='ltr'>eo</span> <span class='ocrx_word' id='word_1_196' title='bbox 127 1446 246 1482; x_wconf 83' lang='lat' dir='ltr'>ferme</span> <span class='ocrx_word' id='word_1_197' title='bbox 265 1449 378 1492; x_wconf 88' lang='lat' dir='ltr'>pacto</span> <span class='ocrx_word' id='word_1_198' title='bbox 398 1454 475 1492; x_wconf 89' lang='lat' dir='ltr'>quo</span> <span class='ocrx_word' id='word_1_199' title='bbox 491 1455 551 1482; x_wconf 83' lang='lat' dir='ltr'>res</span> <span class='ocrx_word' id='word_1_200' title='bbox 562 1455 827 1492; x_wconf 79' lang='lat' dir='ltr'>quaecumque,</span> <span class='ocrx_word' id='word_1_201' title='bbox 849 1449 944 1492; x_wconf 86' lang='lat' dir='ltr'>puta</span> <span class='ocrx_word' id='word_1_202' title='bbox 963 1446 1096 1491; x_wconf 90' lang='lat' dir='ltr'>homo,</span> <span class='ocrx_word' id='word_1_203' title='bbox 1119 1450 1244 1494; x_wconf 89' lang='lat' dir='ltr'>potest</span> <span class='ocrx_word' id='word_1_204' title='bbox 1262 1459 1353 1484; x_wconf 90' lang='lat' dir='ltr'>con·</span> 
     </span>
     <span class='ocr_line' id='line_1_26' title="bbox 64 1497 1354 1547; baseline 0.001 -12"><span class='ocrx_word' id='word_1_205' title='bbox 64 1499 224 1535; x_wconf 76' lang='lat' dir='ltr'>sidet-ari</span> <span class='ocrx_word' id='word_1_206' title='bbox 252 1502 290 1533; x_wconf 89' lang='lat' dir='ltr'>et</span> <span class='ocrx_word' id='word_1_207' title='bbox 315 1497 445 1545; x_wconf 87' lang='lat' dir='ltr'>quoad</span> <span class='ocrx_word' id='word_1_208' title='bbox 471 1498 715 1545; x_wconf 83' lang='lat' dir='ltr'>complexum</span> <span class='ocrx_word' id='word_1_209' title='bbox 741 1499 1019 1544; x_wconf 83' lang='lat' dir='ltr'>perfectionum</span> <span class='ocrx_word' id='word_1_210' title='bbox 1045 1510 1131 1547; x_wconf 82' lang='lat' dir='ltr'>quae</span> <span class='ocrx_word' id='word_1_211' title='bbox 1153 1501 1354 1547; x_wconf 89' lang='lat' dir='ltr'>requirun-</span> 
     </span>
     <span class='ocr_line' id='line_1_27' title="bbox 64 1551 1355 1601; baseline 0.001 -13"><span class='ocrx_word' id='word_1_212' title='bbox 64 1557 225 1588; x_wconf 86' lang='lat' dir='ltr'>turtum</span> <span class='ocrx_word' id='word_1_213' title='bbox 244 1551 373 1599; x_wconf 90' lang='lat' dir='ltr'>quoad</span> <span class='ocrx_word' id='word_1_214' title='bbox 400 1562 509 1587; x_wconf 88' lang='lat' dir='ltr'>suam</span> <span class='ocrx_word' id='word_1_215' title='bbox 530 1552 752 1597; x_wconf 89' lang='lat' dir='ltr'>essentiam,</span> <span class='ocrx_word' id='word_1_216' title='bbox 774 1556 859 1588; x_wconf 88' lang='lat' dir='ltr'>tum</span> <span class='ocrx_word' id='word_1_217' title='bbox 879 1552 1010 1599; x_wconf 88' lang='lat' dir='ltr'>quoad</span> <span class='ocrx_word' id='word_1_218' title='bbox 1030 1563 1120 1589; x_wconf 84' lang='lat' dir='ltr'>suas</span> <span class='ocrx_word' id='word_1_219' title='bbox 1141 1554 1355 1601; x_wconf 85' lang='lat' dir='ltr'>proprieta-</span> 
     </span>
     <span class='ocr_line' id='line_1_28' title="bbox 2 1604 1353 1653; baseline 0.001 -12"><span class='ocrx_word' id='word_1_220' title='bbox 2 1613 6 1615; x_wconf 62' lang='lat'><strong><em>‘</em></strong></span> <span class='ocrx_word' id='word_1_221' title='bbox 64 1611 120 1641; x_wconf 84' lang='lat' dir='ltr'>tes</span> <span class='ocrx_word' id='word_1_222' title='bbox 146 1615 213 1641; x_wconf 88' lang='lat' dir='ltr'>seu</span> <span class='ocrx_word' id='word_1_223' title='bbox 235 1604 422 1640; x_wconf 88' lang='lat' dir='ltr'>attributa</span> <span class='ocrx_word' id='word_1_224' title='bbox 450 1614 537 1651; x_wconf 84' lang='lat' dir='ltr'>quae</span> <span class='ocrx_word' id='word_1_225' title='bbox 557 1605 766 1641; x_wconf 88' lang='lat' dir='ltr'>essentiam</span> <span class='ocrx_word' id='word_1_226' title='bbox 787 1608 1090 1653; x_wconf 81' lang='lat' dir='ltr'>consequuntur,</span> <span class='ocrx_word' id='word_1_227' title='bbox 1120 1610 1202 1641; x_wconf 89' lang='lat' dir='ltr'>tum</span> <span class='ocrx_word' id='word_1_228' title='bbox 1223 1607 1353 1653; x_wconf 86' lang='lat' dir='ltr'>quoad</span> 
     </span>
     <span class='ocr_line' id='line_1_29' title="bbox 66 1657 1354 1707; baseline 0.002 -13"><span class='ocrx_word' id='word_1_229' title='bbox 66 1659 326 1706; x_wconf 88' lang='lat' dir='ltr'>integritatem</span> <span class='ocrx_word' id='word_1_230' title='bbox 345 1657 517 1704; x_wconf 89' lang='lat' dir='ltr'>ejusdem</span> <span class='ocrx_word' id='word_1_231' title='bbox 531 1660 695 1701; x_wconf 63' lang='lat' dir='ltr'>naturae,</span> <span class='ocrx_word' id='word_1_232' title='bbox 716 1658 859 1694; x_wconf 89' lang='lat' dir='ltr'>scilicet</span> <span class='ocrx_word' id='word_1_233' title='bbox 880 1658 1008 1705; x_wconf 87' lang='lat' dir='ltr'>quoad</span> <span class='ocrx_word' id='word_1_234' title='bbox 1027 1659 1202 1695; x_wconf 84' lang='lat' dir='ltr'>membra</span> <span class='ocrx_word' id='word_1_235' title='bbox 1218 1670 1354 1707; x_wconf 88' lang='lat' dir='ltr'>corpo-</span> 
     </span>
     <span class='ocr_line' id='line_1_30' title="bbox 66 1710 1354 1760; baseline 0.001 -12"><span class='ocrx_word' id='word_1_236' title='bbox 66 1713 133 1755; x_wconf 87' lang='lat' dir='ltr'>ris,</span> <span class='ocrx_word' id='word_1_237' title='bbox 154 1721 288 1747; x_wconf 89' lang='lat' dir='ltr'>sensus</span> <span class='ocrx_word' id='word_1_238' title='bbox 307 1715 409 1747; x_wconf 89' lang='lat' dir='ltr'>recte</span> <span class='ocrx_word' id='word_1_239' title='bbox 430 1710 651 1758; x_wconf 86' lang='lat' dir='ltr'>dispositos,</span> <span class='ocrx_word' id='word_1_240' title='bbox 673 1715 711 1748; x_wconf 90' lang='lat' dir='ltr'>et</span> <span class='ocrx_word' id='word_1_241' title='bbox 732 1711 890 1753; x_wconf 88' lang='lat' dir='ltr'>similia;</span> <span class='ocrx_word' id='word_1_242' title='bbox 914 1715 951 1747; x_wconf 91' lang='lat' dir='ltr'>et</span> <span class='ocrx_word' id='word_1_243' title='bbox 970 1715 1095 1760; x_wconf 88' lang='lat' dir='ltr'>potest</span> <span class='ocrx_word' id='word_1_244' title='bbox 1112 1713 1220 1749; x_wconf 91' lang='lat' dir='ltr'>unice</span> <span class='ocrx_word' id='word_1_245' title='bbox 1233 1715 1354 1749; x_wconf 89' lang='lat' dir='ltr'>consi-</span> 
     </span>
     <span class='ocr_line' id='line_1_31' title="bbox 67 1762 1356 1813; baseline 0.001 -12"><span class='ocrx_word' id='word_1_246' title='bbox 67 1764 192 1801; x_wconf 89' lang='lat' dir='ltr'>derari</span> <span class='ocrx_word' id='word_1_247' title='bbox 210 1762 339 1810; x_wconf 88' lang='lat' dir='ltr'>quoad</span> <span class='ocrx_word' id='word_1_248' title='bbox 355 1764 647 1800; x_wconf 84' lang='lat' dir='ltr'>constitutivum</span> <span class='ocrx_word' id='word_1_249' title='bbox 660 1775 738 1800; x_wconf 83' lang='lat' dir='ltr'>suae</span> <span class='ocrx_word' id='word_1_250' title='bbox 759 1764 937 1800; x_wconf 73' lang='lat' dir='ltr'>essentiae</span> <span class='ocrx_word' id='word_1_251' title='bbox 957 1765 1158 1811; x_wconf 60' lang='lat' dir='ltr'>specificae,</span> <span class='ocrx_word' id='word_1_252' title='bbox 1174 1777 1241 1812; x_wconf 89' lang='lat' dir='ltr'>per</span> <span class='ocrx_word' id='word_1_253' title='bbox 1252 1767 1356 1813; x_wconf 88' lang='lat' dir='ltr'>quod</span> 
     </span>
     <span class='ocr_line' id='line_1_32' title="bbox 68 1817 1353 1863; baseline -0.001 -10"><span class='ocrx_word' id='word_1_254' title='bbox 68 1817 319 1863; x_wconf 84' lang='lat' dir='ltr'>distinguitur</span> <span class='ocrx_word' id='word_1_255' title='bbox 344 1827 367 1853; x_wconf 81' lang='lat' dir='ltr'>a</span> <span class='ocrx_word' id='word_1_256' title='bbox 393 1818 528 1853; x_wconf 89' lang='lat' dir='ltr'>ceteris</span> <span class='ocrx_word' id='word_1_257' title='bbox 554 1817 683 1862; x_wconf 82' lang='lat' dir='ltr'>rebuS,</span> <span class='ocrx_word' id='word_1_258' title='bbox 714 1817 857 1853; x_wconf 87' lang='lat' dir='ltr'>scilicet</span> <span class='ocrx_word' id='word_1_259' title='bbox 884 1818 1013 1863; x_wconf 90' lang='lat' dir='ltr'>quoad</span> <span class='ocrx_word' id='word_1_260' title='bbox 1039 1819 1353 1855; x_wconf 88' lang='lat' dir='ltr'>rationalitatem.</span> 
     </span>
     <span class='ocr_line' id='line_1_33' title="bbox 67 1867 1358 1916; baseline -0.001 -9"><span class='ocrx_word' id='word_1_261' title='bbox 67 1869 173 1907; x_wconf 90' lang='lat' dir='ltr'>Unde</span> <span class='ocrx_word' id='word_1_262' title='bbox 192 1869 354 1916; x_wconf 84' lang='lat' dir='ltr'>quaestio</span> <span class='ocrx_word' id='word_1_263' title='bbox 375 1867 422 1905; x_wconf 86' lang='lat' dir='ltr'>de</span> <span class='ocrx_word' id='word_1_264' title='bbox 439 1868 675 1905; x_wconf 89' lang='lat' dir='ltr'>beatitudine</span> <span class='ocrx_word' id='word_1_265' title='bbox 691 1869 847 1905; x_wconf 81' lang='lat' dir='ltr'>formali</span> <span class='ocrx_word' id='word_1_266' title='bbox 868 1880 951 1905; x_wconf 91' lang='lat' dir='ltr'>esse</span> <span class='ocrx_word' id='word_1_267' title='bbox 971 1874 1098 1916; x_wconf 87' lang='lat' dir='ltr'>potest</span> <span class='ocrx_word' id='word_1_268' title='bbox 1118 1871 1175 1906; x_wconf 89' lang='lat' dir='ltr'>vel</span> <span class='ocrx_word' id='word_1_269' title='bbox 1196 1871 1241 1906; x_wconf 91' lang='lat' dir='ltr'>de</span> <span class='ocrx_word' id='word_1_270' title='bbox 1256 1882 1358 1907; x_wconf 90' lang='lat' dir='ltr'>com-</span> 
     </span>
     <span class='ocr_line' id='line_1_34' title="bbox 69 1920 1358 1969; baseline 0.002 -12"><span class='ocrx_word' id='word_1_271' title='bbox 69 1922 183 1969; x_wconf 83' lang='lat' dir='ltr'>plexu</span> <span class='ocrx_word' id='word_1_272' title='bbox 208 1920 484 1968; x_wconf 77' lang='lat' dir='ltr'>perfectionum</span> <span class='ocrx_word' id='word_1_273' title='bbox 510 1930 595 1967; x_wconf 81' lang='lat' dir='ltr'>quae</span> <span class='ocrx_word' id='word_1_274' title='bbox 624 1922 874 1968; x_wconf 88' lang='lat' dir='ltr'>requiruntur</span> <span class='ocrx_word' id='word_1_275' title='bbox 899 1921 950 1958; x_wconf 91' lang='lat' dir='ltr'>ad</span> <span class='ocrx_word' id='word_1_276' title='bbox 976 1922 1279 1968; x_wconf 84' lang='lat' dir='ltr'>beatitudinem3</span> <span class='ocrx_word' id='word_1_277' title='bbox 1302 1924 1358 1959; x_wconf 88' lang='lat' dir='ltr'>vel</span> 
     </span>
     <span class='ocr_line' id='line_1_35' title="bbox 70 1972 1358 2021; baseline 0.001 -10"><span class='ocrx_word' id='word_1_278' title='bbox 70 1976 116 2011; x_wconf 88' lang='lat' dir='ltr'>de</span> <span class='ocrx_word' id='word_1_279' title='bbox 138 1974 202 2011; x_wconf 87' lang='lat' dir='ltr'>illo</span> <span class='ocrx_word' id='word_1_280' title='bbox 222 1972 416 2011; x_wconf 88' lang='lat' dir='ltr'>essentiali</span> <span class='ocrx_word' id='word_1_281' title='bbox 434 1974 695 2017; x_wconf 83' lang='lat' dir='ltr'>constitutivo,</span> <span class='ocrx_word' id='word_1_282' title='bbox 718 1984 794 2021; x_wconf 91' lang='lat' dir='ltr'>quo</span> <span class='ocrx_word' id='word_1_283' title='bbox 815 1975 939 2020; x_wconf 87' lang='lat' dir='ltr'>posito</span> <span class='ocrx_word' id='word_1_284' title='bbox 962 1975 1160 2011; x_wconf 87' lang='lat' dir='ltr'>beatitudo</span> <span class='ocrx_word' id='word_1_285' title='bbox 1181 1976 1358 2021; x_wconf 85' lang='lat' dir='ltr'>habetur,</span> 
     </span>
    </p>
   </div>
   <div class='ocr_carea' id='block_1_3' title="bbox 70 2026 1356 2126">
    <p class='ocr_par' dir='ltr' id='par_1_4' title="bbox 70 2026 1356 2126">
     <span class='ocr_line' id='line_1_36' title="bbox 70 2026 1356 2074; baseline 0.001 -10"><span class='ocrx_word' id='word_1_286' title='bbox 70 2032 107 2064; x_wconf 86' lang='lat' dir='ltr'>et</span> <span class='ocrx_word' id='word_1_287' title='bbox 138 2026 243 2074; x_wconf 88' lang='lat' dir='ltr'>quod</span> <span class='ocrx_word' id='word_1_288' title='bbox 270 2028 328 2063; x_wconf 87' lang='lat' dir='ltr'>est</span> <span class='ocrx_word' id='word_1_289' title='bbox 353 2026 587 2074; x_wconf 88' lang='lat' dir='ltr'>principium</span> <span class='ocrx_word' id='word_1_290' title='bbox 609 2026 712 2063; x_wconf 88' lang='lat' dir='ltr'>unde</span> <span class='ocrx_word' id='word_1_291' title='bbox 739 2027 1008 2073; x_wconf 84' lang='lat' dir='ltr'>intelliguntur</span> <span class='ocrx_word' id='word_1_292' title='bbox 1035 2027 1152 2064; x_wconf 82' lang='lat' dir='ltr'>ssuere</span> <span class='ocrx_word' id='word_1_293' title='bbox 1178 2028 1216 2064; x_wconf 91' lang='lat' dir='ltr'>in</span> <span class='ocrx_word' id='word_1_294' title='bbox 1246 2029 1356 2065; x_wconf 80' lang='lat' dir='ltr'>beato</span> 
     </span>
     <span class='ocr_line' id='line_1_37' title="bbox 70 2079 1029 2126; baseline -0.001 -10"><span class='ocrx_word' id='word_1_295' title='bbox 70 2085 196 2116; x_wconf 87' lang='lat' dir='ltr'>cetera</span> <span class='ocrx_word' id='word_1_296' title='bbox 210 2090 297 2126; x_wconf 78' lang='lat' dir='ltr'>quae</span> <span class='ocrx_word' id='word_1_297' title='bbox 315 2079 355 2115; x_wconf 92' lang='lat' dir='ltr'>in</span> <span class='ocrx_word' id='word_1_298' title='bbox 377 2079 750 2125; x_wconf 75' lang='lat' dir='ltr'>ipsius-beatitudine</span> <span class='ocrx_word' id='word_1_299' title='bbox 768 2080 1029 2116; x_wconf 87' lang='lat' dir='ltr'>inveniuntur.</span> 
     </span>
    </p>
   </div>
   <div class='ocr_carea' id='block_1_4' title="bbox 72 2133 1362 2447">
    <p class='ocr_par' dir='ltr' id='par_1_5' title="bbox 72 2133 1362 2447">
     <span class='ocr_line' id='line_1_38' title="bbox 117 2133 1357 2170; baseline 0.001 -1"><span class='ocrx_word' id='word_1_300' title='bbox 117 2133 179 2169; x_wconf 88' lang='lat' dir='ltr'>1v.</span> <span class='ocrx_word' id='word_1_301' title='bbox 199 2133 465 2170; x_wconf 83' lang='lat' dir='ltr'>Praenotamen</span> <span class='ocrx_word' id='word_1_302' title='bbox 484 2133 663 2168; x_wconf 85' lang='lat' dir='ltr'>alterum.</span> <span class='ocrx_word' id='word_1_303' title='bbox 688 2133 870 2168; x_wconf 86' lang='lat' dir='ltr'>Convenit</span> <span class='ocrx_word' id='word_1_304' title='bbox 885 2133 984 2168; x_wconf 84' lang='lat' dir='ltr'>inter</span> <span class='ocrx_word' id='word_1_305' title='bbox 997 2144 1132 2170; x_wconf 82' lang='lat' dir='ltr'>omnes</span> <span class='ocrx_word' id='word_1_306' title='bbox 1153 2134 1357 2170; x_wconf 80' lang='lat' dir='ltr'>beatitudi-</span> 
     </span>
     <span class='ocr_line' id='line_1_39' title="bbox 72 2186 1358 2235; baseline 0.002 -13"><span class='ocrx_word' id='word_1_307' title='bbox 72 2196 162 2222; x_wconf 91' lang='lat' dir='ltr'>nem</span> <span class='ocrx_word' id='word_1_308' title='bbox 177 2186 301 2232; x_wconf 79' lang='lat' dir='ltr'>quoad</span> <span class='ocrx_word' id='word_1_309' title='bbox 319 2189 460 2221; x_wconf 76' lang='lat' dir='ltr'>statum</span> <span class='ocrx_word' id='word_1_310' title='bbox 480 2186 611 2221; x_wconf 90' lang='lat' dir='ltr'>omnia</span> <span class='ocrx_word' id='word_1_311' title='bbox 630 2196 675 2221; x_wconf 87' lang='lat' dir='ltr'>ea</span> <span class='ocrx_word' id='word_1_312' title='bbox 692 2186 908 2232; x_wconf 88' lang='lat' dir='ltr'>complecti,</span> <span class='ocrx_word' id='word_1_313' title='bbox 925 2197 1011 2234; x_wconf 87' lang='lat' dir='ltr'>quae</span> <span class='ocrx_word' id='word_1_314' title='bbox 1031 2186 1232 2223; x_wconf 90' lang='lat' dir='ltr'>hominem</span> <span class='ocrx_word' id='word_1_315' title='bbox 1250 2188 1358 2235; x_wconf 88' lang='lat' dir='ltr'>plene</span> 
     </span>
     <span class='ocr_line' id='line_1_40' title="bbox 73 2237 1359 2287; baseline 0.002 -13"><span class='ocrx_word' id='word_1_316' title='bbox 73 2239 230 2275; x_wconf 87' lang='lat' dir='ltr'>beatum</span> <span class='ocrx_word' id='word_1_317' title='bbox 249 2237 418 2274; x_wconf 84' lang='lat' dir='ltr'>efficiunt</span> <span class='ocrx_word' id='word_1_318' title='bbox 439 2242 522 2274; x_wconf 90' lang='lat' dir='ltr'>tum</span> <span class='ocrx_word' id='word_1_319' title='bbox 536 2237 666 2284; x_wconf 84' lang='lat' dir='ltr'>quoad</span> <span class='ocrx_word' id='word_1_320' title='bbox 686 2238 922 2275; x_wconf 78' lang='lat' dir='ltr'>intellectum</span> <span class='ocrx_word' id='word_1_321' title='bbox 942 2243 1023 2275; x_wconf 88' lang='lat' dir='ltr'>tum</span> <span class='ocrx_word' id='word_1_322' title='bbox 1041 2240 1170 2287; x_wconf 89' lang='lat' dir='ltr'>quoad</span> <span class='ocrx_word' id='word_1_323' title='bbox 1187 2240 1359 2276; x_wconf 87' lang='lat' dir='ltr'>volunta-</span> 
     </span>
     <span class='ocr_line' id='line_1_41' title="bbox 74 2290 1359 2339; baseline 0.002 -13"><span class='ocrx_word' id='word_1_324' title='bbox 74 2295 167 2336; x_wconf 85' lang='lat' dir='ltr'>tem,</span> <span class='ocrx_word' id='word_1_325' title='bbox 191 2293 274 2326; x_wconf 84' lang='lat' dir='ltr'>tum</span> <span class='ocrx_word' id='word_1_326' title='bbox 302 2290 432 2338; x_wconf 85' lang='lat' dir='ltr'>quoad</span> <span class='ocrx_word' id='word_1_327' title='bbox 461 2291 634 2326; x_wconf 88' lang='lat' dir='ltr'>animam</span> <span class='ocrx_word' id='word_1_328' title='bbox 663 2295 745 2327; x_wconf 92' lang='lat' dir='ltr'>tum</span> <span class='ocrx_word' id='word_1_329' title='bbox 769 2291 897 2337; x_wconf 88' lang='lat' dir='ltr'>quoad</span> <span class='ocrx_word' id='word_1_330' title='bbox 927 2302 1066 2339; x_wconf 87' lang='lat' dir='ltr'>corpus</span> <span class='ocrx_word' id='word_1_331' title='bbox 1096 2303 1104 2328; x_wconf 91' lang='lat'>:</span> <span class='ocrx_word' id='word_1_332' title='bbox 1135 2303 1212 2338; x_wconf 84' lang='lat' dir='ltr'>quo</span> <span class='ocrx_word' id='word_1_333' title='bbox 1247 2303 1359 2329; x_wconf 78' lang='lat' dir='ltr'>sensu</span> 
     </span>
     <span class='ocr_line' id='line_1_42' title="bbox 75 2341 1362 2391; baseline 0.002 -12"><span class='ocrx_word' id='word_1_334' title='bbox 75 2347 176 2379; x_wconf 85' lang='lat' dir='ltr'>recte</span> <span class='ocrx_word' id='word_1_335' title='bbox 194 2352 217 2378; x_wconf 82' lang='lat' dir='ltr'>a</span> <span class='ocrx_word' id='word_1_336' title='bbox 230 2341 360 2378; x_wconf 87' lang='lat' dir='ltr'>Boetio</span> <span class='ocrx_word' id='word_1_337' title='bbox 380 2342 422 2378; x_wconf 90' lang='lat' dir='ltr'>in</span> <span class='ocrx_word' id='word_1_338' title='bbox 434 2343 483 2379; x_wconf 90' lang='lat'>111</span> <span class='ocrx_word' id='word_1_339' title='bbox 496 2343 552 2379; x_wconf 91' lang='lat' dir='ltr'>De</span> <span class='ocrx_word' id='word_1_340' title='bbox 565 2343 836 2387; x_wconf 76' lang='lat' dir='ltr'>consolatione,</span> <span class='ocrx_word' id='word_1_341' title='bbox 853 2354 968 2391; x_wconf 85' lang='lat' dir='ltr'>prosa</span> <span class='ocrx_word' id='word_1_342' title='bbox 981 2346 1026 2390; x_wconf 90' lang='lat' dir='ltr'>ll,</span> <span class='ocrx_word' id='word_1_343' title='bbox 1040 2345 1224 2381; x_wconf 84' lang='lat' dir='ltr'>definitur</span> <span class='ocrx_word' id='word_1_344' title='bbox 1242 2346 1362 2382; x_wconf 85' lang='lat' dir='ltr'>beati-</span> 
     </span>
     <span class='ocr_line' id='line_1_43' title="bbox 76 2394 1359 2447; baseline 0.003 -16"><span class='ocrx_word' id='word_1_345' title='bbox 76 2395 170 2432; x_wconf 86' lang='lat' dir='ltr'>tudo</span> <span class='ocrx_word' id='word_1_346' title='bbox 192 2406 199 2431; x_wconf 90' lang='lat'>:</span> <span class='ocrx_word' id='word_1_347' title='bbox 220 2394 360 2447; x_wconf 52' lang='lat' dir='ltr'>&amp;⁰¹²st</span> <span class='ocrx_word' id='word_1_348' title='bbox 374 2394 558 2445; x_wconf 66' lang='grc' dir='ltr'>ῥοηοηιηι</span> <span class='ocrx_word' id='word_1_349' title='bbox 581 2396 750 2433; x_wconf 78' lang='lat' dir='ltr'>omnium</span> <span class='ocrx_word' id='word_1_350' title='bbox 774 2398 1045 2444; x_wconf 71' lang='lat' dir='ltr'>ayqreyatione</span> <span class='ocrx_word' id='word_1_351' title='bbox 1058 2399 1264 2445; x_wconf 71' lang='lat' dir='ltr'>perfectus.</span> <span class='ocrx_word' id='word_1_352' title='bbox 1291 2399 1359 2435; x_wconf 80' lang='lat' dir='ltr'>Ubi</span> 
     </span>
    </p>
   </div>
  </div>
 </body>
</html>
