1584 2569
191 121 262 156 23⁶
294 129 354 155 ωε
380 128 626 156 annuatia.
653 128 696 154 11.
722 126 767 153 nn
783 126 977 153 soem-un
1004 125 1076 152 civ.
1102 126 1141 153 ω
1169 126 1209 153 ει
1234 127 1424 154 ευεατιτι.

196 200 346 237 &udisio
359 210 436 236 non
452 200 546 236 satis
560 198 727 235 arridere
745 197 919 233 videtur:
938 211 953 229 ‹
967 197 1171 243 Tenemus,
1184 198 1323 245 inquit,
1336 208 1359 235 a
1373 197 1491 236 rami?

193 254 244 290 lia
269 254 435 301 primam
453 252 606 288 duxisse
622 252 813 299 originem
828 251 1100 297 principatum,
1122 261 1243 297 quum
1258 252 1484 299 imperfecta

193 306 405 342 admodum
428 305 545 352 hujus
564 305 671 340 notio
692 303 921 347 habebatur,
942 304 1151 350 paucisque
1176 303 1404 340 ordinandis
1433 305 1482 341 fa·

194 359 310 395 miliis
345 358 510 405 amplior
543 356 723 404 quaedam
770 356 984 403 paternitas
1027 356 1255 393 sufficiebat.
1299 357 1484 394 Volumus

193 422 347 459 quoque
368 410 523 446 familiae
544 409 765 456 exemplum
791 407 1072 444 traducendum
1092 420 1172 445 esse
1193 409 1232 445 in
1256 410 1449 447 civitatem
1473 422 1482 446 :

195 475 272 500 non
290 465 405 499 nimis
424 468 566 508 tamen,
587 472 676 498 cum
701 462 778 497 sint
797 460 1055 498 diversissima
1076 462 1167 509 jura
1186 463 1306 509 patris
1332 467 1370 499 et
1394 463 1484 510 jura

195 517 434 564 imperantis.
463 514 766 551 Similitudinem
786 514 953 550 fatemur
972 515 1073 550 inter
1090 514 1279 551 familiam
1299 520 1338 551 et
1357 516 1482 552 civita-

198 576 274 606 tem
294 580 303 604 :
328 571 518 616 istamque
538 568 669 616 perfici
689 577 810 614 quum
830 567 1030 603 affectibus
1049 571 1087 603 et
1108 568 1292 615 obsequio
1312 567 1361 605 ad
1377 568 1484 605 illam

197 623 425 659 accesserit:
462 621 528 657 sed
554 630 799 668 nequaquam
827 620 1016 667 analogiae
1048 619 1258 664 sufficiunt,
1285 625 1329 656 ut
1360 632 1419 657 res
1447 627 1487 658 et

193 677 283 723 jura
307 675 621 721 permisceantur.
645 673 744 720 Ergo
771 683 848 709 non
871 678 974 708 recta
993 672 1059 708 illa
1089 673 1292 718 sententia,
1327 683 1414 720 quae
1440 685 1486 710 ex

196 728 343 764 familia
361 727 420 763 vel
445 727 675 774 paternitate
704 726 893 772 originem
919 730 957 761 et
978 725 1069 772 jura
1100 725 1215 760 infert
1235 725 1485 773 principatus.

198 782 279 817 Imo
300 780 451 828 populis
471 781 599 824 noxia,
620 780 712 826 quia
732 779 852 826 patris
866 778 1057 825 exemplo,
1076 778 1197 814 nimia
1216 778 1393 826 princeps
1415 779 1488 815 sibi

199 833 429 877 vindicaret;
470 843 540 869 nec
576 833 705 868 minus
728 831 877 867 infensa
909 831 1161 878 principibus,
1206 831 1286 877 qui,
1330 830 1486 867 familiae

200 886 324 930 titulo,
343 884 540 932 quomodo
563 895 633 921 sua
653 883 870 932 imperandi
886 884 977 930 jura
1002 885 1229 919 tuerentur?
1248 883 1342 919 Duae
1370 884 1489 931 igitur

200 943 421 986 potestates,
445 938 618 974 discretae
643 938 806 973 invicem
826 946 849 972 a
874 941 1026 980 natura,
1050 940 1139 971 sunt
1162 935 1311 972 familia
1329 941 1367 972 et
1387 937 1489 984 prin-

198 993 359 1038 cipatus.
383 1006 401 1024 »
423 991 469 1026 Et
486 991 585 1026 infra
604 989 735 1026 addit:
756 1003 774 1021 «
798 989 884 1025 Haec
906 988 997 1033 duo,
1018 989 1181 1035 populus
1209 988 1364 1035 eligens,
1387 989 1489 1025 Deus

199 1044 464 1081 auctoritatem
481 1043 690 1088 conserens,
704 1042 959 1088 quaestionem
977 1041 1181 1076 absolvunt
1198 1054 1229 1086 ›‚
1249 1041 1295 1077 de
1312 1040 1491 1078 determi-

201 1098 354 1133 natione
372 1107 510 1143 nempe
529 1095 691 1142 subjecti
712 1094 878 1142 politicae
899 1094 1154 1129 auctoritatis.
1183 1113 1226 1120 —
1255 1094 1322 1140 Op.
1351 1098 1390 1130 et
1415 1095 1489 1131 loc.

200 1152 264 1187 cit.
288 1161 327 1185 n.
348 1150 412 1185 VII
436 1154 473 1185 et
493 1149 534 1184 X.
563 1168 608 1174 —-
638 1148 749 1183 Forte
778 1148 817 1183 in
849 1146 952 1182 hisce
984 1147 1184 1182 sententiis
1207 1147 1401 1194 oppositio
1433 1153 1489 1183 est

201 1203 328 1250 potius
345 1212 535 1248 apparens
555 1211 672 1248 quam
704 1200 830 1245 realis,
857 1204 896 1235 et
916 1203 1077 1247 possunt
1102 1199 1151 1235 ad
1171 1199 1335 1235 invicem
1364 1201 1490 1236 conci-

201 1257 285 1291 liari
306 1255 481 1301 sequenti
498 1253 756 1290 conclusione.

248 1309 326 1344 XII.
359 1308 582 1352 Subiectum
610 1306 781 1352 politicae
808 1306 1018 1351 potestatis
1046 1316 1116 1352 per
1140 1315 1181 1342 se
1206 1306 1491 1342 determinatur

200 1369 408 1396 ELECTmNE
429 1361 511 1395 sive
528 1360 679 1395 directa
695 1359 777 1395 sive
795 1359 1001 1394 indirecta.
1025 1359 1113 1395 Haec
1129 1358 1338 1403 conclusio,
1359 1363 1402 1394 ut
1419 1369 1489 1406 ego

202 1414 394 1458 existimo,
413 1412 486 1448 hoc
503 1412 667 1459 simplici
684 1416 913 1458 argumento
928 1411 1128 1458 probatur.
1143 1410 1339 1446 Videlicet.
1359 1410 1492 1447 Officia

203 1467 379 1510 moralia,
404 1465 543 1512 quibus
569 1464 746 1500 homines
775 1463 824 1499 ad
852 1464 941 1510 jura
970 1464 1127 1499 alterius
1157 1463 1391 1510 obligantur,
1426 1469 1494 1499 aut

203 1530 271 1565 per
289 1530 328 1553 se
349 1521 639 1564 consequuntur
658 1521 852 1560 naturam,
874 1521 917 1550 ut
933 1520 1023 1551 sunt
1043 1515 1170 1551 officia
1190 1516 1382 1552 naturalia
1402 1527 1493 1564 erga

203 1573 337 1615 Deum,
360 1570 630 1617 nosmetipsos,
657 1573 696 1605 et
718 1569 941 1615 proximum
962 1573 1152 1612 nostrum,
1174 1573 1242 1603 aut
1264 1579 1332 1615 per
1351 1579 1390 1604 se
1408 1579 1495 1604 con—

204 1628 418 1670 sequuntur
437 1622 663 1658 electionem
683 1621 907 1665 voluntatis,
929 1625 971 1656 ut
987 1625 1077 1655 sunt
1096 1625 1196 1665 vota,
1215 1620 1349 1667 officia
1365 1622 1494 1668 conJ'u·

206 1687 296 1738 gum
319 1681 356 1711 ct
376 1676 452 1711 alia
474 1674 629 1718 similia,
651 1684 736 1721 quae
756 1678 896 1709 natura
921 1683 991 1709 sua
1010 1673 1198 1720 obligant,
1219 1678 1259 1708 at
1285 1673 1411 1720 posita
1429 1684 1495 1709 vo·

204 1717 363 1765 luntatis
380 1728 576 1772 electione,
587 1738 633 1762 ex
648 1737 724 1773 qua
735 1726 961 1761 naturaliter
978 1726 1105 1761 officia
1118 1726 1183 1761 illa
1194 1731 1494 1773 consequuntur.

205 1782 317 1827 Atqui
336 1781 462 1816 officia
478 1779 640 1815 moralia
657 1779 797 1826 quibus
815 1778 932 1814 homo
948 1778 1101 1825 politice
1120 1778 1314 1825 obligatur
1328 1778 1495 1824 subesse,

207 1834 462 1870 determinato
484 1832 574 1868 huic
593 1832 764 1878 subjecto
783 1841 849 1867 seu
869 1830 1134 1866 determinatae
1151 1841 1324 1878 personae
1340 1830 1496 1868 habenti

207 1888 403 1934 politicam
436 1890 667 1933 potestatem
707 1895 784 1920 non
815 1889 1106 1931 consequuntur
1130 1885 1254 1931 ipsam
1292 1888 1494 1920 naturam:

208 1941 298 1987 quia
316 1950 430 1975 nemo
452 1944 592 1974 natura
619 1948 688 1973 sua
707 1938 879 1973 nascitur
901 1947 982 1981 rex,
1009 1937 1108 1972 sicut
1137 1948 1250 1972 nemo
1272 1941 1411 1972 natura
1429 1948 1498 1972 sua

207 1994 378 2028 nascitur
395 1991 585 2026 subditus.
607 1991 705 2037 Ergo
726 1990 853 2025 officia
867 1989 1029 2025 moralia
1047 1990 1185 2036 quibus
1206 1989 1323 2024 homo
1345 1989 1498 2036 politice

208 2046 403 2093 obligatur
429 2045 582 2080 subesse
608 2044 779 2090 subjecto
814 2043 1070 2079 determinato
1103 2043 1270 2089 politicae
1297 2043 1498 2088 potestatis

206 2103 298 2134 sunt
317 2098 444 2133 officia
460 2096 651 2132 naturalia
667 2096 823 2142 quidem
843 2095 908 2132 sed
929 2107 996 2143 per
1018 2106 1057 2131 se
1077 2095 1351 2140 consequentia
1369 2099 1499 2130 actum

207 2151 409 2187 electivum
426 2149 648 2185 voluntatis.
668 2150 766 2196 Ergo
790 2149 1006 2194 subJ'ectum
1024 2147 1188 2195 politicae
1212 2147 1414 2194 potestatis
1432 2159 1501 2191 per

207 2215 244 2239 se
265 2203 545 2239 determinatur
564 2202 760 2238 electione.
782 2201 836 2237 Ex
857 2201 930 2238 hac
949 2206 1057 2248 parte
1071 2205 1164 2248 puto
1180 2200 1498 2236 consentiendum

209 2267 292 2291 esse
312 2256 483 2291 Audisio.

257 2309 397 2344 Electio
416 2312 545 2343 autem
566 2311 694 2354 potest
715 2317 796 2342 esse
815 2307 963 2343 directa
981 2306 1042 2342 vel
1058 2305 1249 2342 indirecta
1267 2315 1276 2340 ε
1303 2305 1448 2342 directa
1466 2306 1497 2341 si

211 2360 356 2397 feratur
379 2361 417 2396 in
438 2370 641 2408 personam
669 2358 909 2407 eligendam:
945 2358 1131 2395 indirecta
1163 2359 1193 2393 si
1220 2358 1364 2394 seratur
1389 2358 1428 2393 in
1459 2356 1497 2394 id
