1554 2569
447 104 525 132 Anr.
549 105 601 130 w.
630 105 673 131 m:
689 105 855 131 sumac-ro
877 105 975 131 smus
1001 105 1044 130 m·
1064 106 1191 132 orricii
1385 99 1449 134 133

167 187 359 232 praecepta
376 180 541 229 positiva
558 183 647 214 sunt
670 178 716 215 de
741 178 889 215 actibus
914 178 1116 223 virtutum,
1141 189 1227 226 quae
1263 184 1352 216 sunt
1378 179 1450 216 dis-

166 237 376 286 pos‘tiones
396 231 574 281 quaedam
594 230 642 267 ad
662 232 792 268 finem.
821 232 949 279 Atqui,
968 235 1011 267 ut
1039 237 1140 268 recte
1161 236 1270 268 notat
1291 231 1327 268 S.
1353 233 1450 269 Tho·

166 302 249 327 mas
276 289 372 333 11-11‚
403 287 472 329 Qu.
499 290 537 322 et
561 286 640 320 Art.
671 285 751 330 cit.,
776 284 976 332 dispositio
1009 295 1144 321 eorum
1172 295 1258 332 quae
1286 290 1375 321 sunt
1401 286 1449 322 ad

165 346 284 380 finem
316 338 529 378 attenditur
553 337 766 375 secundum
793 338 983 374 rationem
1011 338 1125 383 finis3
1153 342 1190 373 et
1215 337 1301 373 ideo
1323 339 1449 385 quoad

165 401 274 433 actus
303 395 492 431 virtuosos
517 395 709 438 praecepto
730 390 959 426 affirmativo
987 390 1231 438 praescriptos
1258 391 1450 437 praecipue

165 446 401 486 attendenda
425 449 481 482 est
507 445 604 480 ratio
634 444 734 488 finis,
762 453 848 490 quae
880 447 937 479 est
968 443 1114 480 bonum
1140 444 1305 479 virtutis.
1341 444 1449 479 Ratio

167 507 296 539 autem
316 500 403 536 finis
421 509 497 534 non
518 497 637 545 exigit
657 496 910 533 essentialiter
928 500 970 532 ut
990 497 1148 544 praecise
1169 497 1208 532 in
1229 496 1300 533 hac
1313 497 1372 533 vel
1387 496 1452 532 illa.

165 552 645 601 circumstantia—ponatur
664 553 771 585 actus
792 549 945 586 virtutis
965 550 1193 597 praecriptus
1216 559 1240 585 a
1259 553 1451 597 praecepto

162 613 260 650 pure
281 602 462 649 positivo3
484 602 583 637 sicut
601 601 695 637 ratio
717 600 807 636 finis
833 611 910 636 non
934 601 1052 647 exigit
1072 606 1115 637 ut
1145 606 1253 637 actus
1271 612 1305 638 e.
1323 611 1359 646 g.
1376 601 1451 636 vir-

163 656 255 692 tutis
275 665 362 701 quae
383 658 440 690 est
460 653 629 689 fraterna
657 653 844 689 correctio
868 658 1035 701 ponatur
1057 654 1207 700 quoties
1233 653 1353 689 frater
1373 664 1450 689 cor-

163 708 334 744 rectione
354 706 517 752 indiget.
540 706 640 752 Ergo
655 706 806 753 quoties
827 706 1038 742 necessitas
1060 711 1232 742 extrema
1252 706 1314 742 vel
1336 706 1453 742 etiam

162 760 292 807 gravis
324 760 551 802 immeneat‚
582 759 678 795 ratio
717 758 834 795 dictat
874 770 987 806 posse
1026 759 1228 795 hominem
1267 758 1451 795 desistere

165 813 212 848 ab
233 817 320 848 actu
339 811 492 847 virtutis
511 810 692 857 praecepti
719 810 885 856 positivi,
906 815 944 846 et
968 811 1006 846 in
1026 810 1131 846 aliud
1149 816 1299 859 tempus
1320 817 1449 848 actum

165 865 274 900 illum
293 863 458 899 differre.
474 863 555 898 Imo
573 862 780 909 aliquando
793 862 908 898 homo
921 862 1053 899 debet:
1076 863 1167 910 quia
1176 864 1293 900 vitam
1306 865 1449 911 impru-

164 917 298 953 denter
329 915 497 964 periculo
533 919 754 962 exponeret.
789 916 882 952 Hinc
908 916 947 951 in
980 916 1150 952 historiis
1184 917 1448 954 ecclesiasticis

163 970 328 1017 legimus
352 966 456 1016 quod
476 968 597 1003 sancti
620 968 691 1003 viri
716 968 958 1004 occultabant
981 969 1179 1016 propriam
1205 969 1445 1017 religionem,

162 1027 201 1058 et
224 1022 342 1058 etiam
363 1021 668 1069 persecutionem
686 1020 902 1067 fugiebant3
921 1021 1041 1057 vitam
1062 1031 1200 1069 nempe
1228 1022 1276 1058 ad
1302 1023 1448 1059 bonum

160 1075 382 1112 christianae
402 1074 596 1121 religionis
616 1073 718 1110 etad
736 1074 923 1121 majorem
935 1075 1001 1110 Dei
1020 1074 1182 1122 gloriam
1203 1075 1445 1112 reservando.

207 1128 306 1165 VIII.
336 1128 600 1164 corollarium.
619 1127 649 1162 A
663 1127 813 1163 fortiori
834 1127 953 1175 igitur
970 1129 1175 1164 necessitas
1192 1133 1364 1165 extrema
1389 1130 1444 1165 vel

162 1181 287 1228 gravis
313 1180 448 1216 eximit
476 1180 673 1216 hominem
706 1179 753 1216 ab
785 1179 1032 1227 adimplendo
1060 1181 1186 1217 officio
1214 1182 1397 1229 imposito
1424 1193 1446 1218 a

159 1234 242 1282 iege
263 1238 346 1270 tum
359 1233 626 1269 humanatum
645 1232 795 1268 divina:
816 1233 1028 1270 dummodo
1040 1238 1168 1270 tamen
1187 1235 1274 1271 talis
1294 1245 1444 1282 exemp-

159 1287 213 1321 tio
246 1297 322 1322 non
354 1286 537 1332 importet
568 1285 912 1332 transgressionem
945 1288 1128 1334 praecepti
1159 1288 1325 1334 negativi
1350 1288 1444 1335 legis

159 1343 330 1384 naturae3
352 1343 395 1374 ut
415 1338 445 1373 si
465 1337 618 1374 afferret
635 1348 749 1385 grave
773 1338 920 1374 malum
944 1340 1093 1386 patriae,
1115 1340 1340 1376 scandalum
1375 1351 1440 1387 pu-

159 1391 315 1437 blicum,
336 1395 374 1427 et
393 1390 468 1427 alia.
486 1389 723 1438 hujusmodi.

553 1525 806 1562 ARTICULUS
833 1526 1043 1568 QUARTUS

761 1615 834 1658 (31)

505 1702 559 1738 De
579 1701 747 1749 subjecto
765 1703 874 1749 suris
895 1708 929 1739 ec
947 1703 1086 1750 officii.

197 1805 227 1840 1.
267 1803 444 1848 Quaestio.
468 1802 655 1848 Opinatus
674 1806 730 1837 est
743 1801 891 1837 Ahrcns
912 1803 950 1837 in
965 1813 1034 1838 suo
1054 1803 1172 1839 Cours
1192 1803 1236 1838 a'e
1252 1803 1355 1839 droit
1372 1815 1439 1840 na·

152 1856 249 1893 curel
265 1857 327 1901 (110
347 1854 468 1902 partie
488 1853 646 1900 specul„
665 1855 699 1889 1Β
719 1852 843 1898 divis„
859 1853 970 1900 chap.
989 1854 1031 1899 ΙΙ)
1053 1854 1166 1891 bruta
1185 1865 1337 1902 quoque
1357 1866 1438 1892 esse

149 1909 366 1956 subjectum
382 1907 481 1954 juris
500 1906 671 1949 moram,
694 1915 839 1952 nosque
860 1917 950 1953 erga
967 1907 1032 1942 illa
1048 1906 1235 1955 adstringi
1257 1909 1438 1945 naturali—

150 1963 222 1998 bus
241 1960 390 1998 officiis.
408 1961 438 1995 A
453 1969 530 2006 qua
546 1959 736 1995 sententia
756 1958 948 1994 discedere
972 1970 1048 1994 non
1066 1958 1245 1995 videntur
1260 1960 1434 1997 hodierni

105 2023 112 2033 ··
149 2015 270 2051 nostri
290 2011 529 2059 theriophili,
546 2011 625 2058 qui,
648 2011 834 2047 institutis
853 2012 971 2047 etiam
989 2012 1151 2058 publicis
1173 2013 1431 2058 societatibus,
1480 2048 1483 2051 .

104 2072 108 2076 ’
149 2067 203 2104 ita
222 2075 396 2103 amorem
415 2066 455 2101 in
473 2065 613 2100 bestias
639 2064 833 2100 inculcant
852 2068 966 2110 atque
992 2064 1215 2110 defendunt,
1234 2070 1275 2101 ut
1294 2067 1430 2113 majori
1476 2094 1480 2110 3

147 2120 336 2156 charitate
385 2118 499 2154 bruta
537 2126 655 2164 quam
694 2116 870 2152 homines
913 2122 1208 2165 prosequantur.
1260 2118 1431 2155 Redeunt
1475 2112 1478 2155 ]

101 2166 105 2171 ’
147 2182 286 2219 nempe
311 2170 571 2218 abjectissima
596 2170 812 2217 paganismi
836 2173 1010 2217 tempora
1030 2171 1168 2217 quibus
1181 2170 1320 2207 bestiae
1344 2171 1429 2207 ado·
1475 2180 1479 2197 1

148 2223 334 2259 rabantur
353 2223 401 2259 ab
418 2222 588 2268 homine,
612 2226 649 2257 et
668 2222 896 2258 reviviscunt
915 2234 1062 2259 errores
1084 2222 1312 2271 Pythagorae
1332 2224 1431 2260 circa

147 2275 525 2323 metempsychosim,
546 2285 613 2311 seu
638 2275 1018 2322 transmigrationem
1043 2276 1261 2312 animarum
1285 2276 1321 2311 in
1348 2276 1430 2312 bes·
1480 2290 1482 2293 ·

149 2329 287 2365 tiarum
315 2338 489 2376 corpora.
517 2328 733 2371 Quaerimus
759 2338 848 2375 ergo
876 2333 1005 2365 utrum
1031 2329 1154 2365 brutis
1184 2329 1273 2377 ‚iura
1299 2329 1430 2374 insint,
