1584 2569
160 95 229 128 244
247 103 304 128 sus
321 103 485 128 numm.
501 100 569 127 mn.
591 100 628 127 u.
650 102 727 126 cn.
747 98 784 126 11.
803 101 847 125 nr:
866 97 1052 125 SOCIETATE
1070 97 1140 123 ειν.
1159 96 1194 123 m
1210 97 1250 122 sn
1268 96 1440 122 srncnn

159 174 304 211 cutioni
313 172 488 210 mandari
500 172 638 209 debent
646 183 795 219 nempe,
799 171 888 219 fidel
893 172 979 214 itas,
988 169 1190 216 fortitudo,
1207 166 1439 220 humanitas.

206 226 407 270 fidelitas,
434 236 511 272 qua
538 225 598 261 lex
627 235 764 271 nempe
787 223 1001 270 applicatur
1031 221 1241 258 secundum
1269 219 1440 266 ejusdem

159 279 392 327 praescripta,
414 282 457 314 ut
476 277 719 325 Legislatoris
739 277 899 312 intentio
921 276 959 310 in
979 286 1023 311 ea
1051 271 1333 322 promulganda
1358 271 1441 319 ple-

159 342 252 368 num
271 331 456 367 sortiatur
474 330 665 366 effectum.
694 329 787 365 Hinc
812 329 903 376 quia
924 328 985 364 lex
1010 339 1079 375 pro
1100 326 1279 363 omnibus
1306 325 1439 367 fertur,

159 383 339 421 omnibus
376 382 510 420 eodem
556 381 672 418 modo
715 380 943 428 applicanda
973 385 1030 416 est
1071 380 1152 415 sine
1192 386 1438 425 personarum

158 437 390 484 acceptione.
413 455 457 461 —
483 435 560 471 Hoc
580 439 710 471 autem
736 445 813 470 non
836 433 998 481 impedit
1022 432 1228 479 quominus
1247 431 1439 475 Princeps,

157 495 199 525 ut
218 488 427 536 legislator,
448 488 568 535 possit
588 488 625 523 in
646 487 775 534 aliquo
800 497 890 524 casu
915 486 1210 522 determinatam
1238 493 1440 532 personam

157 542 204 578 ab
235 541 477 578 observantia
506 540 599 588 legis
631 550 709 576 suae
739 539 980 587 dispensare3
1007 538 1072 574 sed
1105 542 1246 582 tamen,
1283 547 1329 572 ne
1359 535 1441 572 haec

157 594 389 642 dispensatio
418 594 468 629 sit
486 593 689 629 arbitraria
713 597 750 629 et
781 596 1056 639 consequenter
1089 590 1296 637 despotica,
1329 588 1442 624 debet

156 647 299 695 duplici
318 646 537 683 conditione
569 646 776 693 legitimari
796 656 804 681 :
828 647 862 680 1·
881 650 923 681 ut
943 644 1174 692 dispensatio
1195 643 1234 678 in
1262 652 1351 678 casu
1379 641 1441 677 de-

156 699 363 735 terminato
392 698 516 745 magis
549 702 682 745 vergat
707 698 746 733 in
778 698 923 734 bonum
958 707 1162 733 commune
1199 705 1315 742 quam
1347 694 1442 740 legis

156 752 352 795 executio;
374 753 411 786 2·
430 756 473 786 ut
495 750 728 798 dispensatio
757 760 833 786 non
852 750 962 787 cedat
981 750 1020 785 in
1050 749 1248 785 laesionem
1279 747 1441 794 justitiae

155 804 265 841 alteri
285 802 445 848 debitae3
467 813 584 850 quam
613 803 804 850 justitiam
836 803 1015 850 Princeps
1043 806 1081 838 et
1106 800 1262 848 quidem
1294 800 1440 847 primus

156 860 308 893 tenetur
325 866 488 892 servare.
510 876 555 882 —
573 855 689 892 Adest
714 857 831 892 etiam
858 866 968 892 casus
987 853 1282 902 dispensationis
1301 863 1323 888 a
1342 853 1438 899 lege,

156 920 240 956 quoe
261 909 414 957 proprie
434 919 512 944 non
544 913 600 944 est
625 908 874 956 dispensatio,
903 907 969 944 sed
998 906 1276 954 interpretatio,
1303 916 1368 941 seu
1398 909 1440 939 ut

156 962 267 1009 vulgo
298 961 439 998 dicitur
466 961 635 1008 Epikia3
669 966 707 997 et
735 965 791 997 est
819 960 973 1008 quando
1003 971 1049 996 ex
1079 958 1321 995 observantia
1345 957 1439 1005 legis

154 1018 378 1061 sequeretur
397 1014 558 1059 malum,
580 1013 683 1060 quod
704 1014 902 1050 moraliter
921 1017 1068 1049 certum
1089 1016 1145 1049 est
1164 1022 1187 1047 a
1207 1011 1440 1058 Legislatore

154 1067 247 1103 velle
285 1067 431 1102 evitari.
472 1066 549 1102 Hoc
583 1067 686 1101 enim
725 1067 762 1101 in
795 1077 884 1102 casu
916 1066 976 1101 lex
1013 1076 1091 1101 non
1128 1064 1364 1107 observatur,
1396 1068 1440 1098 ut.

153 1120 314 1156 intentio
334 1118 578 1167 Legislatoris
598 1119 722 1165 magis
747 1118 979 1154 attendatur.
1004 1117 1077 1153 Sed
1097 1116 1144 1153 de
1164 1117 1224 1153 his
1242 1115 1291 1152 ad
1314 1126 1439 1152 mora-

152 1173 270 1208 listas.

199 1225 414 1260 Fortitudo.
437 1224 594 1265 Quando
614 1224 715 1260 enim
737 1224 912 1260 homines
932 1224 1042 1271 probi
1062 1235 1105 1260 ac
1124 1225 1218 1271 justi
1243 1224 1438 1260 inveniun-

156 1282 230 1322 tur,
264 1277 412 1324 legibus
442 1276 628 1312 obediunt
653 1287 808 1322 amore3
837 1282 876 1313 at
904 1277 943 1312 in
974 1277 1155 1313 societate
1186 1278 1292 1324 pravi
1322 1277 1436 1313 etiam

153 1329 329 1365 homines
363 1333 466 1374 sunt,
496 1330 562 1376 qui
593 1330 787 1366 licentiam
825 1340 912 1366 cum
940 1330 1116 1366 libertate
1147 1329 1436 1375 confundentes,

152 1383 301 1430 legibus
321 1382 476 1419 obedire
494 1382 718 1419 detrectant.
740 1383 784 1418 Vi
801 1393 891 1430 ergo
908 1383 1112 1419 coercitiva
1130 1382 1242 1419 debet
1257 1393 1336 1419 esse
1356 1394 1436 1419 mu-

153 1435 233 1471 nita
259 1436 455 1472 executiva
490 1438 670 1482 potestas,
699 1438 742 1470 ut
767 1435 933 1482 improbi
961 1435 1060 1471 cives
1090 1435 1125 1471 vi
1153 1435 1307 1480 faciant,
1335 1435 1437 1482 quod

152 1498 280 1523 amore
323 1487 444 1524 facere
475 1492 681 1524 recusant:
715 1498 822 1523 secus
856 1488 1001 1524 bonum
1038 1498 1242 1524 commune
1281 1492 1438 1535 propter

151 1550 282 1576 eorum
309 1539 596 1587 improbitatem
616 1540 770 1587 periret,
791 1544 829 1575 et
847 1540 920 1575 nisi
939 1540 974 1575 vi
994 1539 1240 1587 adigerentur
1269 1540 1317 1576 ad
1342 1540 1437 1588 legis

153 1593 447 1636 observantiam,
488 1592 626 1628 melior
665 1602 781 1638 quam
831 1592 1041 1639 proborum
1094 1592 1295 1629 hominum
1338 1598 1437 1630 esset

154 1655 287 1680 eorum
315 1644 498 1681 conditio.
539 1644 644 1681 Unde
669 1645 808 1681 Paulus
838 1645 996 1682 Roman.
1026 1645 1122 1690 XIII,
1151 1656 1187 1681 v.
1214 1647 1234 1681 3
1260 1650 1298 1682 et
1322 1648 1436 1693 {seqq

154 1698 231 1734 ait:
256 1711 271 1730 ‹
293 1698 486 1745 Principes
509 1707 587 1734 non
611 1702 701 1733 sunt
721 1698 850 1733 timori
876 1698 966 1734 boni
993 1699 1130 1745 operis,
1152 1698 1217 1735 sed
1246 1699 1350 1736 mali.
1372 1701 1436 1736 Vis

152 1754 282 1786 autem
302 1761 380 1787 non
401 1751 536 1786 timere
565 1754 794 1797 potestatem
808 1752 824 1785 ⁴?
850 1751 999 1786 Bonum
1025 1751 1095 1796 fac,
1118 1756 1155 1787 et
1180 1751 1338 1788 habebis
1357 1753 1435 1789 lau-

152 1802 239 1838 dem
265 1813 311 1839 ex
332 1802 422 1839 illa:
443 1803 510 1839 Dei
531 1803 633 1839 enim
652 1803 827 1839 minister
846 1808 902 1840 est
923 1804 992 1839 tibi
1013 1804 1050 1839 in
1071 1804 1229 1841 bonum.
1253 1805 1290 1840 Si
1306 1810 1433 1843 autem

151 1855 298 1891 malum
319 1855 464 1900 feceris,
487 1856 580 1892 time
602 1866 610 1891 ε
633 1866 710 1892 non
730 1856 833 1892 enim
862 1857 943 1892 sine
968 1867 1082 1893 causa
1102 1857 1272 1904 gladium
1293 1864 1433 1906 portat.

150 1907 217 1944 Dei
243 1908 345 1944 enim
373 1908 551 1944 minister
571 1912 654 1944 est:
676 1908 815 1945 vindex
838 1909 876 1945 in
908 1909 1005 1945 iram
1028 1910 1062 1946 ei
1082 1911 1148 1957 qui
1167 1911 1314 1948 malum
1341 1913 1434 1960 agit.

151 1959 316 2006 Ideoque
337 1961 560 1997 necessitate
579 1960 723 1997 subditi
743 1966 877 1998 estote.
900 1976 917 1995 ι

195 2013 442 2050 Humanitas.
485 2013 635 2050 Etenim
665 2013 727 2050 lex
761 2013 982 2051 hominibus
1012 2015 1227 2064 imponitur
1259 2018 1434 2055 libertate

150 2065 322 2112 praeditis
342 2066 381 2101 in
407 2065 570 2113 agendo.
591 2066 772 2108 Quamvis
791 2077 881 2114 ergo
910 2078 956 2104 ex
976 2078 1053 2105 una
1068 2073 1175 2116 parte
1191 2070 1342 2116 justitia
1358 2073 1434 2108 exi-

151 2122 215 2164 gat
235 2122 276 2154 ut
296 2128 414 2154 manu
433 2118 550 2154 veluti
567 2118 689 2155 ferrea
714 2119 844 2167 legum
867 2120 1105 2158 observantia
1127 2127 1363 2169 procuretur,
1386 2134 1432 2160 ex

150 2171 270 2207 altera
289 2175 394 2218 parte
412 2181 489 2207 non
511 2172 626 2207 timor
653 2173 751 2208 sicut
779 2173 816 2208 in
837 2172 967 2209 bestiis
986 2173 1051 2209 sed
1071 2184 1181 2210 amor
1210 2176 1432 2213 excitandus

150 2228 205 2259 est
233 2224 272 2259 in
297 2223 518 2260 hominibus
542 2224 669 2270 quoad
700 2225 870 2271 ipsarum
895 2226 1026 2273 legum
1055 2227 1349 2273 observantiam,
1384 2239 1431 2265 ne

151 2276 323 2312 executio
343 2275 519 2319 crudeliS‚
537 2276 718 2312 odibilem
736 2276 870 2314 reddat
885 2278 1008 2325 ipsam
1032 2278 1169 2326 legem.
1190 2280 1340 2317 Etenim
1360 2282 1431 2317 mi·

152 2327 359 2365 sericordia
377 2327 533 2376 quidem
552 2328 717 2366 stultitia
732 2334 788 2366 est
807 2330 888 2366 sine
903 2331 1078 2378 justitia;
1096 2331 1161 2369 sed
1179 2332 1332 2380 justitia
1349 2334 1431 2370 sine
