1554 2569
122 102 201 127 An.
222 102 271 128 tv.
293 103 336 129 DE
355 104 402 129 ns
413 105 491 134 QUAE
501 105 676 132 INFLUUNT
687 106 724 131 IN
737 105 989 132 VOLUNTAmUu
1002 105 1044 129 Ex
1056 104 1167 129 PARTE
1180 103 1329 129 VOLUNT.
1359 94 1403 128 89

123 174 220 211 bilis.
260 175 358 222 Ergo
393 177 569 213 voluntas
605 177 826 214 discordans
859 188 882 213 a
915 177 1063 212 ratione
1088 176 1164 211 sive
1193 179 1298 210 recta
1328 175 1404 210 sive

121 231 270 262 errante
290 238 442 275 semper
467 234 523 265 est
540 230 654 266 mala.
677 250 721 256 —-
739 230 821 274 1-11‚
843 230 913 271 Qu.
933 229 1026 273 xlx,
1049 230 1127 265 Art.
1147 228 1188 265 V.

167 280 227 315 IX.
249 280 431 317 Attamen
449 283 631 318 voluntas
645 284 880 319 concordans
894 282 1038 318 rationi
1054 281 1203 316 erranti
1216 290 1293 316 non
1311 290 1404 315 sem-

120 341 189 376 per
216 336 277 369 est
300 333 411 378 hona,
441 345 521 379 seu,
550 336 652 380 quod
671 336 772 371 idem
793 338 864 380 est,
886 335 1125 371 conscientia
1146 342 1306 369 erronea
1329 341 1406 367 non

122 395 271 430 semper
283 391 456 423 excusat..
474 387 565 428 Quae
586 388 798 434 propositio
817 387 1042 434 probatione
1060 396 1135 420 non
1155 385 1303 432 indiget
1320 389 1407 431 post

122 436 224 473 dicta
246 437 292 473 de
317 439 547 485 ignorantia.
581 440 618 475 Si
645 441 747 481 enirn
775 450 881 475 error
902 438 1104 485 proveniat
1124 448 1169 473 ex
1188 437 1407 484 ignorantia

122 499 208 534 quae
231 490 305 527 alio
331 491 461 536 modo,
492 492 604 538 juxta
631 492 745 537 dicta,
774 496 830 527 est
852 491 1082 534 voluntaria,
1111 494 1215 536 patet
1238 499 1406 525 errorem

122 542 248 588 ipsum
275 554 355 579 esse
376 543 649 590 voluntarium,
670 549 707 580 et
727 548 1002 591 consequenter
1022 543 1219 578 hominem
1245 541 1407 588 obligari

123 593 170 628 ad
201 596 438 632 contrarium
469 598 550 643 ers
583 596 686 643 quod
715 597 812 632 ratio
839 607 970 632 errans
997 596 1069 631 hoo
1095 596 1133 630 in
1161 605 1250 630 casu
1275 593 1406 637 dictat,

123 651 160 681 et
190 647 351 684 minime
382 650 553 685 excusari
588 661 610 685 a
642 649 901 697 culpabilitate
936 648 1098 684 actionis
1127 651 1291 694 peractae
1320 657 1407 682 eum

123 700 355 736 conscientia
371 706 521 737 errante
541 701 613 737 hoc
634 702 762 738 modo.
783 722 828 727 —-
843 702 1020 736 Attamen
1042 701 1072 735 si
1090 711 1196 735 error
1210 699 1409 746 proveniat

123 762 169 786 ex
187 752 405 799 ignorantia
424 754 671 799 antecedente,
693 764 779 800 quae
797 754 920 789 aul'ert
938 753 1212 796 voluntarium,
1233 751 1409 787 voluntas

124 804 276 849 rationi,
301 816 367 840 seu
394 807 638 842 conscienlire
662 807 805 841 erranti
831 805 1069 841 concordans
1087 805 1188 840 bona
1208 808 1265 839 est
1285 813 1408 838 mora-

125 856 222 894 liter.
244 877 289 882 —
305 857 404 893 Ihm.
426 859 542 895 Artic.
562 860 621 895 VI.

168 909 212 944 X.
228 909 344 945 NOTA.
362 910 536 946 Solvitur
553 911 776 947 difficultas.
796 911 902 946 Dices
922 921 930 945 ε
950 910 1134 945 Voluntas
1150 909 1373 945 discordans
1388 919 1410 944 a

126 962 271 997 ratione
291 967 441 998 errante
458 968 515 999 est
531 964 647 1008 mala,
670 968 711 998 ut
729 964 875 998 dictum
896 967 953 998 est
970 974 1007 999 n.
1029 963 1088 998 Vl.
1110 962 1147 997 Si
1170 972 1259 1008 ergo
1279 961 1409 997 volun-

126 1018 181 1048 tas
200 1014 436 1050 concordans
457 1015 597 1050 rationi
618 1015 761 1050 erranti
788 1015 837 1049 sit
857 1015 974 1050 etiam
998 1014 1112 1058 mala,
1137 1013 1289 1048 videtur
1307 1013 1410 1059 quod

125 1066 251 1101 omnis
269 1066 446 1102 voluntas
470 1067 648 1103 habentis
671 1067 861 1103 rationem
881 1071 1073 1102 errantem
1095 1066 1143 1100 sit
1163 1065 1283 1110 mala3
1303 1069 1340 1100 et
1359 1065 1412 1100 sic

126 1117 211 1152 talis
236 1118 354 1154 homo
378 1120 451 1154 erit
479 1119 682 1166 perplexus
709 1124 746 1154 et
768 1130 816 1154 ex
841 1119 1065 1154 necessitate
1089 1117 1280 1164 peccabit;
1308 1117 1411 1163 quod

127 1174 183 1205 est
206 1170 488 1208 inconveniens,
514 1171 613 1219 Ergo
635 1171 813 1208 voluntas
838 1170 1075 1206 concordans
1104 1169 1246 1207 rationi
1270 1169 1413 1205 erranti

127 1227 184 1258 est
204 1223 317 1260 bona.

170 1276 279 1321 Resp.
299 1276 393 1312 Huic
415 1276 634 1312 difficultati
655 1276 737 1312 haec
760 1275 966 1322 respondet
993 1275 1030 1311 S.
1055 1274 1222 1310 Thomas
1245 1275 1317 1312 loc.
1346 1274 1410 1311 cit.

128 1327 206 1363 Art.
224 1328 270 1363 VI
285 1328 333 1364 ad
355 1331 375 1364 3
395 1340 403 1366 ε
429 1343 444 1361 ε
464 1329 569 1364 Sicut
586 1330 621 1364 in
640 1328 896 1376 syllogisticis,
916 1338 992 1363 uno
1011 1328 1291 1363 inconvenienti
1308 1326 1412 1370 dato,

129 1390 278 1416 necesse
322 1386 380 1417 est
419 1382 495 1417 alia
538 1382 665 1428 sequi;
703 1382 757 1417 ita
791 1381 830 1416 in
865 1380 1088 1425 moralibus,
1125 1390 1202 1415 uno
1241 1380 1413 1415 inconve-

129 1433 247 1468 nienti
267 1434 406 1479 posito,
425 1445 471 1469 ex
491 1434 714 1469 necessitate
733 1433 807 1469 alia
823 1437 1049 1479 sequuntur.
1070 1432 1188 1475 Sicut,
1209 1431 1409 1478 supposito

131 1484 234 1531 quod
256 1485 394 1531 aliquis
420 1490 567 1532 quaerat
593 1486 746 1521 inanem
772 1485 947 1532 gloriam,
976 1484 1053 1519 sive
1078 1488 1234 1530 propter
1258 1484 1413 1518 inanem

131 1537 292 1584 gloriam
306 1538 421 1574 faciat
434 1538 538 1584 quod
556 1538 677 1574 facere
694 1542 848 1582 tenetur,
865 1538 940 1573 sive
959 1536 1142 1581 dimittat,
1165 1546 1316 1582 semper
1333 1546 1414 1582 pec-

131 1591 243 1628 cabit.
272 1591 348 1627 Nec
379 1596 508 1627 tamen
536 1595 593 1627 est
618 1591 834 1638 perplexus,
868 1591 960 1637 quia
996 1594 1122 1637 potest
1155 1589 1415 1624 intentionem

131 1643 272 1679 malam
289 1643 495 1680 dimittere.
514 1644 560 1679 Et
579 1644 768 1689 similiter,
790 1643 989 1690 supposito
1011 1652 1139 1677 errore
1164 1642 1337 1685 rationis,
1358 1641 1416 1676 vel

132 1696 385 1742 conscientiae,
398 1697 464 1743 qui
473 1697 646 1744 procedit
658 1708 703 1732 ex
716 1696 936 1743 ignorantia
947 1705 1023 1730 non
1036 1699 1255 1738 excusante,
1266 1704 1417 1729 necesse

133 1753 200 1793 est,
219 1749 322 1795 quod
339 1754 522 1797 sequatur
541 1750 686 1785 malum
706 1750 744 1785 in
762 1749 971 1785 voluntate.
990 1748 1064 1783 Nec
1083 1752 1210 1783 tamen
1229 1747 1416 1782 esthemo

134 1802 347 1848 perplexus,
366 1803 457 1849 quia
473 1806 599 1849 potest
618 1802 665 1838 ab
685 1812 814 1838 errore
830 1800 1005 1838 recedere
1023 1811 1110 1837 cum
1128 1799 1348 1847 ignorantia
1367 1799 1418 1834 sit

135 1854 321 1889 vineibilis
338 1858 376 1889 et
391 1854 621 1891 voluntaria.
646 1867 664 1887 ι

531 1965 789 2006 Αῐιτιουιυε
815 1964 1023 2006 ρυιΝΤυε

738 2048 810 2092 (20)

308 2129 363 2168 De
381 2131 432 2166 iis
449 2142 531 2178 quoe
550 2131 593 2167 in
611 2129 868 2166 voluntarium
888 2130 1056 2174 influunt
1070 2140 1117 2165 ex
1130 2135 1244 2175 parce

593 2184 716 2230 ipsius
737 2182 957 2218 voluntatis.

186 2270 215 2308 Ι.
236 2271 501 2309 Praenotanda.
523 2271 576 2307 Ea
598 2281 683 2318 quae
704 2271 742 2306 in
763 2270 1023 2306 voluntarium
1051 2269 1218 2304 influunt
1242 2279 1286 2303 ex
1314 2271 1420 2314 parte

138 2327 260 2375 ipsius
277 2325 480 2361 voluntatis
498 2325 688 2372 praecipue
708 2327 797 2359 sunt
818 2323 985 2361 habitus.
1008 2323 1059 2358 De
1080 2322 1277 2358 habitibus
1292 2325 1421 2357 autem
