1554 2569
482 128 565 165 mr.
592 138 628 164 v.
650 138 694 164 nn
721 138 807 164 sunt
839 137 994 163 summu
1355 126 1419 162 115

129 208 316 246 Antiocho
334 207 531 254 obediunt,
550 212 593 245 ut
613 208 783 245 discedat
799 208 1062 255 unusquisque
1079 218 1101 243 a
1119 207 1301 243 servitute
1326 205 1421 253 legis

130 266 284 309 patrum
307 271 479 306 suorum,
510 265 547 297 et
582 262 799 298 consentiat
828 260 1022 297 mandatis
1048 261 1152 308 eJ'us;
1187 270 1257 308 ego
1279 263 1316 295 et
1352 258 1419 294 filii

129 314 220 358 mei,
252 317 290 350 et
324 312 460 349 fratres
493 314 570 350 mei
615 313 838 350 obediemus
875 313 950 361 legi
992 317 1147 360 patrum
1183 316 1419 348 nostrorum.

130 365 322 413 Propitius
353 366 403 401 sit
439 366 550 402 nobis
585 366 705 402 Deus:
740 377 818 402 non
852 370 908 402 est
936 366 1049 401 nobis
1083 365 1176 401 utile
1207 364 1421 411 relinquere
1471 403 1474 406 Δ

131 418 253 465 legem
273 422 310 454 et
322 418 497 465 justitias
514 419 594 455 Dei.
617 419 699 455 Non
720 419 922 455 audiemus
945 419 1059 454 verba
1093 418 1192 466 regis
1224 416 1418 460 Antiochi,

131 480 199 506 nec
217 471 520 507 sacrificabimus
540 471 865 519 transgredientes
884 471 979 518 legis
1000 475 1143 506 nostrae
1161 469 1359 514 mandata,
1381 474 1422 504 ut

130 532 262 558 eamus
279 522 399 559 altera
418 524 489 559 via.
509 537 524 556 ι
542 523 854 560 -ΜαεΙιαόωον,
880 524 960 559 Lib.
992 524 1020 569 1,
1040 523 1131 570 Cap.
1155 522 1201 558 11.
1223 522 1283 568 55,
1304 522 1418 557 19-22.

531 646 793 683 ARTICULUS
819 644 1023 688 QUINTUS

746 727 819 774 (26)

591 809 647 845 De
674 809 766 856 jure
796 809 978 855 gentium.

177 890 206 927 1.
221 889 432 928 Sententiae
450 890 554 927 circa
564 895 748 927 naturam
764 892 873 938 juris,
892 903 960 928 seu
975 892 1072 937 legis
1089 892 1273 937 gentium.
1285 890 1424 926 Roselli

133 942 174 978 in
195 953 264 979 sua
291 943 435 979 Ethica
473 944 542 985 Qu.
574 944 633 988 Vl,
663 944 778 980 Artic.
811 944 838 989 1,
876 944 1043 979 referens
1065 944 1323 980 recentiorum
1341 954 1424 979 sen-

133 995 273 1031 tentias
305 996 405 1032 circa
448 1000 628 1032 naturam
666 996 761 1044 legis
797 997 970 1043 gentium
1018 996 1100 1032 haec
1129 996 1268 1032 habet:
1309 1009 1323 1027 ‹
1360 995 1426 1030 Jus

133 1047 307 1095 gentium
327 1047 483 1093 dicitur,
502 1048 628 1094 inquit
646 1047 683 1083 S.
697 1047 869 1084 Isidorus
887 1048 1091 1095 Oriqinum
1107 1048 1174 1084 lib.
1187 1047 1229 1084 V.
1252 1047 1342 1094 Cap.
1363 1047 1424 1084 VI.

131 1100 232 1147 quod
250 1110 291 1136 eo
305 1100 398 1148 jure
413 1111 538 1137 omnes
552 1101 632 1147 fere
655 1105 780 1147 yentes
796 1105 969 1137 utuntur.
993 1100 1090 1136 Sunt
1110 1100 1175 1148 qui
1206 1099 1347 1147 duplex
1362 1100 1426 1147 jus

135 1153 309 1200 gentium
333 1152 605 1201 distinguunt:
633 1154 798 1189 alterum
815 1155 1083 1197 necessarium,
1113 1152 1297 1189 claudens
1325 1153 1424 1201 prin-

131 1205 233 1252 cipia
246 1209 282 1241 et
303 1205 431 1241 officia
445 1206 543 1252 juris
569 1206 780 1249 naturalis;
815 1206 978 1242 alterum
998 1206 1272 1250 voluntarium,
1295 1206 1425 1241 huma-

131 1267 223 1292 num
250 1267 293 1292 ac
320 1256 480 1293 liberum
520 1257 559 1292 in
585 1256 753 1304 quadam
785 1259 1036 1293 conventione
1072 1258 1188 1293 tacita
1222 1256 1423 1292 fundatum

133 1309 202 1353 (ita
216 1308 376 1344 Wolfius
400 1309 571 1354 Iustitia,
594 1309 679 1356 jur.
709 1314 789 1346 nat.
812 1314 845 1346 et
866 1315 978 1356 gleni„
1000 1311 1018 1355 §
1054 1311 1171 1354 1088).
1206 1309 1428 1345 Puffendoi-

132 1362 206 1397 fius
228 1365 359 1397 autem
389 1361 446 1398 De
466 1361 559 1409 J‘ure
589 1367 742 1399 naturoe
763 1368 797 1399 et
823 1367 938 1409 yent„
965 1363 1004 1398 L.
1043 1363 1088 1407 ΙΙ,
1120 1363 1209 1410 Cap.
1235 1362 1298 1407 ΙΙΙ,
1326 1363 1419 1407 ξ.23,

132 1413 342 1460 reprobans
361 1413 482 1450 Grotii
503 1414 573 1460 (De
586 1414 679 1462 jtcre
694 1413 784 1451 belli
802 1420 834 1451 et
849 1415 963 1462 pacis
983 1415 1063 1451 Lib.
1087 1415 1115 1451 1.
1134 1415 1225 1462 Cap.
1258 1415 1285 1451 1.
1313 1416 1343 1460 §.
1365 1415 1420 1459 14>

133 1466 364 1503 sententiam
393 1468 626 1504 secer-nentis
641 1468 705 1515 jus
723 1468 896 1515 gentium
916 1478 938 1503 a
954 1468 1042 1514 Jure
1077 1468 1255 1512 naturali,
1277 1467 1315 1502 in
1342 1478 1423 1503 sen·

134 1519 295 1555 tentiam
314 1519 488 1556 concedit
509 1520 687 1557 Hobbesii
703 1520 772 1565 (De
788 1520 887 1563 Cive,
904 1519 995 1567 Cap.
1017 1520 1108 1557 XIV.
1129 1522 1158 1564 ξ.
1172 1522 1212 1556 14
1230 1524 1266 1556 et
1286 1522 1423 1566 seqq.),

133 1571 200 1618 qui
218 1571 342 1620 legem
362 1573 578 1609 naturalem
598 1572 734 1609 dividit
754 1574 793 1609 in
813 1573 1030 1609 naturalem
1041 1573 1250 1617 hominum,
1266 1577 1303 1608 et
1317 1577 1426 1608 nacu-

133 1623 252 1661 ralem
264 1624 464 1662 civitatum
477 1636 572 1672 quoe,
585 1626 697 1672 vulqo
705 1626 775 1673 Jus
784 1626 954 1673 yentium
963 1626 1183 1672 appellatur
1199 1637 1207 1671 3
1226 1624 1422 1672 additque:

135 1690 152 1710 ι
180 1682 375 1725 praecepta
392 1679 594 1726 utriusq‘ue
611 1679 746 1716 eadem
776 1684 865 1715 sunt
882 1691 891 1725 3
910 1679 976 1715 sed
998 1680 1089 1727 quia
1115 1679 1288 1715 civitates
1308 1679 1426 1714 semel

136 1744 153 1762 ι
180 1730 369 1767 institutae
404 1731 570 1767 induunt
589 1733 845 1779 proprietates
870 1732 1075 1768 hominum
1093 1731 1330 1779 personales,
1365 1731 1430 1768 lex,

137 1795 153 1813 ‹
181 1792 299 1829 quam
311 1782 513 1830 loquentes
529 1783 576 1819 de
589 1784 794 1821 hominum
808 1785 1049 1832 singulorum
1070 1784 1196 1820 officio
1211 1783 1430 1819 naturalem·

137 1848 154 1866 ι
182 1833 359 1880 dicimus,
378 1835 570 1882 applicata
595 1837 686 1872 totis
705 1837 935 1880 civitatibus,
952 1837 1187 1880 nationibus,
1209 1836 1284 1871 sive
1305 1836 1425 1883 genti·

137 1901 154 1919 ε
182 1887 268 1932 bus,
301 1891 462 1924 vocatur
484 1888 549 1935 Jus
570 1889 757 1936 gentium.
781 1903 797 1922 ι
820 1888 953 1924 Eidem
986 1889 1188 1924 sententiae
1220 1888 1425 1923 subscribit

135 1938 426 1975 Burlamachius
447 1940 569 1985 (Tom.
589 1940 635 1985 ΙΙ,
656 1941 766 1987 Opp.,
785 1940 876 1987 Cap.
899 1941 927 1985 Ι)
948 1950 1036 1976 cum
1053 1939 1164 1976 docet
1178 1939 1312 1976 eadem
1327 1940 1426 1987 juris

135 1991 322 2028 naturalis
350 1996 544 2040 praecepta
572 1993 764 2041 applicata
794 1992 1015 2029 hominibus
1033 1993 1075 2028 in
1083 1992 1327 2039 particulari
1351 1992 1423 2029 dici

135 2044 260 2092 legem
273 2044 491 2082 naturalem
510 2057 520 2091 3
541 2046 734 2093 applicata
757 2056 846 2082 vero
867 2045 1029 2082 diversis
1050 2044 1275 2081 nationibus
1298 2046 1424 2081 vocari

133 2096 197 2143 ius
217 2098 407 2145 gentium.
426 2097 576 2134 Similia
595 2099 768 2135 scribunt
789 2098 1009 2135 lleineccius
1025 2098 1081 2135 De
1091 2098 1184 2144 jure
1206 2103 1358 2134 naturoe
1392 2103 1426 2134 et

134 2154 234 2196 qent.
254 2150 336 2186 Lib.
356 2150 386 2188 1.
406 2151 481 2196 §.21
507 2155 545 2188 et
563 2161 684 2198 seqq„
714 2151 868 2188 Samuel
888 2151 1066 2187 Cocceius
1084 2151 1247 2187 Dissert.
1263 2161 1423 2198 prooem.
1461 2186 1465 2201 ἰ

137 2201 198 2240 IV.
220 2202 312 2250 Cap.
342 2203 390 2241 11.
410 2202 513 2251 531,
540 2204 813 2252 Barbeyracius
843 2205 881 2240 in
900 2204 1062 2250 Proefat.
1085 2203 1132 2240 ad
1150 2203 1255 2240 Grot.
1283 2205 1315 2248 ἓ.
1342 2205 1362 2238 8
1388 2208 1424 2239 et
1463 2206 1467 2223 ’-

136 2258 219 2291 not.
239 2257 262 2291 2
281 2255 330 2292 ad
340 2255 646 2293 Puffendorfium
669 2257 738 2305 Op.
757 2262 795 2293 et
813 2257 885 2293 loc.
907 2257 987 2301 cit„
1015 2256 1156 2303 aliique
1177 2256 1422 2292 recentiores.

137 2306 310 2345 Finettus
346 2313 477 2346 autem
504 2310 561 2346 De
585 2309 803 2357 principiis
819 2309 906 2357 J'ur.
929 2315 1010 2346 nat.
1037 2314 1070 2345 et
1091 2314 1189 2356 qent.
1233 2309 1313 2344 Lih.
1344 2308 1423 2354 XII,

136 2359 228 2408 Cap.
249 2360 296 2407 11,
317 2371 457 2399 novam
474 2367 530 2399 est
559 2363 755 2411 ingressus
783 2363 898 2400 viam.
932 2362 1065 2411 Itaque
1085 2362 1124 2398 in
1135 2362 1221 2409 jure
1251 2363 1422 2409 gentium
