1584 2569
83 110 165 135 AnT.
177 109 243 134 vn.
260 108 303 134 DE
313 108 389 134 01²9.
399 108 442 134 ΕΤ
458 108 533 133 mn.
550 106 776 134 sunnlroluu
794 106 887 132 ERGA
902 107 1015 132 pour.
1031 107 1254 135 Porsssrunu
1296 102 1362 139 2351

78 181 153 217 bile
174 179 361 228 impedire
382 179 515 216 omnia
529 179 705 215 crimina.
726 178 925 215 Passiones
943 179 1046 215 enim
1067 190 1169 228 saepe
1188 180 1363 219 homines

74 236 342 281 corrumpunt,
363 236 401 269 et
420 233 616 280 egoismus
636 231 684 268 ad
706 231 848 268 scelera
867 232 1045 279 impellit.

124 286 295 334 ObJectio
313 290 466 332 quarta.
488 284 634 321 Accidit
654 284 886 332 quandoque
905 289 948 321 ut
968 285 1152 323 innocens
1171 297 1287 335 poena
1313 300 1368 326 ca-

77 339 169 386 pitis
188 338 403 386 plectatur:
426 337 530 384 quod
551 341 608 373 est
628 336 815 373 damnum
835 338 1096 385 irreparabile.
1124 339 1172 375 Ut
1191 341 1310 388 igitur
1330 344 1367 379 id

77 403 155 428 non
174 389 336 436 accidat,
352 390 623 427 abstinendum
639 394 695 426 est
710 390 756 425 ab
775 390 999 438 hujusmodi
1013 402 1129 439 poena
1142 392 1367 437 infligenda.

78 445 136 482 lta
152 444 296 492 passim
318 443 540 480 adversarii.

123 499 233 544 Resp.
263 496 407 532 lterum
436 500 639 543 retorqueo
660 500 947 544 argumentum.
964 497 1118 543 {Accidit
1136 499 1367 549 quandoque

77 555 121 586 ut
133 551 316 586 innocens
338 560 407 596 per
422 550 652 586 sententiam
663 549 806 597 judicis
820 550 1043 597 ignominiae
1065 552 1267 589 triremum
1281 554 1367 590 sub-

74 604 213 651 jaceat,
235 603 274 638 in
294 612 412 649 quam
442 603 697 650 ignominiam
728 606 869 650 praeter
888 602 1032 640 damna
1057 606 1274 642 materialia
1294 611 1364 644 tra-

79 656 136 692 hit
155 655 343 691 familiam
363 665 474 691 suam
491 665 499 691 ε
522 665 608 702 quae
627 655 769 691 damna
789 655 1016 703 gravissima
1036 661 1103 693 aut
1120 668 1166 693 ex
1184 662 1281 705 toto,
1303 665 1368 696 aut

79 709 214 744 saltem
232 718 278 743 ex
297 711 406 755 parte
425 712 516 743 sunt
539 708 817 755 irreparabilia.
845 708 944 756 Ergo
971 713 1014 745 ut
1039 708 1078 745 id
1102 721 1180 746 non
1206 712 1368 757 accidat,

80 760 350 798 abstinendum
374 765 430 796 est
457 761 504 797 ab
520 761 745 808 hujusmodi
765 762 890 809 poenis
907 762 1141 810 infligendis.
1168 782 1214 792 --
1234 764 1370 801 Dolen-

80 815 173 850 dum
188 813 318 860 itaque
335 817 392 849 est
404 813 509 860 quod
526 813 735 860 aliquando
754 814 937 851 innocens
948 815 1252 854 condemnetur:
1269 817 1370 855 unde

81 867 251 903 officium
272 866 464 902 societatis
484 871 540 902 est
557 867 715 914 seligere
737 866 888 914 judices
914 868 1106 915 sapientes
1123 880 1132 915 3
1154 874 1195 906 at
1215 870 1371 917 quando

77 919 238 967 Justitia‘
258 919 440 955 humanae
468 923 572 956 certo
593 924 744 955 constat
771 919 983 956 secundum
1004 921 1120 958 allata
1146 926 1184 959 et
1210 924 1372 970 probata

81 972 279 1008 hominem
294 981 374 1007 esse
391 981 513 1016 reum,
535 971 681 1019 culpari
697 982 775 1008 non
795 971 909 1009 debet
924 973 956 1009 si
970 974 1097 1020 ipsum
1112 974 1345 1013 condemnet
1363 988 1370 1011 :

81 1035 188 1061 secus
217 1028 347 1060 actum
367 1028 465 1060 esset
496 1023 543 1060 de
559 1024 712 1071 justitia
732 1025 833 1061 inter
852 1024 1043 1062 homines.
1067 1026 1173 1062 Sicut
1192 1028 1232 1063 in
1256 1028 1372 1074 bello,

83 1077 195 1113 multi
227 1077 449 1113 innocentes
477 1081 653 1124 pereunt,
675 1081 713 1113 et
731 1078 1034 1126 irreparabiliter
1053 1084 1240 1126 pereunt3
1261 1086 1300 1117 et
1319 1086 1373 1119 ta—

82 1140 172 1166 men
191 1140 306 1166 nemo
325 1140 441 1166 sanus
458 1129 611 1175 dixerit,
628 1131 693 1177 Jus
712 1141 790 1166 non
816 1131 938 1167 inesse
965 1132 1138 1168 societati
1159 1134 1373 1181 expellendi

83 1184 201 1219 armis
221 1183 422 1218 inimicum
442 1182 672 1228 invasorem,
694 1183 786 1230 quia
804 1183 921 1219 simul
950 1195 1038 1220 cum
1059 1185 1248 1233 improbis
1268 1187 1375 1224 inno-

85 1240 212 1273 centes
232 1239 407 1283 pereunt.

132 1287 301 1335 Objectio
321 1287 470 1334 quinta.
492 1287 635 1323 Saltem
656 1288 787 1335 negari
808 1299 885 1324 non
906 1293 1032 1336 potest
1052 1300 1208 1336 poenam
1235 1293 1376 1339 capita-

84 1342 160 1378 lem
180 1339 374 1377 crudelem
392 1350 486 1385 esse,
504 1345 542 1376 et
562 1341 715 1388 populis
735 1341 911 1377 civilibus
928 1341 1031 1378 haud
1050 1344 1267 1380 convenire.

130 1395 239 1441 Resp.
262 1393 366 1440 Nego
397 1402 554 1440 poenam
580 1393 784 1440 capitalem
813 1404 894 1430 esse
923 1394 1130 1431 crudelem.
1163 1396 1377 1434 Crudelitas

85 1448 203 1491 enim,
215 1447 328 1493 Juxta
345 1455 476 1482 veram
493 1445 759 1482 definitionem
779 1446 815 1482 S.
832 1446 1004 1492 Thomae‚
1026 1448 1124 1485 11-11.
1147 1449 1216 1491 Qu.
1240 1449 1375 1490 CLVII.

85 1501 164 1536 Art.
195 1499 223 1535 Ι.
257 1497 304 1534 ad
331 1499 365 1543 3,
392 1502 449 1534 est
481 1498 619 1534 vitium
653 1498 869 1534 humanum
902 1499 1088 1536 excedens
1119 1501 1281 1538 modum
1311 1515 1379 1551 pu·

88 1551 218 1588 niendi
230 1551 374 1597 culpas.
395 1550 646 1586 Probavimus
663 1555 793 1587 autem
810 1562 935 1599 poenae
953 1553 1127 1600 capitalis
1147 1556 1375 1594 sententiam

87 1616 165 1642 non
185 1603 365 1641 excedere
384 1602 546 1639 modum
567 1603 753 1650 puniendi
773 1604 919 1651 culpas.

471 1736 730 1774 ARTlcULUs
764 1738 994 1776 SEPTIMUS

699 1820 773 1864 (55)

225 1906 274 1944 De
292 1906 437 1953 officiis
455 1910 487 1941 et
499 1905 658 1952 juribus
677 1905 919 1943 subditorum
936 1918 1028 1953 crya
1040 1908 1248 1954 politicam

618 1969 850 2010 potestatem.

141 2079 169 2114 Ι.
192 2080 324 2116 Officia
343 2080 385 2115 et
410 2078 494 2124 iura
523 2078 565 2113 in
591 2087 743 2123 genere.
776 2078 883 2125 Saepe
919 2084 1064 2120 uictum
1085 2089 1141 2121 est
1161 2086 1383 2124 societatem

93 2131 142 2168 ad
158 2131 320 2168 modum
339 2131 510 2178 corporis
528 2130 698 2177 organici
716 2131 878 2170 animati
901 2137 1049 2183 concipi
1069 2137 1218 2184 debere,
1242 2150 1320 2185 seu,
1343 2146 1384 2176 ut

94 2182 232 2220 melius
270 2183 411 2228 dicam,
447 2182 495 2219 ad
529 2181 690 2218 modum
726 2182 887 2222 humani
920 2188 1122 2225 individui.
1159 2190 1265 2226 Sicut
1292 2202 1382 2238 ergo

95 2246 248 2273 necesse
267 2240 325 2272 est
343 2240 387 2271 ut
405 2235 445 2271 in
465 2234 663 2271 individuo
685 2240 860 2275 membra
880 2240 927 2276 ad
942 2242 1103 2277 invicem
1124 2253 1163 2278 se
1180 2243 1328 2289 juvent,
1348 2250 1384 2280 et

97 2289 228 2324 omnia
246 2288 361 2324 simul
381 2288 520 2324 animae
541 2288 834 2337 obtemperent;
866 2293 919 2328 ita
950 2305 1100 2331 necesse
1121 2299 1176 2331 est
1210 2300 1251 2331 ut
1270 2297 1382 2342 cives,

97 2342 163 2389 qui
182 2345 224 2377 ut
243 2341 419 2377 membra
431 2344 670 2388 componunt
687 2354 824 2392 corpus
838 2346 989 2393 sociale,
1005 2348 1144 2395 majori
1161 2358 1291 2386 amore
1304 2359 1384 2386 sese
