<?xml version="1.0" encoding="UTF-8"?>
<!DOCTYPE html PUBLIC "-//W3C//DTD XHTML 1.0 Transitional//EN"
    "http://www.w3.org/TR/xhtml1/DTD/xhtml1-transitional.dtd">
<html xmlns="http://www.w3.org/1999/xhtml" xml:lang="en" lang="en">
 <head>
  <title>
</title>
<meta http-equiv="Content-Type" content="text/html;charset=utf-8" />
  <meta name='ocr-system' content='tesseract 3.04.00' />
  <meta name='ocr-capabilities' content='ocr_page ocr_carea ocr_par ocr_line ocrx_word'/>
</head>
<body>
  <div class='ocr_page' id='page_1' title='image "./summaphilosophic03zigluoft_0049.png"; bbox 0 0 1554 2569; ppageno 0'>
   <div class='ocr_carea' id='block_1_1' title="bbox 89 110 1376 146">
    <p class='ocr_par' dir='ltr' id='par_1_1' title="bbox 89 110 1376 146">
     <span class='ocr_line' id='line_1_1' title="bbox 89 110 1376 146; baseline 0 -2"><span class='ocrx_word' id='word_1_1' title='bbox 89 119 213 145; x_wconf 56' lang='lat' dir='ltr'>Aluan.</span> <span class='ocrx_word' id='word_1_2' title='bbox 222 120 264 145; x_wconf 79' lang='lat' dir='ltr'>m:</span> <span class='ocrx_word' id='word_1_3' title='bbox 272 120 430 145; x_wconf 70' lang='lat' dir='ltr'>cmmmo</span> <span class='ocrx_word' id='word_1_4' title='bbox 438 120 653 145; x_wconf 77' lang='lat' dir='ltr'>EXTRINSECO</span> <span class='ocrx_word' id='word_1_5' title='bbox 663 120 900 145; x_wconf 70' lang='lat' dir='ltr'>nonALerrls</span> <span class='ocrx_word' id='word_1_6' title='bbox 907 120 1088 146; x_wconf 68' lang='lat' dir='ltr'>ACTiONUu</span> <span class='ocrx_word' id='word_1_7' title='bbox 1096 119 1241 145; x_wconf 57' lang='lat' dir='ltr'>limiam</span> <span class='ocrx_word' id='word_1_8' title='bbox 1248 120 1318 145; x_wconf 72' lang='lat' dir='ltr'>RUM</span> <span class='ocrx_word' id='word_1_9' title='bbox 1334 110 1376 143; x_wconf 75' lang='grc'>39</span> 
     </span>
    </p>
   </div>
   <div class='ocr_carea' id='block_1_2' title="bbox 90 189 1376 290">
    <p class='ocr_par' dir='ltr' id='par_1_2' title="bbox 90 189 1376 290">
     <span class='ocr_line' id='line_1_2' title="bbox 90 189 1376 237; baseline 0 -13"><span class='ocrx_word' id='word_1_10' title='bbox 90 190 260 225; x_wconf 85' lang='lat' dir='ltr'>diversas</span> <span class='ocrx_word' id='word_1_11' title='bbox 284 195 443 226; x_wconf 88' lang='lat' dir='ltr'>naturas</span> <span class='ocrx_word' id='word_1_12' title='bbox 468 201 477 226; x_wconf 93' lang='lat'>:</span> <span class='ocrx_word' id='word_1_13' title='bbox 500 201 576 226; x_wconf 89' lang='lat' dir='ltr'>non</span> <span class='ocrx_word' id='word_1_14' title='bbox 604 191 707 226; x_wconf 88' lang='lat' dir='ltr'>enim</span> <span class='ocrx_word' id='word_1_15' title='bbox 733 190 973 226; x_wconf 78' lang='lat' dir='ltr'><strong>frondescere</strong></span> <span class='ocrx_word' id='word_1_16' title='bbox 994 190 1098 237; x_wconf 92' lang='lat' dir='ltr'>quod</span> <span class='ocrx_word' id='word_1_17' title='bbox 1119 193 1174 225; x_wconf 88' lang='lat' dir='ltr'>est</span> <span class='ocrx_word' id='word_1_18' title='bbox 1195 189 1376 237; x_wconf 73' lang='lat' dir='ltr'>perfectio</span> 
     </span>
     <span class='ocr_line' id='line_1_3' title="bbox 91 242 1375 290; baseline -0.001 -12"><span class='ocrx_word' id='word_1_19' title='bbox 91 242 253 285; x_wconf 87' lang='lat' dir='ltr'>arboris,</span> <span class='ocrx_word' id='word_1_20' title='bbox 272 242 440 278; x_wconf 89' lang='lat' dir='ltr'>hominis</span> <span class='ocrx_word' id='word_1_21' title='bbox 456 245 572 279; x_wconf 81' lang='lat' dir='ltr'>etiam</span> <span class='ocrx_word' id='word_1_22' title='bbox 592 243 770 290; x_wconf 78' lang='lat' dir='ltr'>perfectio</span> <span class='ocrx_word' id='word_1_23' title='bbox 787 243 948 279; x_wconf 89' lang='lat' dir='ltr'>dicenda</span> <span class='ocrx_word' id='word_1_24' title='bbox 963 247 1032 278; x_wconf 89' lang='lat' dir='ltr'>est.</span> <span class='ocrx_word' id='word_1_25' title='bbox 1048 242 1231 278; x_wconf 62' lang='lat' dir='ltr'>Perseo-tio</span> <span class='ocrx_word' id='word_1_26' title='bbox 1248 246 1375 278; x_wconf 81' lang='lat' dir='ltr'>autem</span> 
     </span>
    </p>
   </div>
   <div class='ocr_carea' id='block_1_3' title="bbox 35 295 1378 342">
    <p class='ocr_par' dir='ltr' id='par_1_3' title="bbox 35 295 1378 342">
     <span class='ocr_line' id='line_1_4' title="bbox 35 295 1378 342; baseline -0.001 -12"><span class='ocrx_word' id='word_1_27' title='bbox 35 325 39 329; x_wconf 93' lang='lat'>.</span> <span class='ocrx_word' id='word_1_28' title='bbox 92 295 261 330; x_wconf 88' lang='lat' dir='ltr'>hominis</span> <span class='ocrx_word' id='word_1_29' title='bbox 282 300 339 331; x_wconf 77' lang='lat' dir='ltr'>est</span> <span class='ocrx_word' id='word_1_30' title='bbox 359 296 579 341; x_wconf 79' lang='lat' dir='ltr'>rationalis,</span> <span class='ocrx_word' id='word_1_31' title='bbox 602 306 688 342; x_wconf 81' lang='lat' dir='ltr'>quae</span> <span class='ocrx_word' id='word_1_32' title='bbox 708 295 872 340; x_wconf 88' lang='lat' dir='ltr'>homini,</span> <span class='ocrx_word' id='word_1_33' title='bbox 894 298 936 331; x_wconf 86' lang='lat' dir='ltr'>ut</span> <span class='ocrx_word' id='word_1_34' title='bbox 962 299 1020 331; x_wconf 88' lang='lat' dir='ltr'>est</span> <span class='ocrx_word' id='word_1_35' title='bbox 1044 295 1174 335; x_wconf 89' lang='lat' dir='ltr'>homo,</span> <span class='ocrx_word' id='word_1_36' title='bbox 1203 296 1378 330; x_wconf 84' lang='lat' dir='ltr'>convenit</span> 
     </span>
    </p>
   </div>
   <div class='ocr_carea' id='block_1_4' title="bbox 85 347 1380 2393">
    <p class='ocr_par' dir='ltr' id='par_1_4' title="bbox 85 347 1380 1551">
     <span class='ocr_line' id='line_1_5' title="bbox 91 347 1379 395; baseline 0 -13"><span class='ocrx_word' id='word_1_37' title='bbox 91 347 391 393; x_wconf 75' lang='lat' dir='ltr'>independenter</span> <span class='ocrx_word' id='word_1_38' title='bbox 412 359 435 384; x_wconf 84' lang='lat' dir='ltr'>a</span> <span class='ocrx_word' id='word_1_39' title='bbox 455 350 589 394; x_wconf 86' lang='lat' dir='ltr'>quavis</span> <span class='ocrx_word' id='word_1_40' title='bbox 606 348 688 395; x_wconf 78' lang='lat' dir='ltr'>lege</span> <span class='ocrx_word' id='word_1_41' title='bbox 710 348 822 384; x_wconf 85' lang='lat' dir='ltr'>civili.</span> <span class='ocrx_word' id='word_1_42' title='bbox 843 350 940 395; x_wconf 85' lang='lat' dir='ltr'>Ergo</span> <span class='ocrx_word' id='word_1_43' title='bbox 960 347 1076 395; x_wconf 81' lang='lat' dir='ltr'>leges,</span> <span class='ocrx_word' id='word_1_44' title='bbox 1099 359 1184 394; x_wconf 81' lang='lat' dir='ltr'>quae</span> <span class='ocrx_word' id='word_1_45' title='bbox 1204 348 1379 383; x_wconf 78' lang='lat' dir='ltr'>feruntur</span> 
     </span>
     <span class='ocr_line' id='line_1_6' title="bbox 91 400 1374 448; baseline -0.001 -13"><span class='ocrx_word' id='word_1_46' title='bbox 91 400 138 435; x_wconf 90' lang='lat' dir='ltr'>ab</span> <span class='ocrx_word' id='word_1_47' title='bbox 153 401 380 436; x_wconf 84' lang='lat' dir='ltr'>auctoritate</span> <span class='ocrx_word' id='word_1_48' title='bbox 391 401 504 443; x_wconf 80' lang='lat' dir='ltr'>civili,</span> <span class='ocrx_word' id='word_1_49' title='bbox 521 401 567 437; x_wconf 89' lang='lat' dir='ltr'>ab</span> <span class='ocrx_word' id='word_1_50' title='bbox 579 400 967 448; x_wconf 68' lang='lat' dir='ltr'>homineperficiendo</span> <span class='ocrx_word' id='word_1_51' title='bbox 980 401 1183 437; x_wconf 74' lang='lat' dir='ltr'>secundum</span> <span class='ocrx_word' id='word_1_52' title='bbox 1192 401 1374 436; x_wconf 69' lang='lat' dir='ltr'>rationem</span> 
     </span>
     <span class='ocr_line' id='line_1_7' title="bbox 88 452 1378 500; baseline 0 -13"><span class='ocrx_word' id='word_1_53' title='bbox 88 452 283 488; x_wconf 71' lang='lat' dir='ltr'>criterium</span> <span class='ocrx_word' id='word_1_54' title='bbox 306 453 497 500; x_wconf 83' lang='lat' dir='ltr'>accipiant</span> <span class='ocrx_word' id='word_1_55' title='bbox 516 465 670 490; x_wconf 85' lang='lat' dir='ltr'>neeesse</span> <span class='ocrx_word' id='word_1_56' title='bbox 688 460 769 499; x_wconf 86' lang='lat' dir='ltr'>est;</span> <span class='ocrx_word' id='word_1_57' title='bbox 792 456 845 489; x_wconf 94' lang='lat' dir='ltr'>ita</span> <span class='ocrx_word' id='word_1_58' title='bbox 866 464 1001 500; x_wconf 80' lang='lat' dir='ltr'>nempe</span> <span class='ocrx_word' id='word_1_59' title='bbox 1021 460 1062 489; x_wconf 91' lang='lat' dir='ltr'>ut</span> <span class='ocrx_word' id='word_1_60' title='bbox 1084 454 1224 500; x_wconf 69' lang='lat' dir='ltr'>iniquae</span> <span class='ocrx_word' id='word_1_61' title='bbox 1245 454 1320 488; x_wconf 89' lang='lat' dir='ltr'>sint</span> <span class='ocrx_word' id='word_1_62' title='bbox 1341 458 1378 488; x_wconf 89' lang='lat' dir='ltr'>et</span> 
     </span>
     <span class='ocr_line' id='line_1_8' title="bbox 89 505 1377 553; baseline 0 -13"><span class='ocrx_word' id='word_1_63' title='bbox 89 505 305 541; x_wconf 82' lang='lat' dir='ltr'>inhonestae</span> <span class='ocrx_word' id='word_1_64' title='bbox 325 516 411 552; x_wconf 82' lang='lat' dir='ltr'>quae</span> <span class='ocrx_word' id='word_1_65' title='bbox 433 506 519 542; x_wconf 89' lang='lat' dir='ltr'>huic</span> <span class='ocrx_word' id='word_1_66' title='bbox 539 507 692 542; x_wconf 89' lang='lat' dir='ltr'>criterio</span> <span class='ocrx_word' id='word_1_67' title='bbox 715 517 794 542; x_wconf 90' lang='lat' dir='ltr'>non</span> <span class='ocrx_word' id='word_1_68' title='bbox 817 506 1073 553; x_wconf 87' lang='lat' dir='ltr'>respondent;</span> <span class='ocrx_word' id='word_1_69' title='bbox 1096 506 1269 542; x_wconf 72' lang='grc'>1101103110</span> <span class='ocrx_word' id='word_1_70' title='bbox 1292 516 1377 552; x_wconf 83' lang='lat' dir='ltr'>quae</span> 
     </span>
     <span class='ocr_line' id='line_1_9' title="bbox 88 558 1377 606; baseline 0.001 -13"><span class='ocrx_word' id='word_1_71' title='bbox 88 568 175 593; x_wconf 88' lang='lat' dir='ltr'>oum</span> <span class='ocrx_word' id='word_1_72' title='bbox 195 558 268 594; x_wconf 88' lang='lat' dir='ltr'>hoe</span> <span class='ocrx_word' id='word_1_73' title='bbox 287 559 439 595; x_wconf 82' lang='lat' dir='ltr'>criterio</span> <span class='ocrx_word' id='word_1_74' title='bbox 459 560 703 595; x_wconf 70' lang='lat' dir='ltr'>conveniunt.</span> <span class='ocrx_word' id='word_1_75' title='bbox 727 561 762 595; x_wconf 88' lang='lat' dir='ltr'>Si</span> <span class='ocrx_word' id='word_1_76' title='bbox 784 563 914 595; x_wconf 87' lang='lat' dir='ltr'>autem</span> <span class='ocrx_word' id='word_1_77' title='bbox 935 559 1038 606; x_wconf 82' lang='lat' dir='ltr'>leges</span> <span class='ocrx_word' id='word_1_78' title='bbox 1059 559 1184 595; x_wconf 81' lang='lat' dir='ltr'>civiles</span> <span class='ocrx_word' id='word_1_79' title='bbox 1205 559 1377 594; x_wconf 80' lang='lat' dir='ltr'>honestae</span> 
     </span>
     <span class='ocr_line' id='line_1_10' title="bbox 93 610 1378 659; baseline 0.001 -14"><span class='ocrx_word' id='word_1_80' title='bbox 93 610 146 645; x_wconf 74' lang='lat' dir='ltr'>vel</span> <span class='ocrx_word' id='word_1_81' title='bbox 160 614 289 657; x_wconf 83' lang='lat' dir='ltr'>turpes</span> <span class='ocrx_word' id='word_1_82' title='bbox 304 621 385 647; x_wconf 87' lang='lat' dir='ltr'>esse</span> <span class='ocrx_word' id='word_1_83' title='bbox 401 616 576 658; x_wconf 84' lang='lat' dir='ltr'>possunt,</span> <span class='ocrx_word' id='word_1_84' title='bbox 591 617 695 657; x_wconf 83' lang='lat' dir='ltr'>patet</span> <span class='ocrx_word' id='word_1_85' title='bbox 712 613 814 658; x_wconf 89' lang='lat' dir='ltr'>ipsas</span> <span class='ocrx_word' id='word_1_86' title='bbox 831 623 910 648; x_wconf 92' lang='lat' dir='ltr'>non</span> <span class='ocrx_word' id='word_1_87' title='bbox 924 623 1006 648; x_wconf 84' lang='lat' dir='ltr'>osse</span> <span class='ocrx_word' id='word_1_88' title='bbox 1023 622 1250 659; x_wconf 77' lang='lat' dir='ltr'>supremum</span> <span class='ocrx_word' id='word_1_89' title='bbox 1268 612 1378 646; x_wconf 87' lang='lat' dir='ltr'>crite-</span> 
     </span>
     <span class='ocr_line' id='line_1_11' title="bbox 91 664 1370 708; baseline 0.001 -11"><span class='ocrx_word' id='word_1_90' title='bbox 91 664 189 698; x_wconf 83' lang='lat' dir='ltr'>rium</span> <span class='ocrx_word' id='word_1_91' title='bbox 232 664 462 700; x_wconf 84' lang='lat' dir='ltr'>moralitatis</span> <span class='ocrx_word' id='word_1_92' title='bbox 500 665 696 700; x_wconf 89' lang='lat' dir='ltr'>actionum</span> <span class='ocrx_word' id='word_1_93' title='bbox 739 665 1015 708; x_wconf 85' lang='lat' dir='ltr'>humanarum,</span> <span class='ocrx_word' id='word_1_94' title='bbox 1058 665 1124 701; x_wconf 85' lang='lat' dir='ltr'>sed</span> <span class='ocrx_word' id='word_1_95' title='bbox 1163 664 1370 699; x_wconf 70' lang='lat' dir='ltr'>necessaris</span> 
     </span>
     <span class='ocr_line' id='line_1_12' title="bbox 89 714 1379 764; baseline 0 -14"><span class='ocrx_word' id='word_1_96' title='bbox 89 714 196 751; x_wconf 87' lang='lat' dir='ltr'>aliud</span> <span class='ocrx_word' id='word_1_97' title='bbox 215 716 391 762; x_wconf 86' lang='lat' dir='ltr'>superius</span> <span class='ocrx_word' id='word_1_98' title='bbox 410 716 606 752; x_wconf 81' lang='lat' dir='ltr'>criterium</span> <span class='ocrx_word' id='word_1_99' title='bbox 631 728 846 764; x_wconf 86' lang='lat' dir='ltr'>supponere</span> <span class='ocrx_word' id='word_1_100' title='bbox 867 728 888 752; x_wconf 88' lang='lat' dir='ltr'>a</span> <span class='ocrx_word' id='word_1_101' title='bbox 910 728 984 764; x_wconf 84' lang='lat' dir='ltr'>quo</span> <span class='ocrx_word' id='word_1_102' title='bbox 1003 717 1175 763; x_wconf 86' lang='lat' dir='ltr'>ipsarum</span> <span class='ocrx_word' id='word_1_103' title='bbox 1196 716 1379 752; x_wconf 84' lang='lat' dir='ltr'>honestas</span> 
     </span>
     <span class='ocr_line' id='line_1_13' title="bbox 89 767 1379 816; baseline 0 -13"><span class='ocrx_word' id='word_1_104' title='bbox 89 767 255 813; x_wconf 80' lang='lat' dir='ltr'>pendeat</span> <span class='ocrx_word' id='word_1_105' title='bbox 283 771 321 804; x_wconf 83' lang='lat' dir='ltr'>et</span> <span class='ocrx_word' id='word_1_106' title='bbox 351 768 571 805; x_wconf 78' lang='lat' dir='ltr'>definiatur.</span> <span class='ocrx_word' id='word_1_107' title='bbox 600 790 645 796; x_wconf 87' lang='lat'>—</span> <span class='ocrx_word' id='word_1_108' title='bbox 673 771 745 806; x_wconf 90' lang='lat' dir='ltr'>Pro</span> <span class='ocrx_word' id='word_1_109' title='bbox 776 770 848 806; x_wconf 87' lang='lat' dir='ltr'>hac</span> <span class='ocrx_word' id='word_1_110' title='bbox 875 771 993 806; x_wconf 88' lang='lat' dir='ltr'>etiam</span> <span class='ocrx_word' id='word_1_111' title='bbox 1018 769 1186 806; x_wconf 86' lang='lat' dir='ltr'>secunda</span> <span class='ocrx_word' id='word_1_112' title='bbox 1204 769 1379 816; x_wconf 82' lang='lat' dir='ltr'>proposi-</span> 
     </span>
     <span class='ocr_line' id='line_1_14' title="bbox 89 820 1378 869; baseline 0.001 -14"><span class='ocrx_word' id='word_1_113' title='bbox 89 820 191 856; x_wconf 84' lang='lat' dir='ltr'>tione</span> <span class='ocrx_word' id='word_1_114' title='bbox 222 821 364 857; x_wconf 85' lang='lat' dir='ltr'>militat</span> <span class='ocrx_word' id='word_1_115' title='bbox 397 821 642 857; x_wconf 77' lang='lat' dir='ltr'>ratiocinium</span> <span class='ocrx_word' id='word_1_116' title='bbox 679 834 795 869; x_wconf 87' lang='lat' dir='ltr'>supra</span> <span class='ocrx_word' id='word_1_117' title='bbox 828 834 866 858; x_wconf 91' lang='lat' dir='ltr'>n.</span> <span class='ocrx_word' id='word_1_118' title='bbox 897 823 945 859; x_wconf 90' lang='lat'>111</span> <span class='ocrx_word' id='word_1_119' title='bbox 978 833 1024 858; x_wconf 87' lang='lat' dir='ltr'>ex</span> <span class='ocrx_word' id='word_1_120' title='bbox 1055 823 1234 858; x_wconf 83' lang='lat' dir='ltr'>Cicerone</span> <span class='ocrx_word' id='word_1_121' title='bbox 1269 825 1378 857; x_wconf 86' lang='lat' dir='ltr'>tran-</span> 
     </span>
     <span class='ocr_line' id='line_1_15' title="bbox 87 872 1378 920; baseline 0.001 -13"><span class='ocrx_word' id='word_1_122' title='bbox 87 872 274 919; x_wconf 87' lang='lat' dir='ltr'>scriptum</span> <span class='ocrx_word' id='word_1_123' title='bbox 289 884 296 915; x_wconf 89' lang='lat'>;</span> <span class='ocrx_word' id='word_1_124' title='bbox 314 873 379 918; x_wconf 87' lang='lat' dir='ltr'>qui</span> <span class='ocrx_word' id='word_1_125' title='bbox 395 872 491 909; x_wconf 74' lang='lat' dir='ltr'>ibid.</span> <span class='ocrx_word' id='word_1_126' title='bbox 512 875 601 920; x_wconf 91' lang='lat' dir='ltr'>Cap.</span> <span class='ocrx_word' id='word_1_127' title='bbox 618 876 691 918; x_wconf 81' lang='lat' dir='ltr'>XV,</span> <span class='ocrx_word' id='word_1_128' title='bbox 711 875 793 910; x_wconf 84' lang='lat' dir='ltr'>haec</span> <span class='ocrx_word' id='word_1_129' title='bbox 808 875 884 910; x_wconf 87' lang='lat' dir='ltr'>alia</span> <span class='ocrx_word' id='word_1_130' title='bbox 903 875 1019 911; x_wconf 82' lang='lat' dir='ltr'>habet</span> <span class='ocrx_word' id='word_1_131' title='bbox 1040 875 1088 911; x_wconf 90' lang='lat' dir='ltr'>ad</span> <span class='ocrx_word' id='word_1_132' title='bbox 1108 885 1189 911; x_wconf 89' lang='lat' dir='ltr'>rem</span> <span class='ocrx_word' id='word_1_133' title='bbox 1208 877 1378 910; x_wconf 86' lang='lat' dir='ltr'>nostram</span> 
     </span>
     <span class='ocr_line' id='line_1_16' title="bbox 88 925 1379 972; baseline 0 -12"><span class='ocrx_word' id='word_1_134' title='bbox 88 925 396 961; x_wconf 84' lang='lat' dir='ltr'>confirmandam</span> <span class='ocrx_word' id='word_1_135' title='bbox 422 926 662 972; x_wconf 74' lang='lat' dir='ltr'>exp&#39;licitIOru</span> <span class='ocrx_word' id='word_1_136' title='bbox 691 938 698 962; x_wconf 91' lang='lat'><strong>:</strong></span> <span class='ocrx_word' id='word_1_137' title='bbox 729 942 744 960; x_wconf 75' lang='grc' dir='ltr'>ι</span> <span class='ocrx_word' id='word_1_138' title='bbox 773 929 856 963; x_wconf 90' lang='lat' dir='ltr'>Jam</span> <span class='ocrx_word' id='word_1_139' title='bbox 881 939 969 964; x_wconf 83' lang='lat' dir='ltr'>vero</span> <span class='ocrx_word' id='word_1_140' title='bbox 991 927 1084 963; x_wconf 86' lang='lat' dir='ltr'>illud</span> <span class='ocrx_word' id='word_1_141' title='bbox 1106 927 1379 963; x_wconf 84' lang='lat' dir='ltr'>stultissimum</span> 
     </span>
     <span class='ocr_line' id='line_1_17' title="bbox 89 977 1380 1026; baseline 0 -14"><span class='ocrx_word' id='word_1_142' title='bbox 89 977 305 1013; x_wconf 85' lang='lat' dir='ltr'>existimare</span> <span class='ocrx_word' id='word_1_143' title='bbox 324 978 456 1014; x_wconf 89' lang='lat' dir='ltr'>omnia</span> <span class='ocrx_word' id='word_1_144' title='bbox 468 979 573 1025; x_wconf 82' lang='lat' dir='ltr'>justa</span> <span class='ocrx_word' id='word_1_145' title='bbox 593 990 689 1023; x_wconf 83' lang='lat' dir='ltr'>esse,</span> <span class='ocrx_word' id='word_1_146' title='bbox 709 991 794 1025; x_wconf 88' lang='lat' dir='ltr'>quae</span> <span class='ocrx_word' id='word_1_147' title='bbox 815 981 911 1016; x_wconf 86' lang='lat' dir='ltr'>scita</span> <span class='ocrx_word' id='word_1_148' title='bbox 927 980 1001 1015; x_wconf 88' lang='lat' dir='ltr'>sint</span> <span class='ocrx_word' id='word_1_149' title='bbox 1023 980 1256 1026; x_wconf 88' lang='lat' dir='ltr'>populorum</span> <span class='ocrx_word' id='word_1_150' title='bbox 1276 979 1380 1013; x_wconf 86' lang='lat' dir='ltr'>insti-</span> 
     </span>
     <span class='ocr_line' id='line_1_18' title="bbox 89 1030 1379 1080; baseline 0 -15"><span class='ocrx_word' id='word_1_151' title='bbox 89 1030 180 1066; x_wconf 82' lang='lat' dir='ltr'>tutis</span> <span class='ocrx_word' id='word_1_152' title='bbox 209 1035 276 1066; x_wconf 88' lang='lat' dir='ltr'>aut</span> <span class='ocrx_word' id='word_1_153' title='bbox 296 1031 459 1078; x_wconf 73' lang='lat' dir='ltr'>legibus.</span> <span class='ocrx_word' id='word_1_154' title='bbox 483 1032 670 1077; x_wconf 79' lang='lat' dir='ltr'>Etiamne,</span> <span class='ocrx_word' id='word_1_155' title='bbox 697 1034 727 1068; x_wconf 89' lang='lat' dir='ltr'>si</span> <span class='ocrx_word' id='word_1_156' title='bbox 756 1043 842 1080; x_wconf 80' lang='lat' dir='ltr'>quae</span> <span class='ocrx_word' id='word_1_157' title='bbox 868 1033 970 1080; x_wconf 85' lang='lat' dir='ltr'>leges</span> <span class='ocrx_word' id='word_1_158' title='bbox 996 1034 1072 1068; x_wconf 89' lang='grc'>31111</span> <span class='ocrx_word' id='word_1_159' title='bbox 1099 1033 1379 1079; x_wconf 58' lang='lat' dir='ltr'>tyrannorum?</span> 
     </span>
     <span class='ocr_line' id='line_1_19' title="bbox 88 1084 1379 1133; baseline 0 -15"><span class='ocrx_word' id='word_1_160' title='bbox 88 1084 118 1119; x_wconf 87' lang='lat' dir='ltr'>si</span> <span class='ocrx_word' id='word_1_161' title='bbox 149 1084 306 1130; x_wconf 79' lang='lat' dir='ltr'>triginta</span> <span class='ocrx_word' id='word_1_162' title='bbox 336 1085 388 1120; x_wconf 80' lang='lat' dir='ltr'>illi</span> <span class='ocrx_word' id='word_1_163' title='bbox 421 1084 580 1120; x_wconf 81' lang='lat' dir='ltr'>Athenis</span> <span class='ocrx_word' id='word_1_164' title='bbox 612 1085 714 1133; x_wconf 83' lang='lat' dir='ltr'>leges</span> <span class='ocrx_word' id='word_1_165' title='bbox 750 1086 950 1132; x_wconf 89' lang='lat' dir='ltr'>imponere</span> <span class='ocrx_word' id='word_1_166' title='bbox 984 1085 1204 1129; x_wconf 74' lang='lat' dir='ltr'>voluissent,</span> <span class='ocrx_word' id='word_1_167' title='bbox 1247 1089 1313 1121; x_wconf 84' lang='lat' dir='ltr'>aut</span> <span class='ocrx_word' id='word_1_168' title='bbox 1349 1085 1379 1119; x_wconf 84' lang='lat' dir='ltr'>si</span> 
     </span>
     <span class='ocr_line' id='line_1_20' title="bbox 88 1137 1378 1186; baseline -0.001 -15"><span class='ocrx_word' id='word_1_169' title='bbox 88 1147 221 1172; x_wconf 86' lang='lat' dir='ltr'>omnes</span> <span class='ocrx_word' id='word_1_170' title='bbox 250 1137 504 1173; x_wconf 84' lang='lat' dir='ltr'>Athenienses</span> <span class='ocrx_word' id='word_1_171' title='bbox 535 1138 816 1174; x_wconf 82' lang='lat' dir='ltr'>delectarentur</span> <span class='ocrx_word' id='word_1_172' title='bbox 844 1139 1054 1186; x_wconf 78' lang='lat' dir='ltr'>tyrannicis</span> <span class='ocrx_word' id='word_1_173' title='bbox 1085 1138 1250 1185; x_wconf 78' lang='lat' dir='ltr'>legibus,</span> <span class='ocrx_word' id='word_1_174' title='bbox 1286 1148 1378 1173; x_wconf 85' lang='lat' dir='ltr'>num</span> 
     </span>
     <span class='ocr_line' id='line_1_21' title="bbox 88 1189 1378 1237; baseline 0.001 -13"><span class='ocrx_word' id='word_1_175' title='bbox 88 1189 230 1225; x_wconf 87' lang='lat' dir='ltr'>ideirco</span> <span class='ocrx_word' id='word_1_176' title='bbox 248 1189 309 1225; x_wconf 84' lang='lat' dir='ltr'>hae</span> <span class='ocrx_word' id='word_1_177' title='bbox 322 1190 426 1236; x_wconf 79' lang='lat' dir='ltr'>leges</span> <span class='ocrx_word' id='word_1_178' title='bbox 442 1190 554 1236; x_wconf 80' lang='lat' dir='ltr'>justae</span> <span class='ocrx_word' id='word_1_179' title='bbox 570 1189 833 1227; x_wconf 76' lang='lat' dir='ltr'>haberentur?</span> <span class='ocrx_word' id='word_1_180' title='bbox 846 1191 986 1236; x_wconf 85' lang='lat' dir='ltr'>Nihilo,</span> <span class='ocrx_word' id='word_1_181' title='bbox 1003 1191 1130 1235; x_wconf 83' lang='lat' dir='ltr'>credo,</span> <span class='ocrx_word' id='word_1_182' title='bbox 1153 1191 1278 1237; x_wconf 82' lang='lat' dir='ltr'>magis</span> <span class='ocrx_word' id='word_1_183' title='bbox 1300 1190 1378 1235; x_wconf 82' lang='lat' dir='ltr'>illa,</span> 
     </span>
     <span class='ocr_line' id='line_1_22' title="bbox 88 1241 1377 1290; baseline 0.002 -15"><span class='ocrx_word' id='word_1_184' title='bbox 88 1251 207 1288; x_wconf 85' lang='lat' dir='ltr'>quam</span> <span class='ocrx_word' id='word_1_185' title='bbox 232 1241 399 1277; x_wconf 76' lang='lat' dir='ltr'>interrex</span> <span class='ocrx_word' id='word_1_186' title='bbox 423 1247 553 1278; x_wconf 88' lang='lat' dir='ltr'>noster</span> <span class='ocrx_word' id='word_1_187' title='bbox 576 1243 676 1287; x_wconf 85' lang='lat' dir='ltr'>tulit,</span> <span class='ocrx_word' id='word_1_188' title='bbox 702 1248 742 1278; x_wconf 90' lang='lat' dir='ltr'>ut</span> <span class='ocrx_word' id='word_1_189' title='bbox 764 1243 942 1287; x_wconf 86' lang='lat' dir='ltr'>dictator,</span> <span class='ocrx_word' id='word_1_190' title='bbox 967 1254 1083 1290; x_wconf 85' lang='lat' dir='ltr'>quem</span> <span class='ocrx_word' id='word_1_191' title='bbox 1103 1244 1215 1278; x_wconf 79' lang='lat' dir='ltr'>vellet</span> <span class='ocrx_word' id='word_1_192' title='bbox 1239 1243 1377 1278; x_wconf 81' lang='lat' dir='ltr'>civium</span> 
     </span>
     <span class='ocr_line' id='line_1_23' title="bbox 86 1293 1376 1341; baseline 0.002 -13"><span class='ocrx_word' id='word_1_193' title='bbox 86 1293 232 1329; x_wconf 88' lang='lat' dir='ltr'>indicta</span> <span class='ocrx_word' id='word_1_194' title='bbox 251 1304 379 1338; x_wconf 78' lang='lat' dir='ltr'>eausa,</span> <span class='ocrx_word' id='word_1_195' title='bbox 405 1295 563 1341; x_wconf 87' lang='lat' dir='ltr'>impune</span> <span class='ocrx_word' id='word_1_196' title='bbox 583 1299 711 1341; x_wconf 85' lang='lat' dir='ltr'>posset</span> <span class='ocrx_word' id='word_1_197' title='bbox 733 1296 919 1332; x_wconf 85' lang='lat' dir='ltr'>occidere.</span> <span class='ocrx_word' id='word_1_198' title='bbox 941 1297 1005 1331; x_wconf 86' lang='lat' dir='ltr'>Est</span> <span class='ocrx_word' id='word_1_199' title='bbox 1029 1296 1128 1331; x_wconf 88' lang='lat' dir='ltr'>enim</span> <span class='ocrx_word' id='word_1_200' title='bbox 1157 1306 1276 1331; x_wconf 85' lang='lat' dir='ltr'>unum</span> <span class='ocrx_word' id='word_1_201' title='bbox 1301 1296 1376 1340; x_wconf 79' lang='lat' dir='ltr'>jus.</span> 
     </span>
     <span class='ocr_line' id='line_1_24' title="bbox 87 1346 1378 1395; baseline 0 -13"><span class='ocrx_word' id='word_1_202' title='bbox 87 1357 163 1392; x_wconf 89' lang='lat' dir='ltr'>quo</span> <span class='ocrx_word' id='word_1_203' title='bbox 191 1346 364 1383; x_wconf 87' lang='lat' dir='ltr'>devincta</span> <span class='ocrx_word' id='word_1_204' title='bbox 390 1352 447 1383; x_wconf 84' lang='lat' dir='ltr'>est</span> <span class='ocrx_word' id='word_1_205' title='bbox 473 1347 676 1384; x_wconf 88' lang='lat' dir='ltr'>hominum</span> <span class='ocrx_word' id='word_1_206' title='bbox 704 1349 878 1391; x_wconf 86' lang='lat' dir='ltr'>societas,</span> <span class='ocrx_word' id='word_1_207' title='bbox 903 1353 939 1383; x_wconf 89' lang='lat' dir='ltr'>et</span> <span class='ocrx_word' id='word_1_208' title='bbox 967 1348 1070 1395; x_wconf 85' lang='lat' dir='ltr'>quod</span> <span class='ocrx_word' id='word_1_209' title='bbox 1095 1348 1155 1384; x_wconf 85' lang='lat' dir='ltr'>lex</span> <span class='ocrx_word' id='word_1_210' title='bbox 1182 1349 1378 1384; x_wconf 82' lang='lat' dir='ltr'>constituit</span> 
     </span>
     <span class='ocr_line' id='line_1_25' title="bbox 87 1399 1375 1447; baseline 0.002 -14"><span class='ocrx_word' id='word_1_211' title='bbox 87 1400 177 1434; x_wconf 81' lang='grc'>111111.</span> <span class='ocrx_word' id='word_1_212' title='bbox 205 1399 297 1441; x_wconf 80' lang='lat' dir='ltr'>Quae</span> <span class='ocrx_word' id='word_1_213' title='bbox 323 1399 384 1435; x_wconf 84' lang='lat' dir='ltr'>lex</span> <span class='ocrx_word' id='word_1_214' title='bbox 404 1402 461 1436; x_wconf 87' lang='lat' dir='ltr'>est</span> <span class='ocrx_word' id='word_1_215' title='bbox 487 1405 591 1436; x_wconf 88' lang='lat' dir='ltr'>recta</span> <span class='ocrx_word' id='word_1_216' title='bbox 611 1401 711 1436; x_wconf 76' lang='lat' dir='ltr'>ratIO</span> <span class='ocrx_word' id='word_1_217' title='bbox 737 1401 951 1447; x_wconf 84' lang='lat' dir='ltr'>imperandi</span> <span class='ocrx_word' id='word_1_218' title='bbox 974 1405 1089 1446; x_wconf 85' lang='lat' dir='ltr'>atque</span> <span class='ocrx_word' id='word_1_219' title='bbox 1110 1400 1343 1446; x_wconf 81' lang='lat' dir='ltr'>prohibendi</span> <span class='ocrx_word' id='word_1_220' title='bbox 1368 1411 1375 1435; x_wconf 91' lang='lat'>:</span> 
     </span>
     <span class='ocr_line' id='line_1_26' title="bbox 87 1452 1372 1500; baseline 0 -14"><span class='ocrx_word' id='word_1_221' title='bbox 87 1462 204 1497; x_wconf 83' lang='lat' dir='ltr'>quam</span> <span class='ocrx_word' id='word_1_222' title='bbox 218 1452 283 1498; x_wconf 88' lang='lat' dir='ltr'>qui</span> <span class='ocrx_word' id='word_1_223' title='bbox 302 1452 467 1498; x_wconf 79' lang='lat' dir='ltr'>ignorat,</span> <span class='ocrx_word' id='word_1_224' title='bbox 487 1453 519 1488; x_wconf 90' lang='lat' dir='ltr'>is</span> <span class='ocrx_word' id='word_1_225' title='bbox 533 1457 588 1488; x_wconf 85' lang='lat' dir='ltr'>est</span> <span class='ocrx_word' id='word_1_226' title='bbox 607 1454 785 1499; x_wconf 85' lang='lat' dir='ltr'>injustus,</span> <span class='ocrx_word' id='word_1_227' title='bbox 804 1455 880 1489; x_wconf 78' lang='lat' dir='ltr'>sive</span> <span class='ocrx_word' id='word_1_228' title='bbox 894 1457 949 1489; x_wconf 83' lang='lat' dir='ltr'>est</span> <span class='ocrx_word' id='word_1_229' title='bbox 965 1454 1030 1489; x_wconf 86' lang='lat' dir='ltr'>illa</span> <span class='ocrx_word' id='word_1_230' title='bbox 1049 1453 1192 1500; x_wconf 84' lang='lat' dir='ltr'>scripta</span> <span class='ocrx_word' id='word_1_231' title='bbox 1208 1453 1372 1500; x_wconf 76' lang='lat' dir='ltr'>uspiam,</span> 
     </span>
     <span class='ocr_line' id='line_1_27' title="bbox 85 1514 426 1551; baseline -0.003 -12"><span class='ocrx_word' id='word_1_232' title='bbox 85 1514 162 1540; x_wconf 78' lang='lat' dir='ltr'>sive</span> <span class='ocrx_word' id='word_1_233' title='bbox 181 1515 386 1551; x_wconf 82' lang='lat' dir='ltr'>nusquam.</span> <span class='ocrx_word' id='word_1_234' title='bbox 410 1519 426 1538; x_wconf 78' lang='lat'><strong>›</strong></span> 
     </span>
    </p>

    <p class='ocr_par' dir='ltr' id='par_1_5' title="bbox 85 1557 1376 2076">
     <span class='ocr_line' id='line_1_28' title="bbox 133 1557 1374 1604; baseline 0.002 -13"><span class='ocrx_word' id='word_1_235' title='bbox 133 1557 194 1592; x_wconf 87' lang='lat' dir='ltr'>VI.</span> <span class='ocrx_word' id='word_1_236' title='bbox 218 1558 300 1593; x_wconf 88' lang='lat' dir='ltr'>Non</span> <span class='ocrx_word' id='word_1_237' title='bbox 324 1559 494 1593; x_wconf 79' lang='lat' dir='ltr'>omnium</span> <span class='ocrx_word' id='word_1_238' title='bbox 519 1559 717 1595; x_wconf 79' lang='lat' dir='ltr'>actionum</span> <span class='ocrx_word' id='word_1_239' title='bbox 741 1560 942 1595; x_wconf 69' lang='lat' dir='ltr'>moralitas</span> <span class='ocrx_word' id='word_1_240' title='bbox 961 1560 1104 1604; x_wconf 80' lang='lat' dir='ltr'>pendet</span> <span class='ocrx_word' id='word_1_241' title='bbox 1125 1569 1145 1595; x_wconf 81' lang='lat' dir='ltr'>a</span> <span class='ocrx_word' id='word_1_242' title='bbox 1165 1559 1288 1595; x_wconf 81' lang='lat' dir='ltr'>libera</span> <span class='ocrx_word' id='word_1_243' title='bbox 1309 1560 1374 1594; x_wconf 85' lang='lat' dir='ltr'>Dei</span> 
     </span>
     <span class='ocr_line' id='line_1_29' title="bbox 85 1610 1374 1658; baseline 0.001 -14"><span class='ocrx_word' id='word_1_244' title='bbox 85 1610 304 1645; x_wconf 79' lang='lat' dir='ltr'>voluntate.</span> <span class='ocrx_word' id='word_1_245' title='bbox 340 1611 419 1652; x_wconf 79' lang='lat' dir='ltr'>Est,</span> <span class='ocrx_word' id='word_1_246' title='bbox 448 1615 490 1645; x_wconf 91' lang='lat' dir='ltr'>ut</span> <span class='ocrx_word' id='word_1_247' title='bbox 526 1610 708 1655; x_wconf 81' lang='lat' dir='ltr'>diximus,</span> <span class='ocrx_word' id='word_1_248' title='bbox 742 1616 876 1647; x_wconf 88' lang='lat' dir='ltr'>contra</span> <span class='ocrx_word' id='word_1_249' title='bbox 910 1612 1229 1655; x_wconf 72' lang='lat' dir='ltr'>l&#39;uffendoriium,</span> <span class='ocrx_word' id='word_1_250' title='bbox 1261 1622 1374 1658; x_wconf 81' lang='lat' dir='ltr'>quem</span> 
     </span>
     <span class='ocr_line' id='line_1_30' title="bbox 86 1661 1376 1710; baseline 0.002 -14"><span class='ocrx_word' id='word_1_251' title='bbox 86 1665 300 1707; x_wconf 84' lang='lat' dir='ltr'>sequuntur</span> <span class='ocrx_word' id='word_1_252' title='bbox 318 1661 505 1698; x_wconf 86' lang='lat' dir='ltr'>Saldenus</span> <span class='ocrx_word' id='word_1_253' title='bbox 525 1663 605 1698; x_wconf 89' lang='lat' dir='ltr'>Lib.</span> <span class='ocrx_word' id='word_1_254' title='bbox 627 1664 655 1698; x_wconf 94' lang='lat' dir='ltr'>I.</span> <span class='ocrx_word' id='word_1_255' title='bbox 681 1663 772 1710; x_wconf 86' lang='lat' dir='ltr'>Cap.</span> <span class='ocrx_word' id='word_1_256' title='bbox 798 1664 857 1708; x_wconf 85' lang='lat' dir='ltr'>lV,</span> <span class='ocrx_word' id='word_1_257' title='bbox 881 1664 937 1700; x_wconf 80' lang='lat' dir='ltr'>De</span> <span class='ocrx_word' id='word_1_258' title='bbox 954 1664 1046 1699; x_wconf 78' lang='lat' dir='ltr'>Jure</span> <span class='ocrx_word' id='word_1_259' title='bbox 1065 1669 1213 1699; x_wconf 69' lang='lat' dir='ltr'>natm-ce</span> <span class='ocrx_word' id='word_1_260' title='bbox 1232 1668 1264 1699; x_wconf 82' lang='lat' dir='ltr'>et</span> <span class='ocrx_word' id='word_1_261' title='bbox 1286 1663 1376 1699; x_wconf 74' lang='lat' dir='ltr'>Gen-</span> 
     </span>
     <span class='ocr_line' id='line_1_31' title="bbox 87 1713 1374 1761; baseline 0.002 -13"><span class='ocrx_word' id='word_1_262' title='bbox 87 1713 196 1756; x_wconf 79' lang='lat' dir='ltr'>tium,</span> <span class='ocrx_word' id='word_1_263' title='bbox 228 1714 384 1749; x_wconf 84' lang='lat' dir='ltr'>Samuel</span> <span class='ocrx_word' id='word_1_264' title='bbox 409 1715 588 1761; x_wconf 85' lang='lat' dir='ltr'>Cocoejus</span> <span class='ocrx_word' id='word_1_265' title='bbox 620 1716 821 1752; x_wconf 82' lang='lat' dir='ltr'>Comment.</span> <span class='ocrx_word' id='word_1_266' title='bbox 849 1717 886 1752; x_wconf 91' lang='lat' dir='ltr'>in</span> <span class='ocrx_word' id='word_1_267' title='bbox 915 1717 993 1752; x_wconf 88' lang='lat' dir='ltr'>Lib.</span> <span class='ocrx_word' id='word_1_268' title='bbox 1020 1718 1045 1752; x_wconf 95' lang='lat' dir='ltr'>l.</span> <span class='ocrx_word' id='word_1_269' title='bbox 1070 1717 1184 1752; x_wconf 82' lang='lat' dir='ltr'>Grotii</span> <span class='ocrx_word' id='word_1_270' title='bbox 1206 1716 1261 1751; x_wconf 73' lang='lat' dir='ltr'>De</span> <span class='ocrx_word' id='word_1_271' title='bbox 1284 1716 1374 1752; x_wconf 54' lang='lat' dir='ltr'>,Iure</span> 
     </span>
     <span class='ocr_line' id='line_1_32' title="bbox 87 1764 1372 1814; baseline 0.002 -13"><span class='ocrx_word' id='word_1_272' title='bbox 87 1764 178 1802; x_wconf 83' lang='lat' dir='ltr'>belli</span> <span class='ocrx_word' id='word_1_273' title='bbox 192 1769 347 1812; x_wconf 80' lang='lat' dir='ltr'>etpacz’s</span> <span class='ocrx_word' id='word_1_274' title='bbox 367 1768 455 1814; x_wconf 74' lang='lat' dir='ltr'>Cap,</span> <span class='ocrx_word' id='word_1_275' title='bbox 471 1769 500 1813; x_wconf 93' lang='lat' dir='ltr'>I,</span> <span class='ocrx_word' id='word_1_276' title='bbox 518 1770 549 1812; x_wconf 64' lang='grc' dir='ltr'>ἓ.</span> <span class='ocrx_word' id='word_1_277' title='bbox 567 1769 606 1811; x_wconf 89' lang='grc' dir='ltr'>Χ,</span> <span class='ocrx_word' id='word_1_278' title='bbox 624 1768 879 1805; x_wconf 75' lang='lat' dir='ltr'>Schwartzius</span> <span class='ocrx_word' id='word_1_279' title='bbox 895 1769 1064 1805; x_wconf 74' lang='lat' dir='ltr'>Inscz‘lut.</span> <span class='ocrx_word' id='word_1_280' title='bbox 1081 1769 1192 1804; x_wconf 67' lang='lat' dir='ltr'>,Iuris</span> <span class='ocrx_word' id='word_1_281' title='bbox 1208 1768 1372 1814; x_wconf 66' lang='lat' dir='ltr'>publici,</span> 
     </span>
     <span class='ocr_line' id='line_1_33' title="bbox 85 1820 1373 1868; baseline 0.002 -15"><span class='ocrx_word' id='word_1_282' title='bbox 85 1822 174 1863; x_wconf 69' lang='lat' dir='ltr'>eto,</span> <span class='ocrx_word' id='word_1_283' title='bbox 190 1820 229 1854; x_wconf 86' lang='lat' dir='ltr'>P.</span> <span class='ocrx_word' id='word_1_284' title='bbox 247 1820 276 1863; x_wconf 92' lang='grc' dir='ltr'>Ι,</span> <span class='ocrx_word' id='word_1_285' title='bbox 293 1820 351 1855; x_wconf 88' lang='lat' dir='ltr'>tit.</span> <span class='ocrx_word' id='word_1_286' title='bbox 369 1821 397 1856; x_wconf 90' lang='lat'>1.</span> <span class='ocrx_word' id='word_1_287' title='bbox 415 1820 502 1857; x_wconf 81' lang='lat' dir='ltr'>inst.</span> <span class='ocrx_word' id='word_1_288' title='bbox 519 1821 578 1862; x_wconf 84' lang='lat' dir='ltr'>IV,</span> <span class='ocrx_word' id='word_1_289' title='bbox 595 1821 734 1868; x_wconf 83' lang='lat' dir='ltr'>quibus</span> <span class='ocrx_word' id='word_1_290' title='bbox 750 1832 795 1857; x_wconf 85' lang='lat' dir='ltr'>ex</span> <span class='ocrx_word' id='word_1_291' title='bbox 815 1826 924 1868; x_wconf 84' lang='lat' dir='ltr'>parte</span> <span class='ocrx_word' id='word_1_292' title='bbox 944 1823 1135 1857; x_wconf 85' lang='lat' dir='ltr'>consentit</span> <span class='ocrx_word' id='word_1_293' title='bbox 1155 1821 1373 1856; x_wconf 81' lang='lat' dir='ltr'>Heineccius</span> 
     </span>
     <span class='ocr_line' id='line_1_34' title="bbox 86 1870 1373 1918; baseline 0.002 -12"><span class='ocrx_word' id='word_1_294' title='bbox 86 1871 125 1906; x_wconf 91' lang='lat' dir='ltr'>in</span> <span class='ocrx_word' id='word_1_295' title='bbox 146 1870 371 1918; x_wconf 85' lang='lat' dir='ltr'>praesatione</span> <span class='ocrx_word' id='word_1_296' title='bbox 393 1871 442 1908; x_wconf 90' lang='lat' dir='ltr'>ad</span> <span class='ocrx_word' id='word_1_297' title='bbox 461 1872 630 1909; x_wconf 78' lang='lat' dir='ltr'>Instituc.</span> <span class='ocrx_word' id='word_1_298' title='bbox 654 1873 698 1910; x_wconf 85' lang='lat' dir='ltr'>de</span> <span class='ocrx_word' id='word_1_299' title='bbox 716 1873 810 1910; x_wconf 83' lang='lat' dir='ltr'>Jure</span> <span class='ocrx_word' id='word_1_300' title='bbox 829 1879 992 1917; x_wconf 74' lang='lat' dir='ltr'>naturae,</span> <span class='ocrx_word' id='word_1_301' title='bbox 1020 1878 1105 1915; x_wconf 73' lang='lat' dir='ltr'>ete„</span> <span class='ocrx_word' id='word_1_302' title='bbox 1132 1878 1169 1909; x_wconf 92' lang='grc'>01</span> <span class='ocrx_word' id='word_1_303' title='bbox 1195 1873 1373 1909; x_wconf 81' lang='lat' dir='ltr'>omnibus</span> 
     </span>
     <span class='ocr_line' id='line_1_35' title="bbox 85 1923 1373 1969; baseline 0.001 -11"><span class='ocrx_word' id='word_1_304' title='bbox 85 1923 288 1969; x_wconf 84' lang='lat' dir='ltr'>praeiverat</span> <span class='ocrx_word' id='word_1_305' title='bbox 308 1924 480 1960; x_wconf 84' lang='lat' dir='ltr'>Okamus</span> <span class='ocrx_word' id='word_1_306' title='bbox 501 1926 535 1961; x_wconf 91' lang='lat'>11</span> <span class='ocrx_word' id='word_1_307' title='bbox 560 1924 725 1962; x_wconf 83' lang='lat' dir='ltr'>Sentent.</span> <span class='ocrx_word' id='word_1_308' title='bbox 749 1926 820 1968; x_wconf 89' lang='lat' dir='ltr'>Qu.</span> <span class='ocrx_word' id='word_1_309' title='bbox 847 1927 939 1962; x_wconf 88' lang='lat' dir='ltr'>XIX.</span> <span class='ocrx_word' id='word_1_310' title='bbox 966 1926 1157 1962; x_wconf 80' lang='lat' dir='ltr'>Probatur</span> <span class='ocrx_word' id='word_1_311' title='bbox 1174 1926 1373 1961; x_wconf 74' lang='lat' dir='ltr'>enuntiata</span> 
     </span>
     <span class='ocr_line' id='line_1_36' title="bbox 86 1975 1371 2024; baseline 0.002 -14"><span class='ocrx_word' id='word_1_312' title='bbox 86 1975 315 2021; x_wconf 88' lang='lat' dir='ltr'>propositio.</span> <span class='ocrx_word' id='word_1_313' title='bbox 333 1996 378 2003; x_wconf 94' lang='lat'>—-</span> <span class='ocrx_word' id='word_1_314' title='bbox 393 1977 480 2013; x_wconf 82' lang='lat' dir='ltr'>naec</span> <span class='ocrx_word' id='word_1_315' title='bbox 491 1978 620 2024; x_wconf 91' lang='lat' dir='ltr'>opinio</span> <span class='ocrx_word' id='word_1_316' title='bbox 635 1977 884 2013; x_wconf 80' lang='lat' dir='ltr'>Puffendorfii</span> <span class='ocrx_word' id='word_1_317' title='bbox 899 1978 1035 2013; x_wconf 89' lang='lat' dir='ltr'>nititur</span> <span class='ocrx_word' id='word_1_318' title='bbox 1049 1978 1144 2013; x_wconf 86' lang='lat' dir='ltr'>salso</span> <span class='ocrx_word' id='word_1_319' title='bbox 1160 1978 1371 2024; x_wconf 83' lang='lat' dir='ltr'>supposito,</span> 
     </span>
     <span class='ocr_line' id='line_1_37' title="bbox 88 2027 808 2076; baseline 0.004 -14"><span class='ocrx_word' id='word_1_320' title='bbox 88 2030 124 2062; x_wconf 84' lang='lat' dir='ltr'>et</span> <span class='ocrx_word' id='word_1_321' title='bbox 144 2027 347 2065; x_wconf 79' lang='lat' dir='ltr'>intrinsece</span> <span class='ocrx_word' id='word_1_322' title='bbox 369 2032 538 2076; x_wconf 88' lang='lat' dir='ltr'>spectata</span> <span class='ocrx_word' id='word_1_323' title='bbox 553 2034 609 2066; x_wconf 86' lang='lat' dir='ltr'>est</span> <span class='ocrx_word' id='word_1_324' title='bbox 627 2030 808 2066; x_wconf 85' lang='lat' dir='ltr'>absurda.</span> 
     </span>
    </p>

    <p class='ocr_par' dir='ltr' id='par_1_6' title="bbox 86 2080 1375 2393">
     <span class='ocr_line' id='line_1_38' title="bbox 133 2080 1374 2130; baseline 0.003 -15"><span class='ocrx_word' id='word_1_325' title='bbox 133 2080 401 2127; x_wconf 80' lang='lat' dir='ltr'>Nititursalso</span> <span class='ocrx_word' id='word_1_326' title='bbox 419 2084 629 2129; x_wconf 79' lang='lat' dir='ltr'>supposito.</span> <span class='ocrx_word' id='word_1_327' title='bbox 648 2083 836 2129; x_wconf 89' lang='lat' dir='ltr'>Supponit</span> <span class='ocrx_word' id='word_1_328' title='bbox 856 2082 957 2119; x_wconf 89' lang='lat' dir='ltr'>enim</span> <span class='ocrx_word' id='word_1_329' title='bbox 979 2082 1083 2130; x_wconf 87' lang='lat' dir='ltr'>quod</span> <span class='ocrx_word' id='word_1_330' title='bbox 1101 2093 1230 2118; x_wconf 91' lang='lat' dir='ltr'>rerum</span> <span class='ocrx_word' id='word_1_331' title='bbox 1252 2094 1374 2119; x_wconf 84' lang='lat' dir='ltr'>essen-</span> 
     </span>
     <span class='ocr_line' id='line_1_39' title="bbox 87 2133 1374 2180; baseline 0.002 -12"><span class='ocrx_word' id='word_1_332' title='bbox 87 2133 151 2168; x_wconf 75' lang='grc'>1110</span> <span class='ocrx_word' id='word_1_333' title='bbox 174 2133 366 2180; x_wconf 82' lang='lat' dir='ltr'>pendeant</span> <span class='ocrx_word' id='word_1_334' title='bbox 388 2145 409 2170; x_wconf 89' lang='lat' dir='ltr'>a</span> <span class='ocrx_word' id='word_1_335' title='bbox 426 2134 546 2171; x_wconf 86' lang='lat' dir='ltr'>libera</span> <span class='ocrx_word' id='word_1_336' title='bbox 564 2136 631 2171; x_wconf 91' lang='lat' dir='ltr'>Dei</span> <span class='ocrx_word' id='word_1_337' title='bbox 653 2136 849 2171; x_wconf 86' lang='lat' dir='ltr'>voluntate</span> <span class='ocrx_word' id='word_1_338' title='bbox 869 2146 877 2171; x_wconf 90' lang='lat'>:</span> <span class='ocrx_word' id='word_1_339' title='bbox 898 2136 972 2171; x_wconf 92' lang='lat' dir='ltr'>hoc</span> <span class='ocrx_word' id='word_1_340' title='bbox 994 2136 1097 2171; x_wconf 86' lang='lat' dir='ltr'>enim</span> <span class='ocrx_word' id='word_1_341' title='bbox 1118 2134 1221 2180; x_wconf 85' lang='lat' dir='ltr'>dato,</span> <span class='ocrx_word' id='word_1_342' title='bbox 1244 2146 1374 2171; x_wconf 75' lang='lat' dir='ltr'>neces-</span> 
     </span>
     <span class='ocr_line' id='line_1_40' title="bbox 87 2185 1375 2235; baseline 0.003 -16"><span class='ocrx_word' id='word_1_343' title='bbox 87 2185 192 2221; x_wconf 88' lang='lat' dir='ltr'>sario</span> <span class='ocrx_word' id='word_1_344' title='bbox 222 2185 386 2223; x_wconf 85' lang='lat' dir='ltr'>infertur</span> <span class='ocrx_word' id='word_1_345' title='bbox 414 2186 518 2234; x_wconf 86' lang='lat' dir='ltr'>quod</span> <span class='ocrx_word' id='word_1_346' title='bbox 546 2188 644 2223; x_wconf 88' lang='lat' dir='ltr'>sieut</span> <span class='ocrx_word' id='word_1_347' title='bbox 673 2188 838 2224; x_wconf 84' lang='lat' dir='ltr'>essentia</span> <span class='ocrx_word' id='word_1_348' title='bbox 868 2188 1040 2235; x_wconf 73' lang='lat' dir='ltr'>physica,</span> <span class='ocrx_word' id='word_1_349' title='bbox 1069 2189 1122 2224; x_wconf 83' lang='lat' dir='ltr'>ita</span> <span class='ocrx_word' id='word_1_350' title='bbox 1149 2191 1185 2224; x_wconf 88' lang='lat' dir='ltr'>et</span> <span class='ocrx_word' id='word_1_351' title='bbox 1210 2189 1375 2224; x_wconf 77' lang='lat' dir='ltr'>essentia</span> 
     </span>
     <span class='ocr_line' id='line_1_41' title="bbox 89 2237 1372 2286; baseline 0.001 -13"><span class='ocrx_word' id='word_1_352' title='bbox 89 2237 246 2274; x_wconf 86' lang='lat' dir='ltr'>moralis</span> <span class='ocrx_word' id='word_1_353' title='bbox 272 2250 400 2275; x_wconf 88' lang='lat' dir='ltr'>rerum</span> <span class='ocrx_word' id='word_1_354' title='bbox 422 2239 510 2276; x_wconf 88' lang='lat' dir='ltr'>talis</span> <span class='ocrx_word' id='word_1_355' title='bbox 535 2245 605 2284; x_wconf 86' lang='lat' dir='ltr'>est,</span> <span class='ocrx_word' id='word_1_356' title='bbox 627 2241 720 2286; x_wconf 76' lang='lat' dir='ltr'>quia</span> <span class='ocrx_word' id='word_1_357' title='bbox 746 2242 844 2276; x_wconf 87' lang='lat' dir='ltr'>Deus</span> <span class='ocrx_word' id='word_1_358' title='bbox 877 2241 993 2276; x_wconf 89' lang='lat' dir='ltr'>libere</span> <span class='ocrx_word' id='word_1_359' title='bbox 1020 2241 1137 2277; x_wconf 88' lang='lat' dir='ltr'>talem</span> <span class='ocrx_word' id='word_1_360' title='bbox 1163 2240 1372 2281; x_wconf 83' lang='lat' dir='ltr'>constituit,</span> 
     </span>
     <span class='ocr_line' id='line_1_42' title="bbox 89 2292 1374 2340; baseline 0.002 -15"><span class='ocrx_word' id='word_1_361' title='bbox 89 2299 177 2325; x_wconf 90' lang='lat' dir='ltr'>cum</span> <span class='ocrx_word' id='word_1_362' title='bbox 199 2295 329 2327; x_wconf 86' lang='lat' dir='ltr'>tamen</span> <span class='ocrx_word' id='word_1_363' title='bbox 349 2292 467 2328; x_wconf 88' lang='lat' dir='ltr'>libere</span> <span class='ocrx_word' id='word_1_364' title='bbox 487 2293 676 2340; x_wconf 80' lang='lat' dir='ltr'>potuisset</span> <span class='ocrx_word' id='word_1_365' title='bbox 694 2294 929 2329; x_wconf 85' lang='lat' dir='ltr'>contrarium</span> <span class='ocrx_word' id='word_1_366' title='bbox 948 2293 1219 2330; x_wconf 83' lang='lat' dir='ltr'>determinare.</span> <span class='ocrx_word' id='word_1_367' title='bbox 1241 2295 1289 2328; x_wconf 84' lang='lat' dir='ltr'>At</span> <span class='ocrx_word' id='word_1_368' title='bbox 1309 2293 1374 2328; x_wconf 91' lang='lat' dir='ltr'>illo</span> 
     </span>
     <span class='ocr_line' id='line_1_43' title="bbox 86 2342 1372 2393; baseline 0.004 -16"><span class='ocrx_word' id='word_1_369' title='bbox 86 2342 271 2390; x_wconf 84' lang='lat' dir='ltr'>principio</span> <span class='ocrx_word' id='word_1_370' title='bbox 295 2355 371 2379; x_wconf 86' lang='lat' dir='ltr'>non</span> <span class='ocrx_word' id='word_1_371' title='bbox 390 2346 684 2391; x_wconf 80' lang='lat' dir='ltr'>proesupposito,</span> <span class='ocrx_word' id='word_1_372' title='bbox 707 2345 772 2382; x_wconf 87' lang='lat' dir='ltr'>sed</span> <span class='ocrx_word' id='word_1_373' title='bbox 792 2345 984 2382; x_wconf 86' lang='lat' dir='ltr'>contrario</span> <span class='ocrx_word' id='word_1_374' title='bbox 1006 2345 1214 2383; x_wconf 79' lang='lat' dir='ltr'>affirmato.</span> <span class='ocrx_word' id='word_1_375' title='bbox 1235 2356 1372 2393; x_wconf 87' lang='lat' dir='ltr'>nempe</span> 
     </span>
    </p>
   </div>
  </div>
 </body>
</html>
