1584 2569
707 77 809 102 INDEx

118 147 196 178 Διιτ.
219 144 277 175 IV.
299 143 448 184 Defure
461 141 708 184 proprietatis.
730 159 768 165 -
787 143 815 174 Ι.
837 142 1000 181 Quaestio.
1020 161 1061 168 —
1075 144 1116 176 11.
1137 144 1300 177 Commu-

200 190 350 223 nismus.
371 207 413 213 -
434 190 494 221 111.
522 190 759 222 Praenotamen
786 188 948 229 primum.
974 207 1016 214 -
1041 191 1097 223 IV.
1124 191 1301 224 Praenota·

199 246 279 270 men
298 237 458 269 alterum.
476 254 516 259 -—
535 236 576 267 V.
596 237 845 268 Praenotamem
859 237 1013 269 tertium.
1034 255 1074 260 —
1093 237 1150 269 VI.
1171 239 1302 272 Praeno-

199 288 317 317 tamen
341 288 516 325 quartum.
536 301 576 306 ——
596 283 670 315 VII.
695 284 933 316 Praenotamen
954 284 1129 325 quintum.
1149 303 1190 309 -
1213 286 1300 319 VIII.

199 333 310 364 Homo
320 332 398 372 jure
419 335 551 363 naturae
568 335 683 371 potest
702 330 879 371 acquirere
899 335 933 364 et
953 332 1130 372 possidere
1148 333 1301 366 dominio

198 379 349 420 perfecto
369 377 511 410 stabiles
535 377 775 418 proprietates.
793 395 835 401 ——
854 377 908 410 IX.
932 379 1021 418 1mo,
1042 383 1198 420 spectato
1222 381 1300 421 jure

197 426 365 467 gentium,
387 425 545 457 homines
564 429 697 457 naturae
714 424 829 457 officio
850 429 1011 457 tenentur
1028 426 1071 458 ad
1092 426 1300 460 divisionem

199 472 377 505 stabilium
401 471 665 512 proprietatum.
686 490 724 494 —
747 472 788 504 X.
813 472 1012 505 Corollaria.
1031 491 1072 497 --
1088 473 1145 506 XI.
1170 475 1218 506 De
1239 475 1300 508 de—

190 519 435 551 terminatione
463 519 643 551 individua
667 518 755 560 juris
785 519 1019 560 proprietatis.
1048 538 1088 544 —
1120 522 1194 554 XII.
1220 522 1298 555 Sol-

1344 69 1401 102 M!

199 571 325 599 vuntur
349 566 587 599 difficultates.
633 589 641 597 .
688 589 696 597 .
743 589 750 597 .
797 590 805 598 .
852 589 859 597 .
907 590 914 598 .
961 590 969 599 .
1014 589 1025 601 .
1068 588 1080 601 .
1123 587 1136 601 .
1178 589 1191 605 .
1233 588 1248 604 .
1289 591 1300 602 .
1342 572 1401 604 162

517 697 691 737 CAPUT
733 697 989 744 QUARTUM

404 806 455 838 DE
490 808 654 837 OFFICIIS
683 808 840 837 nomms
869 809 972 837 ERGA
1001 809 1110 840 ALIOS

117 905 283 946 Prologus
286 925 1297 942 ...................
1340 909 1394 940 171

113 977 194 1010 Aur.
213 976 239 1007 I.
263 975 312 1007 De
331 973 462 1015 officiis
490 973 643 1006 hominis
666 981 752 1014 erya
767 974 878 1006 vitam
893 975 1061 1015 proximi.
1085 993 1121 1000 —
1147 976 1173 1008 Ι.
1194 978 1297 1010 Amor

196 1022 362 1055 naturalis
382 1021 534 1053 hominis
560 1020 596 1052 in
617 1021 805 1052 hominem.
826 1022 927 1054 -11.
949 1022 1147 1055 Corollaria.
1170 1042 1211 1047 —
1236 1025 1296 1057 ΙΙΙ.

194 1073 353 1102 Attamen
382 1069 487 1100 homo
512 1076 582 1099 non
607 1072 748 1100 tenetur
774 1076 892 1101 amare
918 1069 1112 1109 proximum
1141 1071 1195 1102 vel
1219 1072 1297 1112 plus

194 1116 248 1149 vel
271 1119 441 1158 quantum
463 1115 631 1155 seipsum.
651 1132 692 1138 —
712 1115 765 1146 lV.
788 1115 954 1153 Quaestio.
976 1134 1018 1140 —
1045 1116 1084 1148 V.
1103 1117 1214 1149 Duelli
1234 1128 1297 1151 na-

195 1169 283 1196 tura.
307 1180 346 1186 —
371 1163 427 1194 Vl.
454 1161 616 1194 Duellum
638 1165 710 1193 tum
733 1171 773 1194 ex
799 1168 894 1203 parte
916 1165 1134 1203 provocantis
1154 1168 1227 1196 tum
1256 1175 1297 1198 ex

195 1216 291 1252 parte
323 1209 534 1250 acceptantis
567 1213 619 1241 est
639 1209 781 1241 omnino
808 1208 981 1242 illicitum.
1006 1227 1044 1234 —
1073 1211 1144 1243 Vll.
1177 1212 1294 1244 Corol-

195 1258 295 1291 laria.
350 1278 1232 1289 .................
1286 1282 1293 1290 .

111 1331 192 1363 Anr.
214 1329 257 1361 ll.
281 1329 331 1361 De
348 1326 480 1369 officiis
496 1326 650 1359 hominis
670 1326 788 1367 quoad
800 1326 961 1368 proximi
978 1327 1243 1368 perfectionem.
1257 1348 1296 1353 —

194 1376 220 1409 Ι.
242 1374 362 1408 Officia
382 1375 532 1415 perfecta
551 1378 584 1406 et
603 1372 718 1405 officia
734 1373 948 1414 imperfecta.
962 1392 1003 1397 —
1020 1374 1062 1406 11.
1079 1375 1243 1413 Quaestio.
1257 1394 1298 1400 —

194 1424 254 1455 111.
279 1420 449 1455 Mendaeii
476 1419 583 1453 notio.
605 1438 643 1443 —
663 1420 721 1453 IV.
748 1420 934 1453 Sententiae
949 1421 1169 1454 absolventes
1195 1431 1295 1455 men-

193 1469 330 1502 dacium
348 1468 392 1501 ab
412 1467 672 1501 immoralitate.
695 1485 734 1490 —
753 1467 790 1498 V.
811 1467 1046 1500 Praenotamen
1064 1468 1226 1509 primum.
1256 1487 1297 1494 —

192 1517 250 1550 VI.
273 1517 512 1550 Praenotamen
534 1515 695 1547 alterum.
711 1532 752 1537 -—
770 1515 843 1546 Vll.
867 1515 1087 1547 Mendacium
1108 1520 1160 1548 est
1179 1525 1240 1556 per
1259 1526 1295 1549 se

193 1569 228 1597 et
251 1564 437 1596 intrinseco
462 1562 608 1594 malum.
630 1580 671 1585 —
693 1561 784 1594 vul.
811 1560 1048 1595 corollarium.
1070 1580 1111 1586 —-
1139 1563 1195 1595 IX.
1223 1564 1295 1596 Alia

193 1611 308 1644 officia
328 1609 478 1643 hominis
499 1609 534 1641 in
554 1608 730 1641 hominem
736 1631 1293 1643 ...........

111 1684 189 1716 Am.
209 1682 270 1714 111.
291 1681 341 1713 De
357 1677 605 1712 contractibus.
624 1696 663 1701 —-
683 1678 709 1709 1.
733 1678 936 1711 Contractus
957 1679 1051 1710 notio
1069 1680 1240 1720 generica.
1256 1699 1295 1704 —

192 1729 236 1760 11.
257 1728 459 1760 Contractus
477 1724 645 1757 nominati
663 1729 697 1757 et.
712 1724 932 1756 innominati.
954 1743 990 1748 —
1012 1726 1071 1757 111.
1091 1727 1294 1760 Contractus

192 1772 390 1808 bilaterales
419 1776 452 1805 et
480 1772 718 1804 unilaterales.
737 1789 775 1795 —
796 1771 851 1803 IV.
875 1772 1081 1805 Contractus
1102 1774 1240 1806 onerosi
1263 1779 1296 1806 et

193 1820 345 1863 gratuiti.
372 1837 413 1843 —
442 1819 480 1851 V.
505 1819 708 1851 Contractus
726 1818 835 1850 stricti
853 1818 941 1859 juris
963 1822 996 1850 et
1017 1819 1117 1851 bonae
1137 1819 1231 1852 fidei.
1258 1838 1295 1844 —

192 1869 249 1901 VI.
270 1867 433 1907 Quaestio.
453 1882 495 1890 —
510 1865 583 1897 v11.
598 1866 836 1897 Praenotamen
857 1865 1019 1906 primum.
1038 1883 1077 1889 -
1097 1867 1184 1898 vm.
1209 1868 1295 1900 Prae-

194 1921 357 1949 notamen
383 1914 543 1946 alterum.
564 1928 603 1936 —
626 1912 679 1944 IX.
700 1912 863 1945 Illicitum
884 1920 936 1944 est
959 1912 1115 1953 accipere
1145 1914 1294 1954 pretium

193 1972 255 2005 pro
276 1961 426 2004 pecunia
446 1964 603 1993 mutuata
619 1959 651 1991 vi
671 1959 795 1992 mutui.
817 1975 858 1984 —
877 1958 918 1992 X.
938 1959 1126 1992 Solvuntur
1145 1960 1294 1994 difficul-

192 2014 299 2044 tates.
344 2028 359 2043 ο
397 2026 413 2043 α
456 2026 1074 2041 ............

515 2125 675 2165 HBBR
708 2123 987 2162 SECUNDUS

567 2207 622 2240 DE
649 2207 750 2238 JURE
776 2205 940 2238 SOCIALI

1350 1260 1398 1292 ib.

1338 1614 1397 1645 175

1281 2029 1291 2041 .
1336 2009 1397 2042 179
