1554 2569
72 152 412 180 ART.11.DECR1TER10
420 151 640 176 Errnmszco
650 151 884 176 MORALu'Arts
893 151 1306 178 ACTtONuxuuuANARCM
1315 145 1356 179 41

72 207 190 243 homo
212 206 407 242 inducitur
426 206 465 240 in
481 205 741 251 cognitionem
756 209 792 240 et
807 215 981 241 amorem
998 205 1078 247 Dei,
1098 209 1185 241 sunt
1202 212 1360 243 natura-

73 260 161 296 liter
188 263 316 303 recta,·
346 268 600 304 quoecumque
631 268 718 292 vero
747 268 767 293 e
794 258 988 293 contrario
1021 268 1061 294 se
1086 257 1243 303 habent,
1273 263 1361 295 sunt

71 311 300 349 naturaliter
313 310 460 346 homini
477 310 593 346 mala.
613 311 721 345 Patet
738 310 856 356 igitur
871 310 976 358 quod
995 310 1141 346 bonum
1156 315 1193 346 et
1213 312 1359 347 malum

72 367 111 400 in
142 364 324 400 humanis
353 363 501 399 actibus
530 373 608 398 non
637 362 760 398 solum
786 366 875 398 sunt
902 363 1113 399 secundum
1139 363 1233 411 legis
1260 365 1361 411 posi-

73 418 231 461 tionem,
258 416 323 452 sed
348 416 464 452 etiam
487 414 696 451 secundum
722 415 937 450 naturalem
962 415 1153 451 ordinem.
1182 417 1274 452 Hinc
1303 422 1361 452 est

71 469 175 516 quod
199 469 237 504 in
266 469 325 504 Ps
352 468 464 504 XVIII
489 467 641 510 dicitur,
665 467 769 513 quod
790 466 937 514 ,iudicia
964 469 1117 504 Domini
1145 474 1234 504 sunt
1254 480 1358 513 vera,

69 522 277 569 justificata
301 522 339 556 in
368 520 588 567 semetipsa.
617 521 689 556 Per
720 520 794 556 hoc
820 524 952 556 autem
978 520 1195 557 excluditur
1217 523 1359 569 positio

71 575 292 619 dicentium,
334 572 438 619 quod
474 572 581 619 justa
624 577 661 608 et
704 576 808 609 recta
854 576 943 608 sunt
981 573 1189 609 secundum
1235 575 1359 622 legem

71 628 207 674 posita.
229 641 246 659 ι
268 647 314 652 -
333 626 437 662 Alias
455 626 625 661 rationes
644 629 756 672 urget
778 625 982 672 Angelicus
1006 626 1074 671 ib.‚
1097 626 1145 662 ad
1166 627 1359 674 probatio-

71 690 159 716 nem
179 679 352 726 ejusdem
374 678 506 714 thesis.

115 733 194 769 vn.
218 731 481 769 corollarium.
505 732 627 778 Igitur
648 742 737 767 vera
759 735 848 767 sunt
869 732 1028 767 omnino
1046 732 1247 779 principia,
1273 744 1359 779 quae

70 786 328 822 communiter
343 784 603 819 admittuntur
617 786 653 819 et
672 784 814 819 frustra
835 789 1027 831 negantur
1044 795 1066 820 a
1083 785 1357 828 Puffendorfio‚

72 838 213 874 scilicet
235 848 244 873 ε
277 840 322 872 lm
349 836 555 873 Actionum
580 837 837 872 humanarum
862 837 1035 883 quaedam
1056 842 1144 873 sunt
1156 844 1361 885 proeceptoe

72 890 163 938 quia
176 889 298 934 bonoe;
312 889 587 936 quoedam.vero
600 894 688 925 sunt
702 888 807 925 bonae
822 900 871 936 qu
878 889 1149 936 iaproeceptoe,·
1164 892 1214 926 2¹¹²
1232 891 1359 927 Actio-

71 954 160 979 num
181 943 438 979 humanarum
457 941 631 988 quoedam
649 946 737 977 sunt
758 941 968 987 proltibz'toe
984 942 1077 988 quia
1096 942 1209 979 maloe
1219 955 1234 987 ;
1255 954 1358 990 quoe-

70 997 159 1033 dam
177 1007 262 1032 vero
277 999 366 1031 sunt
385 995 497 1030 mat'ae
516 994 610 1041 quia
624 994 850 1040 prohibitae.

114 1050 212 1087 VIII.
236 1049 352 1084 Nom.
383 1048 596 1084 Solvuntur
622 1047 888 1083 difficultates.
919 1048 964 1083 Ut
993 1051 1122 1083 autem
1148 1048 1360 1084 evidentior

70 1105 255 1150 appareat
280 1101 419 1136 veritas
453 1099 616 1136 adsertae
644 1100 932 1148 propositioniS,
963 1101 1273 1147 respondendum
1304 1105 1359 1137 est

71 1154 308 1203 argumentis
337 1164 422 1199 quac
454 1158 565 1200 urget
595 1152 891 1196 Puffendorfius,
922 1157 959 1189 et
991 1164 1076 1201 quae
1106 1165 1195 1190 cum
1225 1159 1358 1190 nostro

70 1208 211 1244 Roselli
229 1207 372 1243 Ethica
390 1205 458 1247 Qu.
478 1206 541 1249 111,
562 1207 643 1242 Art.
665 1207 725 1250 IV,
744 1206 793 1241 ad
810 1206 968 1242 verbum
989 1207 1216 1243 transcribo.

118 1259 288 1307 Objectz'o
299 1260 443 1306 prima.
462 1272 478 1290 ‹
496 1259 590 1294 Cum
609 1258 792 1294 honestas
810 1259 887 1294 sive
905 1260 1115 1295 necessitas
1133 1260 1307 1306 moralis,
1324 1265 1359 1296 et

71 1311 271 1359 turpitudo
304 1312 381 1347 sint
411 1310 634 1346 affectiones
666 1312 863 1346 actionum
893 1311 1156 1347 humanarum
1188 1316 1284 1348 ortae
1313 1324 1359 1348 ex

70 1364 332 1402 convenientia
355 1366 422 1399 aut
442 1363 769 1399 disconvenientia
787 1374 810 1400 a
830 1374 968 1399 norma
990 1375 1057 1400 seu
1074 1364 1170 1411 lege,
1191 1365 1252 1401 lex
1272 1376 1358 1401 vero

69 1419 117 1454 sit
133 1418 286 1465 jussum
306 1415 541 1463 superioris;
562 1426 640 1452 non
662 1421 821 1463 apparet
854 1417 1050 1463 quomodo
1072 1416 1269 1461 honestas,
1293 1422 1360 1453 aut

69 1469 268 1517 turpitudo
288 1468 448 1513 intelligi
468 1469 590 1516 possit
613 1472 702 1504 ante
721 1469 860 1516 legem,
883 1473 920 1505 et
942 1470 1039 1505 citra
1058 1471 1267 1517 superioris
1290 1471 1360 1506 im-

69 1523 314 1572 positionem.
338 1536 354 1554 ›

113 1578 221 1623 Resp.
242 1575 442 1622 Distinguo
457 1585 686 1622 consequens
704 1586 717 1610 .·
731 1585 808 1611 non
827 1578 988 1622 apparet
1008 1576 1205 1623 quomodo
1224 1576 1361 1612 hones·

68 1636 127 1667 tas
160 1634 227 1665 aut
263 1627 463 1676 turpitudo
496 1627 658 1675 intelligi
694 1628 816 1675 possit
856 1633 944 1664 ante
979 1628 1119 1675 legem,
1158 1632 1358 1673 aeternam,

69 1682 226 1719 concedo
235 1693 250 1726 ;
268 1684 356 1716 ante
369 1680 495 1727 legem
515 1680 734 1726 positivam,
749 1691 856 1727 neqo.
871 1700 918 1707 —
935 1681 1009 1716 Lex
1024 1684 1169 1717 aeterna
1183 1684 1240 1717 est
1256 1682 1358 1717 ratio

67 1735 211 1772 divinae
218 1734 434 1780 sapientiae,
442 1732 647 1769 secundum
660 1732 761 1779 quod
770 1738 823 1768 est
834 1732 1019 1769 directiva
1030 1733 1198 1769 omnium
1208 1739 1361 1770 actuum

67 1787 330 1832 etmotionum,
346 1790 383 1822 et
396 1786 456 1822 cui
469 1785 684 1821 subduntur
697 1786 841 1831 omnia,
858 1796 942 1833 quoe
953 1791 1042 1822 sunt
1059 1786 1100 1822 in
1114 1786 1224 1823 rebus
1241 1798 1266 1823 a
1282 1787 1359 1823 Deo

68 1840 222 1885 creatis,
243 1839 322 1875 sive
339 1838 420 1874 sint
440 1838 715 1884 contingentia,
736 1838 814 1874 sive
833 1840 1063 1882 necessaria,
1079 1842 1121 1874 ut
1139 1840 1174 1876 S.
1197 1840 1360 1875 Thomas

68 1892 219 1940 egregie
252 1890 420 1927 declarat
449 1891 525 1925 I-II.
560 1890 631 1931 Qu.
662 1890 783 1925 XCIII.
815 1891 896 1925 Art.
928 1891 944 1925 I
973 1895 1010 1926 et
1042 1891 1103 1927 IV.
1139 1896 1175 1926 et
1210 1892 1360 1938 plenius

67 1943 319 1991 explicabitur
357 1942 396 1978 in
430 1942 566 1977 ultimo
603 1942 734 1988 Capite
767 1942 883 1988 hujus
916 1943 1072 1978 secundi
1107 1944 1223 1979 Libri.
1263 1946 1359 1980 Ante

68 1998 182 2045 huius
195 1996 300 2032 modi
315 1995 441 2042 legem
459 1999 658 2039 aeternam,
674 2005 761 2042 quae
779 1995 990 2031 secundum
1006 1995 1166 2032 modum
1183 2001 1360 2033 nostrum

67 2049 304 2096 concipiendi
330 2048 544 2095 praecederc
572 2048 802 2095 intelligitur
824 2048 945 2084 libera
971 2049 1037 2084 Dei
1064 2048 1229 2094 decreta,
1255 2050 1362 2086 nulla

67 2103 250 2139 honestas
276 2105 345 2146 est,
374 2100 480 2136 nulla
513 2100 727 2146 turpitudo,
762 2100 858 2135 sicut
887 2100 993 2136 nulla
1021 2101 1161 2138 veritas
1187 2105 1244 2138 est
1273 2108 1360 2138 ante

69 2155 240 2191 divinum
269 2153 505 2190 intellectum
536 2152 594 2198 (O.
623 2155 681 2196 15,
710 2154 794 2197 Xl);
828 2153 894 2189 sed
926 2152 1172 2190 vehementer
1200 2154 1361 2191 halluci-

67 2211 182 2243 natur
201 2205 482 2242 Puffendorfius
500 2216 586 2241 cum
605 2205 679 2252 legi
700 2205 875 2252 positivae
896 2206 960 2241 Dei
986 2206 1151 2253 applicat
1174 2208 1279 2255 quod
1303 2212 1358 2243 est

68 2260 269 2308 proprium
288 2259 385 2305 legis
403 2261 570 2294 aeternae.

115 2311 285 2359 objectio
304 2312 439 2347 altera.
459 2324 476 2343 ‹
493 2312 560 2353 Qui
582 2311 679 2346 citra
692 2311 981 2358 impositionem
1003 2312 1187 2358 divinam,
1204 2314 1358 2349 morali·

71 2364 159 2401 tatis
194 2364 390 2400 actionum
428 2363 694 2414 humanarum
735 2368 922 2401 aeternam
972 2365 1144 2411 aliquam
1188 2370 1361 2404 statuunt
