1584 2569
420 124 501 149 Λιιτ.
529 123 581 148 iv.
609 123 652 148 m:
677 122 760 148 suan
785 121 1037 147 PROPRIETAUS
1308 112 1373 146 169

84 196 226 243 prietas
251 195 536 243 possessionum
566 206 643 230 non
668 198 724 230 est
749 198 882 230 contra
904 194 968 240 jus
995 197 1182 238 naturale,
1204 192 1270 229 sed
1293 193 1372 239 juri

39 289 46 293 ¹
83 248 249 284 naturali
261 247 532 295 superadditur
546 258 613 294 per
629 247 939 283 adinventionem
960 246 1120 282 rat10nis
1138 246 1332 281 humana).
1354 258 1370 277 ›

83 301 180 346 11-11‚
200 301 270 342 Qu.
291 301 412 345 LXVI,
433 301 547 336 Artic.
574 301 605 335 ΙΙ
624 300 671 335 ad
696 302 726 335 1.
746 320 790 326 —-
812 299 911 335 Nota
930 300 1145 346 proprietas
1165 299 1373 345 possessio-

82 364 174 389 num
198 358 256 389 est
289 353 381 400 quid
408 352 701 400 superadditum
725 353 803 400 juri
827 357 975 388 naturae
1003 363 1048 388 ex
1080 352 1272 396 condicto,
1306 351 1372 387 sed

82 417 158 441 non
176 405 295 442 libero
315 406 413 442 sicut
430 406 490 442 lex
514 406 741 453 simpliciter
766 405 949 450 humana,
969 404 1033 440 sed
1052 415 1120 452 per
1136 404 1372 440 adinventio-

82 469 169 494 nem
190 459 351 494 rationis
374 458 556 494 humanae
574 458 796 495 deducentis
822 458 1108 494 conclusionem
1135 458 1264 493 stricte
1284 468 1372 492 con-

26 524 27 527 *
81 522 219 547 nexam
246 522 334 547 cum
361 511 550 559 principio
573 512 673 558 Juris
694 515 841 546 naturae
870 515 907 546 et
932 521 1019 546 cum
1046 510 1145 547 facto
1167 510 1371 545 universali

80 565 315 601 necessitatis
333 564 529 601 divisionis
547 565 833 613 possessionum
853 575 922 611 pro
946 564 1106 611 pacifica
1135 568 1172 600 et
1192 563 1370 599 ordinata

80 617 283 653 hominum
303 618 542 653 conviventia
563 628 571 652 :
595 622 632 653 et
647 616 732 653 ideo
751 617 945 653 conclusio
969 617 1034 652 illa
1051 621 1106 652 est
1124 617 1188 663 jus
1209 616 1368 663 quidem

78 670 299 716 positivum,
329 671 420 717 quia
452 681 518 717 per
547 670 882 706 ratiocinationem
911 670 1075 705 mixtam
1102 670 1272 716 ponitur,
1304 669 1371 705 sed

81 733 159 758 non
179 722 387 758 humanum
403 723 581 767 liberum,
600 723 665 758 sed
684 723 942 759 necessarium
963 722 1209 770 hypothetice
1231 733 1370 769 nempe

78 779 134 809 est
151 775 216 821 Jus
236 776 408 823 gentium
431 778 502 820 (26,
525 776 605 821 ΙΙΙ).

125 827 296 875 objectio
313 829 450 864 altera.
477 830 544 864 Jus
562 833 710 865 naturae
733 829 868 865 violari
886 839 964 864 non
981 833 1120 876 potest.
1146 829 1260 875 Atqui
1282 840 1369 876 pro-

77 881 218 927 prietas
233 880 335 917 licite
352 881 488 916 violari
513 886 640 928 potest
657 881 704 916 ab
725 892 769 917 eo
791 882 856 927 qui
875 885 931 917 est
951 882 990 917 in
1011 886 1184 917 extrema
1208 882 1369 917 necessi-

78 937 154 969 tate
170 934 416 970 constitutus.
434 934 533 981 Ergo
558 934 773 981 proprietas
794 945 871 970 non
893 939 950 970 est
967 935 1090 981 aJ'ure
1111 939 1272 971 naturae.

121 986 229 1032 Hesp.
249 985 423 1022 Concedo
435 985 638 1032 majorem;
659 986 827 1021 concedo
846 986 1028 1021 minorem
1048 997 1055 1020 :
1076 990 1113 1021 et
1128 997 1226 1033 nego
1246 997 1369 1023 conse-

75 1039 266 1084 quentiam
292 1043 328 1074 et
347 1039 598 1085 suppositum.
630 1038 695 1074 Ille
726 1039 828 1074 enim
857 1039 922 1085 qui
950 1043 1007 1074 est
1033 1039 1071 1073 in
1109 1043 1282 1075 extrema
1304 1050 1369 1074 ne-

75 1091 249 1127 cessitate
261 1092 493 1127 constitutus
505 1102 582 1127 non
593 1090 710 1127 violat
725 1091 1002 1138 proprietatem
1017 1091 1197 1136 alienam,
1215 1091 1280 1127 sed
1296 1093 1367 1126 uti-

77 1148 141 1178 tur
155 1154 195 1178 re
212 1144 394 1190 propria:
421 1144 512 1191 quia
541 1145 580 1179 in
609 1148 779 1180 extrema
808 1145 1033 1180 necessitate
1056 1149 1179 1180 cessat
1194 1145 1259 1191 jus
1283 1156 1368 1192 pro-

78 1195 264 1242 prietatis,
296 1201 332 1232 et
367 1207 495 1232 rerum
516 1207 608 1232 usus
637 1197 681 1231 fit
711 1197 942 1232 communis.
969 1196 1216 1232 Adversarius
1237 1203 1365 1233 autem

76 1249 259 1295 supponit
280 1249 344 1295 Jus
375 1249 622 1296 proprietatis
655 1254 824 1296 perstare
857 1250 897 1284 in
924 1250 1149 1285 necessitate
1180 1255 1365 1286 extrema.

76 1300 315 1348 Quapropter
345 1312 496 1337 necesse
526 1306 582 1337 est
617 1301 744 1347 quoad
761 1302 825 1348 jus
852 1302 1100 1349 proprietatis
1121 1306 1163 1337 ut
1190 1302 1368 1339 distincte

75 1353 361 1390 consideremus
377 1354 442 1401 jus
463 1354 711 1401 proprietatis
726 1354 764 1389 in
783 1365 834 1399 se,
854 1358 891 1390 et
904 1355 941 1389 in
960 1354 1146 1390 relatione
1167 1366 1255 1391 cum
1274 1356 1366 1391 alte-

77 1407 155 1443 rius
170 1407 256 1453 jure
273 1417 361 1443 cum
385 1417 461 1453 quo
482 1408 522 1443 in
548 1407 807 1454 peculiaribus
827 1408 1128 1443 circumstantiis
1146 1408 1283 1444 collidi
1302 1419 1364 1455 po-

77 1463 162 1495 test.
182 1459 249 1495 Jus
269 1460 514 1507 proprietatis
534 1460 573 1495 in
591 1471 630 1496 se
657 1465 714 1495 est
731 1471 882 1507 semper
902 1470 923 1496 a
944 1464 1094 1505 natura,
1117 1460 1183 1497 sed
1204 1461 1242 1496 in
1263 1461 1367 1497 colli·

74 1513 181 1549 sione
201 1523 288 1549 cum
315 1513 545 1559 praevalente
568 1513 655 1559 jure
678 1514 836 1549 alterius
866 1513 1049 1559 suspendi
1083 1518 1211 1560 potest
1240 1514 1366 1561 quoad

74 1565 155 1611 ejus
180 1566 419 1610 exercitium,
447 1570 490 1601 ut
522 1565 668 1601 dictum
696 1570 752 1602 est
781 1565 827 1601 de
850 1566 936 1612 jure
958 1566 996 1601 in
1025 1577 1162 1613 genere
1195 1568 1266 1612 (28,
1289 1567 1364 1612 IX).

75 1616 116 1651 In
133 1621 304 1653 extrema
318 1628 409 1665 ergo
429 1619 656 1654 necessitate
684 1618 1010 1664 habeturjurium
1031 1618 1192 1663 collisio,
1209 1620 1274 1666 jus
1300 1631 1367 1656 na-

76 1673 170 1704 turae
184 1680 320 1716 nempe
340 1670 589 1707 conservandi
608 1671 728 1706 vitam
760 1681 805 1706 ex
834 1681 912 1706 una
932 1675 1054 1717 parte,
1076 1681 1122 1706 ex
1142 1671 1218 1707 alia
1234 1672 1298 1718 jus
1327 1673 1366 1708 in

74 1721 171 1757 hanc
185 1723 460 1768 proprietatem
480 1733 488 1758 :
512 1734 588 1769 qua
613 1724 652 1758 in
682 1723 880 1759 collisione
913 1724 1084 1770 primum
1111 1725 1306 1770 praevalet,
1329 1729 1367 1761 et

73 1779 351 1820 consequenter
367 1775 578 1811 secundum
590 1776 738 1822 patitur
751 1776 790 1811 in
808 1786 898 1811 casu
910 1776 1202 1822 suspensionem
1222 1777 1364 1823 (Ibid.).

74 1846 118 1852 —-
135 1826 233 1870 11-11‚
256 1826 325 1868 Qu.
348 1827 468 1872 LXVI,
490 1827 604 1862 Artic.
627 1827 690 1862 VII
719 1838 828 1873 corp.
852 1832 889 1862 et
910 1827 958 1863 ad
975 1830 1009 1863 2.

121 1878 288 1926 Objeotio
318 1880 445 1916 tertia.
477 1880 616 1916 Omnes
650 1880 827 1916 homines
857 1884 996 1916 natura
1024 1882 1205 1927 aequales‚
1230 1883 1364 1919 eadem

68 1931 158 1979 jura
193 1931 335 1968 habent
368 1932 415 1968 ad
452 1933 596 1968 omnia.
634 1933 748 1979 Atqui
787 1932 1074 1979 possessionum
1112 1933 1245 1970 dlvisio
1275 1935 1365 1972 huic

70 1984 283 2030 aequalitati
301 1985 523 2032 opponitur.
548 1985 647 2032 Ergo
671 1985 960 2032 possessionum
988 1985 1122 2022 divisio
1142 1992 1198 2022 est
1215 1993 1363 2025 naturae

70 2037 263 2084 opposita.
281 2058 327 2063 —
347 2038 405 2074 Ita
425 2038 650 2074 Hobbesius.

116 2090 225 2136 Resp.
238 2090 439 2139 Distinguo
452 2091 637 2138 majorem
652 2103 663 2126 :
682 2092 822 2128 Omnes
839 2092 1017 2129 homines
1032 2097 1170 2129 natura
1184 2096 1362 2142 specifica

69 2147 160 2178 sunt
176 2144 356 2189 aequales,
375 2144 555 2188 concedm·
575 2148 712 2180 natura
727 2144 967 2190 individuali,
983 2155 1089 2192 neyo.
1109 2145 1153 2180 Et
1170 2146 1209 2182 in
1227 2148 1361 2184 eodem

72 2206 184 2230 sensu
196 2197 514 2234 contradistincta
530 2197 688 2242 minori,
702 2209 799 2245 nego
815 2209 961 2246 conseq.
975 2219 1020 2224 —
1039 2198 1246 2245 Sophisma
1262 2212 1361 2237 com-

73 2248 256 2284 munismi
277 2254 332 2285 est
353 2250 392 2286 in
410 2251 575 2286 transitu
602 2261 624 2286 a
649 2255 787 2286 natura
804 2252 981 2298 specifica
999 2250 1046 2286 ad
1068 2256 1246 2288 naturam
1265 2254 1362 2290 indi-

75 2300 279 2338 vidualem.
303 2303 447 2339 Natura
472 2303 644 2339 humana
676 2303 799 2350 specie
818 2315 896 2341 una
918 2308 988 2349 est,
1014 2313 1100 2350 quae
1125 2308 1254 2342 tamen
1284 2318 1360 2344 non

75 2354 215 2400 existit,
235 2354 299 2392 sed
321 2356 491 2393 existunt
510 2355 716 2393 individua
736 2357 889 2404 speciei.
908 2359 1027 2394 Porro
1046 2360 1186 2395 natura
1206 2360 1244 2395 in
1265 2361 1360 2398 indi-
