1554 2569
152 108 197 141 70
223 118 365 143 Ennea.
380 119 450 144 Lm.
468 119 506 144 11.
518 119 595 145 cAP.
612 119 636 144 1.
652 119 696 144 DE
706 119 1043 144 ACTIBUSHUMAN.1N
1052 119 1438 145 SEIPSISCONSIDERATIS

153 189 290 235 specie,
312 201 377 225 scu
396 200 441 225 ex
459 190 623 237 objecto,
645 190 748 236 quod
766 191 814 225 sit
841 190 963 226 bonus
980 190 1038 226 vel
1061 191 1186 226 malus
1214 192 1303 236 (quo
1326 201 1441 229 sensu

153 242 399 287 probavimus
409 243 625 289 specificam
638 242 935 278 indifferentiam
945 242 1202 289 quarumdam
1212 242 1441 289 actionum),

154 293 253 329 unde
275 305 342 341 per
364 295 509 341 aliquid
534 295 637 331 aliud
662 299 787 342 potest
807 296 890 331 fieri
918 295 1056 340 bonus,
1084 295 1143 331 vel
1169 295 1306 331 malus.
1335 295 1439 330 Sicut

154 346 269 382 honio
296 358 372 382 non
394 347 509 383 habet
533 359 577 384 ex
602 359 671 383 sua
698 348 834 394 specie,
863 348 966 394 quod
996 349 1044 383 sit
1069 348 1179 384 albus
1209 347 1268 383 vel
1301 348 1437 394 niger;

154 409 221 434 neo
242 403 370 434 tamen
390 399 504 436 habet
525 411 571 436 ex
594 411 662 436 sua
682 400 805 448 specie
827 399 930 446 quod
947 411 1024 436 non
1045 400 1093 436 sit
1110 400 1219 436 albus
1239 399 1297 435 vel
1317 400 1438 446 niger.

154 452 281 487 Potest
301 453 404 487 enim
422 452 557 488 albedo
578 453 636 488 vel
655 452 814 499 nigredo
838 453 1080 499 supervenire
1098 452 1246 488 homini
1271 452 1438 496 aliunde,

153 515 268 549 quarn
287 515 309 540 a
326 505 524 552 principiis
544 506 694 552 speciei.
717 526 761 531 —-
780 505 880 541 Ibz'd.
905 505 953 541 ad
973 508 1004 541 1.
1023 526 1068 531 -
1085 506 1286 541 Distinctio
1308 509 1438 541 autem

152 556 319 603 majoris
334 557 538 594 manifesta
549 563 605 594 est
619 569 664 594 ex
683 558 794 594 dictis
809 558 847 593 in
857 558 1061 605 Ontologia
1075 558 1120 594 de
1135 557 1440 594 universalibus.-

153 610 295 656 species
322 611 424 646 enim
456 611 494 646 in
527 622 566 646 se
599 614 753 658 sumpta
781 621 904 657 neque
938 610 1098 647 includit
1128 621 1250 657 neque
1271 610 1440 646 excludit

154 663 341 709 principia
375 663 668 709 individuantia,
704 664 785 699 siue
820 663 961 710 quibus
999 668 1128 699 tamen
1164 664 1271 699 nulla
1299 663 1441 710 species

153 715 314 750 existere
335 716 489 751 realiter
507 720 645 763 potest.

201 766 368 813 objectio
388 769 565 805 secunda.
587 769 640 803 Ex
658 768 957 804 individualibus
979 768 1125 804 actibus
1149 771 1355 804 causantur
1374 767 1438 802 ha-

153 819 255 854 bitus
289 819 505 856 conformes
534 821 638 867 ipsis.
667 822 780 867 Atqui
810 820 952 857 dantur
974 820 1128 856 habitus
1149 820 1438 864 indifferentes3

153 871 250 906 sicut
270 871 534 919 prodigalitas,
555 883 640 919 quae
661 884 730 909 nec
749 874 863 918 bona,
883 884 951 908 nec
971 873 1074 909 mala
1090 877 1158 908 est.
1178 872 1276 919 Ergo
1299 872 1439 907 dantur

153 927 259 958 actus
280 924 468 960 individui
486 925 685 961 moraliter
700 925 961 961 indifferentes

198 976 306 1022 Resp.
328 977 430 1023 Nego
452 979 658 1013 minorem:
677 982 714 1013 et
734 977 781 1013 ad
801 978 1021 1024 exemplum
1040 977 1123 1013 dico
1142 977 1244 1023 quod
1266 976 1441 1024 prodiga-

154 1027 252 1071 litas,
275 1039 317 1064 ac
336 1033 463 1064 cetera
478 1028 632 1072 similia,
668 1041 745 1065 non
758 1034 846 1065 sunt
860 1030 962 1065 mala
981 1029 1097 1065 alteri
1117 1040 1124 1064 :
1151 1040 1240 1065 nam
1258 1028 1441 1076 prodigus

154 1080 248 1115 nulli
270 1081 378 1116 alteri
402 1086 525 1125 nocet,
552 1082 623 1117 nisi
645 1082 717 1117 sibi
738 1083 810 1129 ipsi
830 1094 838 1127 3
858 1086 1029 1118 attamen
1053 1086 1143 1117 sunt
1166 1081 1376 1118 secundum
1402 1092 1441 1116 se

155 1132 267 1176 mala,
287 1137 322 1168 et
347 1145 423 1169 non
444 1133 713 1170 indifferentia.
740 1135 814 1170 Nos
838 1139 967 1170 autem
991 1134 1053 1170 hic
1079 1134 1269 1178 sumimus
1294 1133 1440 1169 malum

155 1186 298 1220 morale
319 1186 505 1231 absolute,
522 1191 563 1222 ut
581 1192 637 1222 est
655 1198 792 1234 nempe
807 1187 898 1233 quid
913 1187 1053 1222 rationi
1073 1191 1186 1222 rcctoe
1204 1197 1435 1233 repugnans.

155 1237 208 1272 Il).
228 1238 276 1273 ad
298 1240 331 1273 2.

202 1289 368 1336 Objectz'o
390 1291 503 1327 tertia
530 1292 678 1327 Bonum
705 1292 850 1328 morale
878 1293 1043 1338 pertinet
1069 1292 1117 1328 ad
1137 1292 1332 1336 virtutem,
1358 1303 1438 1327 ma-

155 1343 233 1377 lum
274 1347 403 1378 autem
448 1344 593 1379 morale
633 1344 799 1391 pertinet
833 1344 881 1380 ad
915 1345 1066 1380 vitium.
1099 1344 1213 1390 Atqui
1248 1344 1436 1391 contingit

155 1395 385 1441 quandoque
403 1395 507 1441 quod
527 1396 658 1440 homo,
678 1401 806 1432 actum
830 1407 875 1432 ex
900 1397 1023 1443 specie
1043 1407 1111 1432 sua
1140 1395 1436 1441 indifferentem,

156 1458 231 1483 non
255 1448 407 1483 ordinat
434 1448 480 1483 ad
507 1449 674 1495 aliquem
697 1450 813 1484 finem
836 1449 918 1484 vitii
945 1449 1003 1485 vol
1029 1450 1194 1485 virtutis.
1222 1449 1320 1496 Ergo
1349 1460 1438 1485 con-

157 1500 268 1547 tingit
284 1500 452 1546 aliquem
471 1505 600 1538 actum
617 1501 891 1537 individualem
909 1513 989 1537 esse
1006 1502 1205 1538 moraliter
1223 1502 1437 1537 indifferen-

156 1558 246 1588 tem.

200 1606 308 1651 Hesp.
330 1606 432 1653 Nego
453 1607 647 1643 minorem.
671 1607 804 1643 Sermo
822 1608 924 1643 enim
945 1612 1001 1643 est
1019 1607 1065 1644 de
1080 1608 1227 1643 actibus
1243 1607 1438 1652 humanis,

156 1668 177 1692 a
203 1657 451 1694 deliberativa
478 1659 626 1695 ratione
657 1670 725 1707 per
757 1659 995 1695 voluntatem
1024 1660 1141 1695 finem
1175 1659 1439 1694 intendentem

157 1710 462 1756 procedentibus.
487 1712 604 1747 Porro
631 1712 756 1748 omnis
774 1712 860 1747 finis
888 1723 909 1747 a
926 1712 1073 1747 ratione
1107 1711 1358 1747 deliberativa
1383 1712 1439 1747 in-

158 1767 283 1798 tentus
315 1768 382 1798 aut
410 1768 465 1800 est
498 1764 705 1800 conformis
738 1768 851 1800 rectae
879 1764 1033 1809 rationi,
1071 1769 1136 1800 aut
1170 1764 1378 1809 difformis3
1403 1769 1440 1799 et

157 1815 239 1851 ideo
261 1817 427 1862 pertinet
447 1816 494 1852 ad
517 1817 661 1853 bonum
687 1817 848 1864 aliquus
872 1817 1036 1861 virtutis,
1062 1817 1120 1852 vel
1141 1816 1188 1852 ad
1205 1817 1350 1852 malum
1375 1817 1440 1852 ali·

157 1868 263 1914 cujus
293 1869 386 1904 vitii.
414 1870 509 1905 Nam
537 1869 610 1906 hoc
632 1870 759 1917 ipsum
788 1869 892 1916 quod
922 1869 1060 1916 aliquis
1088 1869 1261 1905 ordinate
1288 1870 1368 1916 agit
1392 1869 1439 1905 ad

157 1922 488 1967 sustentationem,
517 1927 622 1969 puta,
644 1922 702 1957 vel
734 1922 902 1968 quietem
923 1922 981 1957 sui
1010 1922 1194 1969 corporis,
1223 1921 1271 1957 ad
1294 1922 1438 1957 honum

158 1973 308 2009 virtutis
328 1974 530 2010 ordinatur
547 1975 585 2010 in
607 1986 664 2019 eo,
681 1975 746 2020 qui
764 1986 901 2021 corpus
918 1985 1030 2010 suum
1053 1974 1204 2009 ordinat
1228 1974 1274 2009 ad
1294 1974 1438 2010 bonum

159 2025 307 2061 virtutis
327 2037 335 2062 ε
354 2030 392 2063 et
411 2027 512 2063 idem
534 2032 638 2076 patet
658 2027 697 2063 in
711 2027 795 2064 aliis
813 2027 973 2063 actibus.
994 2046 1038 2052 —
1058 2026 1157 2063 Ibz'd.
1181 2026 1225 2062 ad
1250 2028 1283 2063 Ξ.
