1584 2569
222 138 290 174 234
308 147 368 174 ms
387 147 548 174 numm.
570 146 640 173 ΠΙ.
652 147 690 172 n.
712 146 790 173 CAP-
812 145 852 170 11.
866 144 908 170 DE
929 143 1119 170 socntnu
1138 144 1209 169 ew.
1227 144 1264 169 IN
1284 143 1322 169 SE
1339 144 1510 170 srsscnu

266 219 457 266 Principia
472 218 806 256 scholasticorum.
920 216 1111 261 Principia
1155 216 1509 255 Rationalistarum.

266 271 440 308 Primum
486 270 734 317 principium.
792 268 854 305 So·
920 269 1096 304 Primum
1108 269 1363 315 principium.
1389 270 1510 307 Socia-

220 323 367 361 cialitas
392 323 561 360 humana
588 327 644 360 est
663 333 686 359 a
704 325 854 366 natura,
875 321 962 357 litas
992 320 1163 357 humana
1192 331 1269 358 non
1298 327 1355 358 est
1389 333 1411 358 a
1447 334 1512 359 na-

221 381 257 412 et
294 380 568 423 consequenter
599 385 621 411 a
655 374 731 411 Deo
765 378 808 410 ut
835 383 857 409 a
877 378 975 419 tura,
1004 383 1126 420 neque
1153 373 1280 419 aDeo,
1320 374 1386 411 sed
1417 386 1440 411 a
1472 376 1499 411 li

220 439 335 465 causa
358 428 557 465 efficiente.
587 447 632 455 -
673 426 854 471 Victoria,
877 427 967 464 bero
996 431 1107 474 pacto
1138 426 1268 463 sociali
1302 426 1514 464 individuo-

222 480 326 527 Soto,
372 481 643 525 Bellarminus,
697 478 854 523 Suarez,
878 490 976 525 rum,
997 484 1040 516 ut
1056 490 1079 516 a
1094 490 1209 517 causa
1228 481 1428 518 efficiente.

220 534 292 571 loc,
314 534 378 571 cit.

266 586 437 646 Allefum
468 585 726 646 Psimffpfum·
752 584 856 645 ,Ergq
922 598 1092 634 Alterum
1123 598 1379 645 principium.
1415 599 1513 647 Ergo

224 644 430 698 mmmmm}
478 639 658 697 pumma&
683 642 856 675 ⁵00¹etat¹
878 650 1084 688 auctoritas
1105 650 1258 698 publica
1271 655 1328 687 est
1343 649 1516 688 collectio

223 701 433 727 necessaria
452 701 528 727 non
553 691 748 727 hommum
767 700 857 727 con·
878 714 944 739 seu
977 713 1129 739 summa
1162 702 1383 739 ubertatum
1419 703 1513 740 indi,

221 742 366 779 dmone
391 747 458 802 (ΞΜ
483 742 574 790 jure
597 743 729 802 alfia?
752 742 857 802 posi·
878 755 1102 800 vidualium‚
1147 759 1185 791 et
1235 759 1292 791 est
1335 766 1357 791 a
1399 756 1517 792 libera

222 796 298 831 tivo
311 799 536 840 commentar,
549 800 591 831 ut
610 800 664 832 alt
678 795 856 840 V1ctor1a,
879 809 1019 845 civium
1048 808 1242 845 voluntate
1267 808 1365 845 siout
1390 819 1412 845 a
1429 820 1517 845 vera

223 847 335 893 ’.Μ’-Η
365 858 403 884 ¹²·
427 850 462 893 ὃν
482 847 548 885 sed
576 853 633 885 θεῖ
657 859 680 885 a
708 853 857 893 naturas
880 866 918 898 et
934 861 1158 898 immediata
1180 871 1294 897 causa
1314 860 1514 898 efficiente.

223 904 261 936 et
285 904 560 947 consequenter
589 911 611 937 a
643 900 733 946 Deo,
763 905 805 937 ut
839 912 861 937 a

224 962 339 989 causa
390 952 612 990 immediate
658 953 857 990 efficiente.

224 1023 268 1032 —-
287 1006 470 1042 Auctores
485 1006 604 1050 citati,
632 1005 727 1042 ibid.

267 1057 512 1104 Principium
527 1058 690 1095 tertium.
715 1073 732 1091 «
751 1058 859 1095 Com·
926 1055 1172 1102 Principium
1211 1054 1373 1091 tertium.
1421 1053 1517 1101 Ergo

222 1111 391 1147 munitas
419 1122 497 1147 non
522 1116 648 1159 potest
676 1122 743 1160 per
765 1112 860 1158 seip-
878 1110 941 1156 jus
979 1107 1272 1144 administrandi
1316 1106 1521 1154 rempubli-

223 1172 304 1200 sam
346 1173 519 1200 exercere
558 1163 657 1201 hanc
698 1168 861 1212 potesta·
882 1171 966 1198 cam
986 1161 1152 1209 pertinet
1165 1159 1213 1197 ad
1233 1158 1518 1196 multitudinem

225 1221 302 1252 tem
324 1227 379 1261 ;...
406 1226 476 1253 nec
497 1220 622 1265 potest
651 1226 770 1265 genus
794 1216 862 1253 hu·
883 1225 948 1251 seu
1000 1213 1200 1262 populum,
1248 1216 1286 1249 et
1331 1212 1521 1260 principes

224 1279 396 1314 manum,
445 1269 597 1305 etiamsi
647 1274 771 1306 totum
814 1270 862 1306 si-
883 1277 949 1304 seu
979 1270 1145 1303 rectores
1178 1275 1256 1301 non
1297 1263 1401 1301 aliud
1434 1268 1523 1300 sunt

225 1321 305 1356 mul
347 1322 577 1366 conveniret,
627 1324 862 1359 contrarium
883 1319 956 1354 nisi
976 1318 1072 1354 meri
1102 1320 1420 1364 repraesentantes
1446 1316 1521 1363 ple-

225 1378 402 1419 statuere,
423 1379 466 1410 ut
493 1374 588 1410 nulli
615 1380 740 1412 essent
761 1377 861 1423 prin·
883 1371 977 1408 beiae
1008 1369 1233 1418 majestatis,
1268 1368 1521 1405 inalienabilis

226 1427 327 1473 cipes
349 1426 406 1462 vel
430 1431 608 1463 rectores.
633 1441 716 1473 ’.-
741 1428 863 1464 Verba
883 1425 921 1460 in
958 1423 1116 1471 populo,
1166 1427 1204 1459 et
1241 1432 1317 1470 qua
1357 1421 1521 1469 populus

225 1483 312 1514 sunt
339 1479 572 1525 Bellarmini,
612 1479 681 1518 loc.
714 1480 794 1525 cit„
825 1486 862 1517 et
883 1480 1008 1524 potest
1034 1475 1083 1511 ad
1119 1474 1274 1511 lihitum
1315 1473 1521 1511 destituere

226 1530 326 1567 idem
343 1532 407 1567 alii
424 1532 530 1568 citati
547 1532 740 1568 Auctores.
880 1539 971 1565 suos
986 1531 1278 1575 repraesentates
1294 1526 1413 1563 libere
1429 1525 1521 1562 elec-

882 1586 956 1619 tos.
987 1599 1033 1607 —-
1061 1579 1267 1625 Romseau,
1309 1583 1347 1615 et
1379 1579 1520 1626 passim

882 1632 1146 1670 rationalistae.

286 1729 373 1767 Haec
392 1734 482 1767 sunt
495 1731 684 1779 principia
699 1731 1032 1777 scholasticorum,
1047 1731 1130 1768 haec
1146 1730 1337 1778 principia
1352 1730 1514 1766 rationa-

238 1782 438 1820 listarum:
460 1788 593 1832 aperta
617 1789 674 1821 est
700 1785 892 1833 oppositio
919 1784 1019 1821 inter
1044 1794 1122 1821 una
1140 1788 1178 1820 et
1197 1783 1284 1820 alia.
1306 1783 1382 1819 Cur
1401 1783 1518 1831 igitur

239 1835 463 1873 Scholastici
481 1847 589 1874 more
608 1837 936 1875 rationalistarum
948 1841 1099 1886 ponunt
1115 1837 1154 1873 in
1168 1835 1416 1874 multitudine
1433 1835 1503 1871 sub

236 1890 382 1936 jectum
411 1889 532 1926 civilis
556 1891 826 1927 auctoritatis?
848 1890 926 1928 Hoc
944 1895 1001 1927 est
1034 1889 1216 1926 ultimum
1236 1887 1340 1936 quod
1361 1899 1384 1925 a
1409 1887 1518 1925 nobis

238 1940 513 1979 declarandum
545 1947 614 1979 est.
645 1942 990 1980 Consideraverunt
1013 1953 1104 1990 ergo
1133 1942 1206 1990 ipsi
1237 1941 1460 1978 societatem
1481 1941 1517 1976 in

238 1992 431 2031 abstracto
463 1999 502 2033 et
523 2001 803 2044 consequenter
818 1995 1016 2032 individua
1035 1996 1074 2031 in
1093 1995 1300 2039 abstracto,
1319 1998 1357 2030 et
1379 1993 1419 2030 in
1436 1993 1519 2030 abs-

239 2051 361 2082 tracto
378 2048 648 2085 auctoritatem
670 2049 808 2096 ipsam.
832 2049 887 2085 Ex
906 2059 983 2096 qua
1007 2047 1198 2085 exclusiva
1216 2045 1518 2084 consideratione

241 2099 423 2146 emergit:
446 2102 483 2135 10
502 2100 669 2148 perfecta.
695 2100 894 2148 aequalitas
919 2099 1231 2144 individuorum3
1251 2101 1291 2135 20
1311 2103 1348 2135 et
1374 2097 1459 2134 ideo
1481 2099 1518 2133 in

240 2150 344 2187 nullo
373 2151 658 2190 individualiter
672 2157 827 2201 sumpto
848 2153 1008 2190 facultas
1024 2151 1261 2200 imperandi;
1277 2152 1315 2187 30
1328 2155 1366 2187 et
1390 2161 1519 2188 conse-

240 2208 402 2250 quenter
419 2209 589 2252 potestas
607 2205 823 2253 imperandi
837 2210 895 2242 est
910 2205 1040 2253 aliquo
1055 2203 1172 2241 modo
1189 2205 1229 2241 in
1247 2202 1493 2241 multitudine
1509 2215 1518 2249 3

242 2258 280 2292 4⁰
302 2262 342 2293 at
363 2268 441 2293 non
460 2262 518 2293 est
539 2258 578 2294 in
598 2258 846 2296 multitudine
865 2263 909 2295 ut
926 2259 967 2295 in
983 2258 1154 2306 subjecto
1179 2257 1409 2304 generatim,
1431 2256 1516 2303 quia

242 2314 413 2359 potestas
426 2315 483 2347 est
494 2321 516 2347 a
528 2311 606 2347 Deo
622 2311 865 2357 immediate3
877 2321 1000 2359 neque
1013 2315 1057 2347 ut
1072 2311 1111 2346 in
1137 2310 1308 2357 subjecto
1319 2313 1516 2352 exercente,

243 2363 347 2410 quia,
365 2368 406 2400 ut
424 2364 686 2412 probavimus,
707 2363 915 2401 multitudo
933 2374 1011 2401 non
1029 2368 1156 2412 potest
1171 2372 1344 2400 exercere
1359 2361 1517 2399 auctori-
