1584 2569
210 136 278 170 318
767 139 942 167 apriti-{nu

208 226 288 252 rem
310 213 413 262 quod
434 214 584 258 attinet,
602 223 680 250 non
704 212 829 249 solum
848 211 972 256 mulli,
996 222 1073 248 non
1097 213 1222 249 solum
1242 215 1371 261 major
1386 226 1496 262 pars,

208 268 274 306 sed
293 279 418 304 omnes
440 267 666 314 interpretes
689 265 806 312 (quod
825 266 965 301 Auctor
979 276 1055 301 non
1074 271 1201 313 negat,
1221 278 1343 314 neque
1360 281 1499 317 negare

209 321 348 370 potest)
363 325 584 357 constanter
598 324 634 355 et
649 318 884 355 unanimiter
899 323 1102 355 tenuerunt
1120 319 1404 358 distinctionem
1421 335 1498 360 rea-

208 374 283 411 lem
299 375 397 410 inter
413 373 614 409 materiam
636 372 802 419 primam
823 375 860 408 et
879 371 1043 408 formam
1061 372 1350 410 substantialem
1373 375 1500 415 doceri

207 439 231 465 a
252 428 288 463 S.
311 427 470 463 Thoma.
494 425 631 461 Inutile
658 429 714 460 est
738 434 827 472 ergo
847 423 896 460 ad
923 435 1002 460 rem
1031 429 1202 461 nostram
1232 427 1431 465 immorari
1461 431 1496 466 in

208 481 274 517 illa
297 479 556 523 distinctione,
579 482 616 514 et
636 477 731 514 bene
755 477 885 524 scripsi
910 477 1014 524 quod
1033 491 1049 509 ‹
1072 478 1103 513 si
1124 479 1205 525 ejus
1225 480 1339 516 verba
1361 481 1496 518 intelli-

210 538 350 582 gantur
370 532 414 568 de
432 531 604 579 partiali
626 540 813 567 consensu
841 530 1094 577 interpretum
1117 530 1153 567 S.
1179 531 1349 578 Thomas,
1371 545 1415 570 ea
1437 535 1498 571 ad-

210 589 322 623 mitto
337 598 345 631 3
362 591 400 621 at
417 584 664 620 vehementer
683 593 781 630 nego
799 583 829 618 si
844 588 982 630 agatur
1000 583 1047 619 de
1063 584 1244 620 unanimi
1260 590 1296 621 et
1310 591 1499 624 constanti

210 640 462 686 interpretum
491 647 678 673 consensu
706 645 756 672 ur
781 645 818 671 [N
844 645 914 672 mc
945 645 1167 677 QUAESTlONE
1196 638 1344 674 accidit.
1375 655 1390 672 ι
1419 641 1504 682 Quo

209 702 323 728 sensu
353 690 542 737 postulavi
576 690 628 734 (et
653 689 753 735 jure,
786 693 828 724 ut
860 688 986 732 credo)
1019 689 1065 724 ab
1097 690 1179 735 ipso
1213 695 1256 725 ut
1285 693 1503 729 ostenderet

210 743 352 791 dogma
367 742 523 789 aliquod
537 746 578 777 ut
589 745 736 778 certum
754 741 790 777 S.
805 741 963 777 Thomas
978 741 1024 777 ab
1040 741 1214 777 omnibus
1231 743 1504 791 interpretibus

209 800 430 833 constanter
462 794 578 830 fuisse
604 798 811 838 retentum,
840 793 943 841 quod
977 797 1109 841 postea
1136 795 1317 832 facillimo
1347 799 1503 846 negotio

210 848 520 885 demonstratum
540 847 613 883 fuit
635 857 658 883 a
679 847 715 882 S.
738 847 887 883 Thoma
906 847 1201 884 alienissimum.
1224 869 1268 875 —
1287 849 1403 886 Addit
1423 851 1505 898 ipse

210 912 249 939 se
275 901 496 938 ratiocinari
525 911 570 936 ex
597 900 795 947 principiis
824 900 1007 946 Angelici,
1029 904 1072 935 ut
1098 900 1190 947 quid
1217 900 1262 937 de
1291 903 1502 939 conclusio-

210 955 323 991 nibus
350 953 510 990 senserit
536 952 818 999 deprehendat;
846 963 978 988 verum
1006 952 1105 989 hane
1134 953 1360 991 methodum
1387 956 1504 993 inter-

211 1007 386 1054 pretandi
421 1006 457 1042 S.
488 1005 691 1049 Thomam,
719 1016 806 1041 cum
837 1005 1042 1050 manifesta
1072 1005 1119 1040 sit
1149 1006 1232 1053 ejus
1261 1018 1369 1043 mens
1403 1010 1502 1046 circa

211 1059 484 1103 conclusiones,
511 1058 602 1094 vitio
628 1068 705 1093 non
735 1068 862 1093 carere
889 1058 1045 1105 probavi
1074 1058 1117 1102 (Ο
1164 1060 1220 1095 ⁴2.
1240 1059 1333 1104 VII).
1361 1060 1504 1098 Deinde

211 1112 307 1148 nihil
328 1113 365 1147 in
385 1111 582 1158 principiis
604 1109 642 1146 S.
667 1109 825 1146 Thomae
852 1110 1039 1145 contineri
1066 1110 1169 1156 quod
1196 1112 1432 1148 contrarium
1455 1115 1504 1149 sit

211 1165 311 1201 reali
337 1163 575 1199 distinctioni
603 1163 701 1198 inter
726 1163 928 1198 materiam
950 1167 986 1198 et
1006 1162 1168 1198 formam
1197 1164 1375 1210 explicite
1401 1166 1502 1202 affir-

212 1222 326 1253 matae
353 1228 375 1252 a
403 1216 439 1252 S.
468 1216 629 1252 Doctore
665 1214 922 1251 demonstravi
948 1215 985 1250 in
1009 1216 1126 1251 citato
1153 1216 1320 1252 Articulo
1348 1217 1503 1255 Cosmo=

211 1271 337 1317 logiae.
357 1269 449 1311 Quae
476 1269 608 1304 omnia
627 1278 649 1304 a
669 1278 730 1304 me
754 1267 897 1303 ibidem
924 1267 1117 1304 affirmata
1139 1273 1177 1304 et
1194 1270 1356 1316 probata
1373 1271 1404 1307 si
1425 1282 1501 1308 non

213 1322 444 1370 persuadent
479 1321 677 1369 egregium
709 1320 970 1357 adversarium
1003 1323 1058 1366 (ut
1086 1322 1165 1369 ipse
1189 1322 1242 1358 ait
1273 1324 1311 1358 in
1335 1324 1502 1370 scholio)

213 1386 322 1423 spero
344 1375 423 1411 fore
439 1378 482 1410 ut
499 1373 756 1422 persuadeant
773 1384 879 1409 meos
899 1373 1073 1418 lectores,
1097 1384 1166 1421 pro
1191 1375 1330 1421 quibus
1354 1377 1495 1424 scripsii

214 1434 255 1464 ut
281 1432 456 1464 caverent
482 1437 503 1463 a
529 1425 727 1470 methodo,
758 1436 859 1473 quae,
889 1427 920 1462 si
950 1426 1187 1473 praevaleret,
1218 1429 1501 1476 scepticismum

215 1480 464 1518 universalem
492 1479 689 1516 induceret
714 1479 754 1515 in
781 1479 955 1515 doctrina
979 1479 1016 1514 S.
1039 1479 1196 1516 Thomae
1216 1491 1223 1516 τ
1247 1481 1285 1516 111
1307 1481 1379 1518 hac
1402 1483 1504 1519 enim

214 1531 501 1580 interpretanda
517 1532 615 1568 ratio
634 1531 753 1568 dictat
770 1531 951 1567 standum
969 1542 1050 1567 esse
1068 1533 1256 1579 explicitis
1278 1534 1313 1569 S.
1333 1534 1506 1571 Doctoris

213 1586 426 1630 sententiis,
451 1589 489 1620 et
509 1584 625 1620 etiam
652 1584 962 1626 interpretationi
988 1585 1168 1619 unanimi
1193 1584 1505 1624 doctissimorum

215 1639 483 1685 interpretum.

262 1691 306 1726 ΙΙ.
327 1691 470 1726 Relicta
490 1689 702 1737 quaestione
719 1689 851 1725 critica
868 1688 916 1725 ad
934 1689 1189 1736 quaestionem
1206 1690 1348 1726 realem
1365 1692 1506 1729 Auctor

214 1743 372 1788 accedit,
401 1748 437 1779 et
465 1742 658 1789 improbat
685 1752 811 1778 meam
841 1740 1069 1778 divisionem
1099 1742 1327 1779 substantiae
1355 1744 1393 1780 in
1420 1745 1506 1781 sub·

216 1796 395 1834 stantiam
417 1796 637 1842 completam
651 1799 689 1831 et
703 1795 967 1841 incompletam
985 1795 1023 1830 in
1044 1795 1191 1831 ratione
1208 1796 1506 1835 substantialita-

218 1851 263 1885 tis
298 1849 351 1895 (Ο.
375 1851 432 1892 27,
465 1849 538 1892 lv).
569 1861 584 1880 ‹
615 1847 711 1884 Nam
744 1857 824 1892 ens,
856 1847 993 1893 inquit,
1028 1847 1131 1894 quod
1162 1848 1395 1895 incompleta
1423 1850 1507 1885 sub-

216 1902 356 1939 stantia
384 1901 536 1946 dicitur,
562 1901 593 1936 si
617 1911 695 1937 non
724 1906 781 1936 est
810 1900 998 1945 accidens,
1025 1905 1068 1936 ut
1095 1901 1339 1948 supponitur,
1366 1901 1425 1939 vel
1452 1907 1508 1939 est

215 1966 281 1992 ens
304 1966 372 2002 per
391 1966 430 1991 se
448 1954 614 1990 existens
634 1954 691 1990 vel
711 1964 801 1989 non.
826 1953 864 1989 Si
883 1957 940 1989 est
962 1963 1028 1989 ens
1048 1964 1116 2001 per
1135 1964 1174 1989 se
1191 1954 1371 2000 existens,
1392 1959 1449 1991 est
1468 1956 1508 1992 in

217 2009 365 2044 ratione
383 2007 607 2043 substantiae
624 2006 681 2043 vel
699 2006 1036 2042 substantialitatis
1053 2006 1313 2054 completum3
1333 2007 1363 2043 si
1384 2017 1506 2053 500115,

217 2061 254 2097 id
281 2061 471 2107 contingit
497 2059 554 2095 vel
579 2059 669 2106 quia
695 2069 772 2095 non
799 2063 856 2095 est
882 2070 961 2103 enS,
988 2059 1048 2095 vel
1074 2060 1165 2106 quia
1190 2070 1267 2095 non
1294 2065 1351 2095 est
1377 2071 1446 2108 per
1470 2071 1509 2097 se

216 2114 408 2150 existens:
438 2113 545 2159 atqui
572 2122 649 2148 non
679 2111 862 2159 primum,
891 2112 981 2159 quia
1007 2112 1061 2148 sic
1087 2112 1183 2148 nihil
1212 2117 1334 2157 esset3
1359 2123 1428 2149 nec
1453 2125 1509 2150 se-

216 2166 401 2209 cundum,
436 2166 525 2211 quia
560 2175 691 2201 rursus
721 2164 870 2200 nullum
906 2168 1004 2201 esset
1032 2175 1111 2200 ens.
1146 2165 1241 2200 Nam
1274 2166 1336 2201 1110
1370 2165 1509 2202 modus

217 2218 431 2255 essentialis
452 2222 508 2253 est
532 2217 772 2262 substantiae,
794 2223 831 2252 et
851 2217 964 2253 estin
982 2216 1205 2253 indivisibili
1230 2218 1346 2262 situs3
1369 2218 1400 2253 si
1417 2229 1508 2266 ergo

217 2271 335 2314 deest,
360 2270 465 2307 deest
493 2274 609 2314 totus,
632 2281 674 2306 eo
700 2274 830 2306 autem
855 2270 1054 2307 deficiente
1081 2281 1203 2317 neque
1226 2275 1283 2306 est
1310 2281 1375 2306 ens
1401 2272 1510 2318 quus

217 2328 275 2360 est
299 2323 452 2366 modus,
482 2321 643 2368 ideoque
671 2322 775 2358 nulla
801 2327 857 2359 est
881 2323 1109 2367 substantia,
1132 2327 1168 2359 et
1189 2322 1330 2359 idcireo
1357 2323 1466 2359 nihil.
1491 2337 1507 2357 ν

217 2397 261 2402 -
284 2376 476 2420 Scholion.
499 2386 586 2422 pas.
608 2377 688 2410 315.
