1584 2569
201 425 472 489 INDEX
522 424 1183 491 ALPHABETICUS

565 562 802 569 -υ

91 699 136 733 Ν.
159 699 202 732 Β.
229 698 262 730 1·
289 699 456 731 Numerus
475 698 631 731 arabicus
658 698 802 731 remittit
821 699 863 731 ad
886 708 1048 733 numeros
1073 700 1152 733 illos
1179 701 1336 734 arabicos

51 746 157 779 textui
187 746 345 784 insertos,
379 746 503 786 quibus
529 746 692 778 continue
725 746 835 777 divisa
859 752 1002 787 apparet
1034 748 1271 789 unaquaelibet
1299 757 1337 780 ex

50 794 207 828 Summae
226 793 483 834 Philosopliicoe
504 802 561 825 sex
586 792 758 833 partibus;
780 802 945 826 numerus
975 798 1090 826 autem
1112 803 1277 827 romanus
1296 796 1338 827 ad

49 850 211 875 romanos
226 841 290 873 sub
307 840 454 882 singulis
477 840 606 872 eisdem
629 840 777 872 arabicis
799 845 993 873 contentos.

91 889 384 929 Quotiescumque
420 888 455 919 in
497 888 560 919 lioc
598 887 713 919 Indice
745 888 931 920 occurrerit
971 897 1136 921 numerus
1175 897 1337 921 romanus

50 936 158 975 solus,
191 935 264 968 sine
293 934 419 967 arabici
446 934 636 974 additione,
670 940 869 967 assumatur
893 940 1026 976 oportet
1056 936 1212 968 arabicus
1239 940 1337 968 antea

51 984 203 1025 proxime
221 982 364 1015 relatus.

89 1031 123 1062 2⁰
144 1030 277 1062 Litterae
298 1029 348 1060 ita
371 1028 594 1069 significant:

174 1107 212 1139 L.
237 1123 275 1129 -
300 1106 438 1145 Logica.
879 1106 919 1138 P.
945 1123 983 1129 —-
1000 1106 1236 1147 Psychologia.

172 1153 213 1185 O.
243 1170 280 1176 —
302 1152 500 1192 Ontologia.
878 1153 918 1184 T.
943 1170 981 1176 —-
1002 1153 1204 1194 Theologia.

173 1199 212 1232 C.
243 1217 282 1222 —
303 1198 537 1239 Cosmologia.
881 1200 925 1231 M.
947 1218 984 1221 —
1009 1199 1163 1231 Moralis.

90 1295 122 1326 3⁰
141 1294 395 1326 Advertendum
421 1301 603 1325 censemus
628 1300 696 1325 non
725 1292 864 1325 licuisse
897 1293 963 1333 ipsi
999 1294 1150 1331 Auctori‚
1179 1294 1337 1326 laborum

51 1340 273 1373 multitudine
309 1339 412 1372 simul
454 1344 486 1371 et
518 1338 684 1380 gravitate
723 1339 902 1380 impedito,
934 1349 1046 1380 neque
1073 1340 1164 1372 hanc
1194 1341 1337 1372 aiteram

51 1389 169 1428 Operis
191 1387 244 1419 sui
271 1387 457 1419 editionem
487 1395 619 1426 curare,
648 1396 760 1428 neque
785 1388 877 1419 hunc
906 1387 1160 1427 alphabeticum
1184 1388 1337 1420 Indicem

51 1434 217 1468 conficere
237 1445 244 1465 :
262 1434 354 1476 quod
367 1438 553 1474 utrumque
573 1434 778 1466 tentandum
794 1434 882 1466 alius
905 1434 1168 1476 Qualiscumque
1194 1435 1338 1476 accepit.

50 1482 187 1515 Utinam
206 1490 260 1514 res
278 1480 454 1523 indignius
476 1490 544 1513 non
561 1480 722 1513 cesserit!

674 1720 709 1753 Δ

48 1816 276 1851 Absolutum.
316 1818 364 1847 De
401 1808 503 1845 modo
539 1812 703 1854 loquendi
739 1813 969 1846 recentiorum
1000 1814 1090 1846 circa
1123 1819 1336 1855 aosomtum,

92 1864 130 1895 Ο.
146 1864 177 1901 6,
198 1863 237 1893 V.

48 1919 269 1957 abstractio.
306 1920 345 1951 L.
389 1919 420 1957 9,
451 1918 507 1950 IV.
543 1934 582 1941 -·
610 1917 813 1950 Remedium
845 1923 896 1950 est
935 1923 1054 1951 contra
1098 1920 1338 1952 confusionem

88 1968 259 2001 idearum.
284 1967 320 1998 L.
341 1966 393 2004 13,
415 1964 461 1996 11.

49 2025 236 2066 Accidens.
257 2025 295 2056 L.
319 2025 349 2063 4,
374 2023 436 2055 111.
462 2040 501 2046 —
527 2023 575 2055 De
598 2025 730 2055 natura
762 2022 1008 2062 accidentium,
1034 2025 1072 2055 Ο.
1101 2025 1152 2056 30.
1179 2041 1219 2049 ·-
1247 2027 1338 2058 Acci-

88 2073 200 2106 dentis
221 2069 534 2112 praedicamentalis
556 2074 691 2110 natura,
714 2070 742 2102 Ι.
768 2086 807 2094 -
822 2070 952 2103 Divisio
975 2070 1162 2104 accidentis
1181 2071 1216 2102 in
1237 2071 1337 2104 abso-

87 2121 198 2152 lutum
227 2123 260 2150 et
277 2117 427 2157 modale,
449 2118 496 2149 ΙΙ.
526 2133 564 2140 -
588 2116 786 2149 Accidentia
806 2116 946 2157 physica
966 2117 1104 2150 realiter
1131 2117 1295 2150 distincta
1317 2127 1336 2150 a

87 2165 282 2199 substantia
295 2164 426 2197 nullam
439 2163 617 2196 involvunt
633 2162 913 2205 repugnantiam,
926 2163 982 2196 IV.
999 2182 1041 2188 —
1055 2165 1190 2197 Dantur
1200 2165 1335 2197 realiter

88 2212 278 2246 accidentia
306 2220 385 2253 quae
405 2220 424 2242 a
443 2210 639 2243 substantia
655 2209 690 2242 in
709 2219 776 2251 qua
800 2215 880 2242 sunt
902 2210 1042 2243 realiter
1060 2211 1335 2253 distinguuntur,

85 2261 128 2293 V.
149 2276 189 2284 —
204 2261 251 2292 De
269 2265 392 2292 natura
409 2258 637 2291 distinctionis
660 2257 760 2289 realis
784 2256 873 2290 inter
898 2257 1089 2291 accidentia
1115 2263 1148 2291 et
1175 2258 1336 2291 substan-

86 2307 183 2340 tiam.
211 2305 267 2337 Vl.
296 2321 335 2329 -
364 2305 409 2337 De
437 2304 588 2336 essentia
616 2302 820 2343 accidentis,
847 2307 885 2336 ut
908 2303 1068 2336 accidens
1097 2306 1163 2343 est,
1189 2312 1257 2336 non
1288 2308 1338 2337 est

85 2352 178 2394 quod
189 2356 266 2385 actu
284 2352 328 2384 sit
346 2350 380 2383 in
400 2349 615 2384 connaturali
637 2350 791 2391 subjecto
813 2353 851 2383 ut
867 2354 920 2384 est
941 2351 1150 2393 subjectum.
1168 2351 1210 2384 X.
1230 2366 1267 2375 -
1287 2351 1335 2383 De

89 2397 324 2433 accidentibus
346 2401 377 2431 et
393 2397 591 2441 speciebus.
610 2397 667 2430 XI.
