1584 2569
691 121 864 149 Arrnxx'mx
1361 112 1427 147 327

133 192 278 229 nitione
298 193 456 229 Concilii
478 193 713 230 Viennensis.
739 209 753 226 α
781 194 836 230 Ad
864 193 1023 230 Concilii
1045 194 1270 229 Viennensis
1300 198 1427 229 aucto-

134 246 287 281 ritatem
315 246 417 292 quod
444 251 602 293 spectat,
630 247 768 294 inquit,
801 252 1014 294 temperare
1041 246 1137 282 mihi
1167 257 1243 282 non
1271 257 1426 293 possum

132 299 225 344 quin
253 300 373 335 amice
403 310 617 346 conquerar
647 311 735 336 cum
765 300 810 337 cl.
834 304 988 337 auctore
1009 300 1055 336 de
1083 299 1200 335 modo
1222 310 1297 346 quo
1328 299 1428 335 hanc

133 352 308 388 tractavit
328 353 544 388 materiam.
567 353 734 394 Quaestio
756 364 846 389 sane
867 364 943 389 non
965 358 1022 389 est
1046 364 1095 389 an
1117 352 1292 389 doctrina
1320 352 1427 388 scho-

132 405 265 441 lastica
285 404 509 441 definitione
532 406 730 442 viennensi
751 407 1005 450 contineatur,
1024 406 1090 442 sed
1117 406 1280 452 quaestio
1302 409 1358 441 est
1379 416 1427 441 an

132 468 176 493 ea
195 458 438 494 contineatur
463 458 639 495 doctrina
664 459 804 495 scholae
830 459 1074 495 Thomisticae
1103 459 1150 506 (et
1170 458 1211 495 S.
1248 458 1425 504 Thomoe)‚

134 521 218 558 quae
235 510 339 547 haud
359 516 460 547 recte
478 512 724 548 exhiberetur
740 518 782 548 ut
799 512 975 549 doctrina
991 512 1209 548 communis
1230 511 1385 548 scholae.
1407 526 1425 544 »

176 565 285 610 Resp.
307 564 442 600 Paucis
463 575 524 600 me
546 565 748 612 expediam
767 566 813 601 ab
835 565 906 601 hac
922 566 1060 601 ultima
1077 564 1317 609 difficultate,
1337 565 1428 611 quia

131 617 170 652 in
200 617 460 663 quaestionum
491 617 714 653 confusione
749 617 943 653 fundatur.
974 617 1121 665 Duplex
1154 622 1209 653 est
1239 618 1425 663 quaestio;

134 672 167 704 1·
191 674 320 706 utrum
347 670 481 705 anima
507 671 558 705 sit
583 670 712 716 forma
740 670 1010 707 substantialis
1039 671 1212 717 corporis
1241 670 1426 714 humani,-

131 724 166 756 Ξ·
186 727 316 759 utrum
323 723 457 759 anima
467 723 518 758 sit
526 725 644 760 unica
653 723 1059 769 formasubstantialz‘s
1068 724 1243 770 corporis
1251 723 1425 767 humani,

130 786 218 812 cum
244 775 461 812 exclusione
488 777 631 812 scilicet
657 776 790 812 formae
813 777 1093 824 corporeitatis.
1116 777 1320 812 Distinctas
1347 787 1428 812 esse

130 828 357 875 hujusmodi
388 830 618 875 quaestiones
648 829 896 865 manifestum
927 835 996 875 est,
1019 834 1055 865 et
1081 841 1151 877 ego
1183 830 1298 865 talem
1329 830 1428 864 inter

130 881 234 928 ipsas
254 881 542 917 distinctionem
565 892 680 929 pono,
700 887 743 918 ut
763 882 809 918 de
827 883 953 930 prima
972 893 1085 930 agam
1105 883 1185 918 Lib.
1210 882 1241 917 11
1262 882 1428 928 Psycha-

131 934 245 981 loqz'oe
265 934 354 980 Cap.
379 934 406 978 Ι,
428 934 544 970 Artic.
574 935 601 978 Ι,
625 934 671 970 de
697 935 815 970 altera
835 946 924 971 vero
947 940 1067 971 tracto
1094 936 1174 971 Lib.
1197 935 1244 979 ΙΙ,
1267 935 1356 982 Cap.
1380 935 1426 980 ΙΙ,

131 987 244 1022 ΑΓῖὶο,
273 986 319 1022 II.
350 985 397 1021 Ut
424 990 553 1022 autem
582 987 703 1022 lector
728 998 796 1034 per
821 988 989 1034 seipsum
1018 987 1146 1023 videre
1166 992 1306 1034 potest,
1328 988 1424 1023 circa

132 1040 298 1085 primam
329 1039 582 1085 quaestionem
604 1039 702 1085 dico,
725 1051 896 1076 ammam
925 1040 1132 1076 humanam
1152 1051 1227 1076 esse
1250 1052 1322 1086 per
1338 1051 1376 1076 se
1396 1045 1427 1076 et

132 1091 384 1128 essentialiter
391 1092 559 1137 formam
573 1094 747 1139 corporis
762 1093 935 1137 humani,
955 1097 1110 1141 accepta
1121 1093 1249 1139 forma
1262 1094 1300 1128 in
1316 1104 1427 1129 sensu

132 1145 375 1190 scholastico,
399 1144 615 1181 doctrinam
635 1156 717 1181 esse
737 1145 936 1181 definitam
957 1147 996 1182 in
1020 1146 1188 1182 Concilio
1209 1146 1425 1182 Viennensi-

132 1197 257 1234 Relate
290 1208 379 1234 vero
418 1197 465 1233 ad
505 1197 713 1234 secundam
752 1199 1006 1244 quaestionem
1049 1199 1170 1246 probo
1213 1200 1427 1235 rationibus

132 1251 169 1286 S.
191 1249 348 1286 Thomae
367 1251 538 1286 animam
560 1251 772 1286 humanam
793 1262 872 1287 esse
889 1251 1045 1288 unicam
1066 1251 1233 1287 formam
1252 1252 1428 1287 substan-

132 1303 262 1339 tialem
282 1303 453 1350 corporis
474 1302 649 1348 humani,
672 1303 737 1339 sed
758 1303 804 1339 de
826 1303 1002 1340 doctrina
1022 1304 1181 1340 Concilii
1204 1304 1427 1339 Viennensis

131 1367 178 1392 ne
200 1355 360 1392 verbum
385 1355 541 1402 quidem
569 1356 679 1401 facio,
702 1360 745 1391 ut
771 1357 933 1403 quisque
962 1356 1153 1404 intelligat
1178 1356 1278 1392 hanc
1297 1367 1427 1392 secun-

133 1408 222 1445 dam
252 1409 506 1455 quaestionem
537 1410 631 1444 citra
663 1408 780 1445 fidem
810 1410 960 1456 agitari.
994 1409 1040 1444 Et
1072 1409 1246 1456 quamvis
1277 1413 1427 1445 teneam

136 1462 317 1505 rationes,
342 1472 436 1508 quas
462 1472 508 1496 ex
533 1461 569 1497 S.
598 1462 745 1497 Thoma
766 1461 922 1507 adduxi,
950 1473 1029 1498 esse
1051 1462 1370 1499 demonstrativas
1392 1467 1428 1498 et

107 1516 109 1518 ’
140 1515 261 1561 magis
281 1518 554 1550 consentaneas
581 1514 796 1550 definitioni
819 1514 977 1550 Concilii
1002 1515 1238 1560 Viennensis,
1261 1526 1339 1551 non
1366 1526 1428 1551 eas

140 1571 266 1603 tamen
282 1566 436 1603 vendito
454 1571 495 1602 ut
513 1567 697 1614 dogmata
713 1567 815 1603 fidei.
834 1588 879 1592 ——
896 1568 971 1603 Cur
987 1578 1078 1615 ergo
1095 1578 1247 1604 mecum
1265 1578 1428 1614 conque-

137 1621 235 1655 ritur
261 1620 430 1656 Auctor?
457 1620 666 1656 Confundit
686 1621 765 1667 ipse
786 1622 1019 1667 quaestiones
1040 1631 1134 1668 quas
1155 1632 1224 1668 ego
1252 1621 1427 1668 explicite

137 1673 346 1720 distinguo,
368 1677 405 1709 et
435 1677 564 1708 tamen
594 1672 640 1708 de
670 1672 740 1709 hac
766 1673 989 1710 confusione
1010 1684 1161 1710 mecum
1194 1675 1315 1710 amice
1341 1685 1428 1709 con-

137 1725 322 1771 queritur.

184 1777 272 1813 Haec
309 1777 661 1824 impraesentiarum
703 1777 868 1813 breviter
904 1778 1271 1815 anidmadvertenda
1308 1789 1329 1814 a
1367 1789 1427 1814 me

138 1833 259 1874 erant,
282 1834 365 1865 tum
382 1833 424 1865 ut
441 1829 648 1865 lectoribus
666 1830 760 1865 meis
781 1830 945 1867 facerem
962 1832 1065 1876 satis,
1086 1835 1168 1867 tum
1187 1836 1228 1866 ut
1250 1831 1426 1867 Scholam

141 1882 414 1927 thomisticam‚
454 1893 521 1918 seu
568 1882 783 1918 doctrinam
819 1884 856 1920 S.
898 1883 1056 1920 Thomae
1095 1883 1337 1921 defenderem
1380 1883 1426 1921 ab

140 1935 290 1982 injustis
310 1935 632 1971 accusationibus.
