1584 2569
224 170 285 204 368
685 173 784 198 mnu
805 173 1048 198 ALPnAnssncvs

265 247 400 279 natura
417 243 611 276 intellectus
630 242 790 281 humani,
803 243 839 273 P.
855 242 907 274 27.
918 260 959 265 —-
970 242 1170 276 Intellectus
1189 243 1366 280 humanus
1383 252 1435 280 est
1451 258 1512 289 po-

267 292 374 325 tentia
386 289 618 324 essentialiter
632 289 784 330 passiva,
800 289 840 321 V.
852 307 890 312 —
905 289 955 322 De
964 289 1148 323 intellectu
1154 291 1319 332 possibili
1335 296 1369 326 et
1378 299 1512 337 ayente,

268 342 303 372 P.
324 339 377 371 28.
396 355 436 361 -
458 337 508 370 De
530 336 643 369 variis
663 335 1011 369 denominationibus
1030 337 1238 377 intellectus,
1251 339 1285 371 P.
1298 340 1514 375 29.—Intel-

265 387 375 419 'ectus
397 383 631 425 speculativus
650 388 685 415 et
705 382 888 423 practicus,
916 383 1057 416 V111.—
1075 383 1124 417 De
1142 384 1297 426 subjecto
1315 389 1462 429 proprio
1483 393 1514 422 et

267 431 467 467 immediato
487 430 684 463 intellectus
704 429 867 470 humani,
889 431 927 462 P.
951 430 1006 464 37.
1032 448 1071 454 —
1090 430 1272 472 Objectum
1293 435 1470 475 proprium
1481 441 1515 469 et

269 480 433 515 directum
461 476 658 510 intellectus
682 476 791 509 nostri
821 476 856 509 in
884 476 1049 517 praesenti
1073 486 1187 510 rerum
1216 479 1415 514 conditione
1433 489 1516 515 sunt

268 525 427 563 ossentiae
446 533 558 556 rerum
580 523 815 563 sensibilium,
828 524 870 556 11.
890 541 932 547 —
947 524 997 557 De
1010 523 1134 558 ordine
1147 525 1338 560 voluntatis
1347 527 1394 560 ad
1411 528 1514 562 intel·

200 614 202 616 v
267 575 404 611 lectum,
425 571 459 603 P.
483 571 534 603 51.
555 571 651 611 (Vide
680 570 876 612 Voluntas.)
892 571 1007 603 -Per
1025 574 1141 604 actum
1161 572 1356 606 intellectus
1367 573 1514 610 videntis

195 623 200 634 ‘
265 622 376 653 Deum
396 618 585 651 formaliter
604 617 826 651 constituitur
847 617 1040 658 beatitudo,
1063 619 1108 651 M.
1130 619 1160 651 8.
1182 619 1241 652 VI.

245 675 494 719 nteuiqentia.
525 677 714 710 phantasia
751 675 912 709 exercitio
945 676 1184 718 intelligentiae
1216 680 1446 721 consociatur,
1476 683 1513 715 Ρ.

265 726 319 766 51,
339 727 381 758 ΙΙ.
403 743 442 748 -
468 724 624 756 Pericula
643 723 883 764 intelligentiae
907 732 947 756 ex
968 723 1166 765 phantasia,
1193 724 1253 757 111.
1276 743 1318 749 —
1336 726 1513 769 Remedia,

267 774 320 805 IV.
340 773 444 806 —De
455 770 691 813 intelligentia
711 773 744 803 et
766 770 916 803 ratione.
943 771 978 802 L.
999 770 1104 802 53.--
1123 770 1356 813 Intelligentia
1365 782 1434 808 non
1453 783 1514 816 po-

266 823 421 852 testesse
432 819 537 853 errori
548 817 697 852 obnoxia
716 817 749 850 in
763 816 905 858 judiciis
922 816 987 849 sibi
1008 817 1169 858 propriis,
1187 817 1231 849 11.
1243 818 1339 859 (Vide
1356 820 1513 863 Ration.)

265 884 306 890 --
326 868 370 899 De
390 865 619 908 intelligentia
638 865 711 904 Dei,
733 865 769 896 T.
791 864 831 895 22
851 867 884 896 et
903 871 1002 905 seqq.
1024 863 1120 905 (Vide
1139 863 1324 907 scientia.)

227 918 407 958 Intentio,
431 919 556 960 prima,
579 917 744 957 secunda,
775 917 810 948 L.
841 916 872 955 2,
893 915 950 949 ΙΧ.
974 933 1016 940 -
1034 916 1195 958 Intentio,
1217 922 1314 951 actus
1336 919 1472 953 elicitus
1494 929 1515 954 a

266 966 456 1004 voluntate,
477 966 519 998 M.
543 965 594 1005 16,
616 964 675 996 111.

226 1017 472 1059 Interpolatio
493 1017 673 1054 librorum,
694 1017 730 1048 L.
755 1016 808 1055 61,
833 1015 898 1047 111.

227 1071 479 1103 Interventus.
505 1069 714 1110 Principium
741 1068 833 1109 quod
857 1070 981 1100 vocant
1008 1068 1050 1100 de
1078 1068 1372 1102 non—interventu
1402 1079 1516 1112 neque

268 1118 482 1158 proclamare
504 1125 618 1158 neque
639 1115 822 1148 observare
841 1115 934 1155 licet,
958 1115 1003 1147 M.
1024 1115 1077 1153 59,
1098 1115 1168 1146 VII.

227 1169 516 1209 Intuitio.L.9,
541 1170 584 1201 11.

227 1221 299 1255 Ira.
321 1222 381 1254 Est
401 1223 515 1263 passio
531 1221 706 1273 appetitus
725 1219 921 1259 iiascibilis,
943 1221 978 1252 L.
1000 1220 1052 1258 44,
1073 1220 1126 1252 VI.
1147 1237 1188 1243 -
1207 1221 1281 1258 Qua
1309 1221 1441 1254 ratione
1463 1222 1513 1254 ira

267 1278 336 1302 non
356 1270 460 1301 habet
480 1267 679 1309 passionem
702 1267 897 1308 oppositam
911 1267 1001 1299 sicut
1021 1270 1142 1298 ceterae
1154 1266 1294 1308 habent,
1309 1268 1379 1300 VII.
1399 1286 1439 1293 -
1452 1270 1512 1301 lrae

269 1316 414 1355 species,
435 1324 563 1356 causae,
587 1315 742 1353 effectus,
763 1313 799 1345 P.
823 1313 860 1353 V,
875 1314 926 1345 46.
939 1314 975 1345 V.

226 1369 244 1400 J
250 1368 430 1402 ud101ar1a
451 1372 603 1409 potestas
624 1366 838 1399 auctoritatis
859 1366 1020 1407 politicae,
1033 1367 1078 1399 M.
1091 1367 1143 1398 54.
1159 1366 1255 1408 (Vide
1272 1367 1439 1399 Potestas.

232 1421 431 1454 Judicium.
451 1422 500 1454 De
517 1423 649 1453 natura
664 1419 816 1460 judicii,
843 1420 883 1451 L.
915 1419 964 1451 18.
996 1437 1037 1443 -
1057 1420 1105 1453 De
1125 1419 1383 1452 conditionibus
1402 1422 1515 1462 requi-

269 1469 346 1501 sitis
370 1468 413 1501 ad
434 1467 606 1509 ,iudicium
628 1466 895 1504 mormandum,
919 1466 963 1498 11.
989 1483 1031 1490 —
1051 1466 1176 1499 Jndicii
1203 1466 1386 1507 explicatio
1407 1468 1516 1508 philo·

272 1514 428 1555 sophica,
447 1514 499 1546 lv.
520 1531 560 1537 —
579 1513 628 1545 De
648 1513 760 1545 variis
775 1511 997 1552 judiciorum
1013 1512 1201 1554 speciebus,
1221 1514 1256 1553 L,
1271 1513 1323 1545 19.
1335 1530 1374 1536 -
1388 1514 1517 1547 Veritas

268 1562 378 1602 logica
399 1561 499 1602 plene
519 1564 553 1592 et
576 1559 725 1600 perfecte
746 1558 894 1591 habetur
914 1567 976 1599 per
990 1558 1176 1599 judicium,
1196 1560 1234 1592 L.
1255 1559 1308 1598 47,
1328 1559 1380 1591 lv.

227 1613 246 1646 J
252 1622 306 1647 us.
332 1613 381 1646 De
394 1613 485 1654 jure
501 1615 533 1644 et
551 1611 671 1653 officio
687 1612 782 1644 inter
794 1619 831 1643 se
843 1611 1071 1652 comparatis,
1083 1612 1127 1643 M.
1141 1610 1192 1644 30.
1207 1611 1305 1651 (Vide
1320 1611 1519 1654 Officium.)

268 1679 309 1684 —
327 1660 378 1693 De
392 1660 481 1700 jure
499 1658 670 1700 qentium.
694 1675 735 1681 —
755 1657 817 1690 Jus
843 1657 1001 1699 gentium
1027 1657 1218 1691 formaliter
1244 1663 1424 1700 sumptum
1448 1669 1515 1693 non

269 1712 322 1740 est
341 1715 454 1747 neque
474 1705 527 1739 lex
551 1710 697 1744 naturae,
712 1713 825 1745 neque
839 1704 893 1736 lex
912 1703 1074 1745 positiva,
1094 1704 1154 1736 sed
1172 1704 1319 1737 insertur
1338 1714 1380 1738 ex
1394 1705 1517 1748 {aliquo

270 1753 436 1795 principio
455 1752 616 1785 absoluto
636 1756 769 1784 naturae
790 1755 824 1784 et
843 1760 884 1784 ex
905 1751 1022 1792 aliquo
1042 1751 1133 1784 facto
1153 1751 1340 1784 universali
1361 1752 1516 1793 quidem,

270 1801 331 1833 sed
352 1801 387 1831 in
408 1809 444 1832 se
468 1798 699 1839 contingenti,
722 1798 782 1830 ΙΙΙ.
801 1816 842 1821 -
859 1798 922 1830 Jus
943 1798 1114 1837 naturale,
1134 1799 1179 1831 M.
1200 1798 1252 1837 26,
1270 1799 1323 1831 IV.
1338 1817 1379 1823 -
1397 1799 1447 1833 De
1461 1810 1518 1833 na-

270 1851 353 1880 tura
376 1849 408 1879 et
427 1845 663 1878 divisionibus
676 1845 789 1885 juris,
810 1845 857 1877 M.
877 1844 929 1877 28.
949 1862 991 1868 -
1011 1844 1071 1877 Jus
1090 1845 1258 1886 objective
1273 1849 1466 1886 spectatum
1487 1851 1519 1879 et

269 1894 470 1935 subjective,
490 1893 549 1925 111.
567 1911 608 1916 —
626 1892 718 1925 Juris
739 1891 862 1924 divisio
889 1896 929 1923 ut
959 1896 1012 1924 est
1040 1892 1106 1931 lex,
1132 1892 1183 1924 lV.
1210 1910 1250 1916 —
1275 1892 1368 1925 suris
1395 1893 1519 1926 divisio

268 1941 435 1982 objective
455 1940 599 1981 accepti,
628 1939 665 1972 V.
697 1956 733 1962 -
820 1937 1010 1978 subjective
1039 1939 1184 1979 accepti,
1211 1940 1264 1972 Vt.
1294 1957 1336 1963 -
1358 1940 1406 1972 De
1431 1941 1519 1981 juris

268 1987 538 2031 proprietatibus
564 1995 626 2018 seu
652 1985 841 2024 attributis,
872 1985 941 2017 VII.
973 2002 1010 2009 —-
1039 1984 1213 2018 Limitatio
1233 1985 1322 2026 juris
1357 1986 1449 2018 VIII.
1479 2003 1518 2009 --

268 2035 402 2067 s‘urium
422 2033 566 2073 collisio,
583 2034 640 2065 IX.
667 2049 710 2058 —
725 2032 862 2065 Coactio
883 2041 923 2064 ex
936 2032 1014 2073 jure
1031 2033 1071 2065 X.
1092 2033 1191 2065 —De
1203 2031 1359 2074 subjecto
1372 2032 1475 2074 juris
1489 2036 1521 2066 et
1582 2065 1584 2072 .

268 2081 396 2123 officii.
421 2081 465 2113 M.
487 2080 536 2113 31.
558 2097 600 2104 —
616 2081 723 2112 Bruta
747 2079 895 2119 aliaeque
923 2083 1089 2112 creaturae
1114 2079 1330 2112 irrationales
1357 2088 1433 2112 esse
1456 2089 1520 2112 ne-

268 2131 401 2169 queunt
419 2126 576 2168 subjecta
597 2127 752 2167 jurium;
782 2129 1037 2166 consequenter
1062 2126 1158 2158 nullo
1182 2125 1297 2159 officio
1323 2126 1520 2167 astringun-

269 2179 325 2206 tur
344 2173 505 2206 homines
522 2182 603 2214 erga
623 2173 695 2212 illa,
713 2173 758 2205 11.
778 2172 881 2204 —De
898 2172 988 2212 jure
1014 2172 1247 2214 proprietatis
1268 2173 1313 2204 M.
1342 2172 1393 2205 38.
1423 2172 1520 2213 (Vide
1548 2202 1565 2219 ἢ.

271 2219 501 2261 Proprietas.)
517 2236 559 2242 -—
578 2220 626 2251 De
650 2218 774 2251 officiis
794 2223 828 2251 et
849 2219 987 2259 juribus
1006 2218 1225 2250 subditorum
1246 2227 1327 2259 erga
1345 2218 1519 2259 politicam
1548 2220 1555 2262 ξ

269 2270 490 2308 potestatem,
511 2267 555 2298 M.
577 2266 630 2298 55.
652 2266 746 2306 (Vide
760 2266 844 2304 Lex,
860 2265 1073 2306 Tyrannus.)
1092 2282 1133 2289 —-
1150 2265 1212 2297 Jus
1226 2265 1518 2298 internationale:
1548 2263 1552 2270 '

270 2314 320 2346 De
334 2312 465 2354 officiis
485 2316 517 2345 et
532 2311 681 2353 juribus
701 2312 862 2353 pacificis
887 2313 1002 2354 yentis
1021 2312 1069 2344 ad
1086 2315 1236 2353 qerztem,
1265 2312 1310 2344 M.
1340 2311 1392 2343 59.
1422 2311 1519 2353 (Vide

271 2358 472 2401 Officium.)
491 2376 525 2383 —-
547 2360 595 2391 De
618 2359 845 2392 relationibus
865 2367 934 2391 non
949 2358 1114 2399 pacificis.
1135 2358 1231 2399 (Vide
1253 2356 1422 2396 Beuum.)

227 2413 245 2446 J
253 2411 383 2445 ustitia
403 2412 447 2446 M.
467 2411 520 2450 20,
540 2411 627 2444 VIII.
649 2411 713 2453 (Cf.
735 2410 819 2444 ibid.
837 2411 922 2452 VII.)
