1554 2569
448 114 532 140 ur.
552 115 606 140 ιιι.
634 115 679 140 ns
696 115 785 140 1,an
816 115 999 141 turoam
1345 107 1409 141 107

122 186 169 223 ad
194 185 319 234 legem
338 185 553 222 naturalem
580 186 773 233 pertinent
800 197 856 231 ea,
891 196 978 233 quae
1005 185 1230 233 huiusmodi
1256 186 1410 222 inclina-

125 239 267 275 tionem
277 242 463 288 spectant,
481 242 628 285 utpote,
644 237 748 285 quod
765 238 883 274 homo
899 239 1157 286 ignorantiam
1178 239 1283 283 vitet,
1308 238 1411 285 quod

121 291 216 326 alios
243 300 321 326 non
347 289 517 326 offendat
546 300 634 326 cum
666 290 805 337 quibus
831 290 945 327 debet
963 291 1192 335 conversari,
1224 295 1262 326 et
1287 295 1411 326 cetera

122 342 345 391 hujusmodi
369 352 456 390 quae
483 342 531 378 ad
559 343 633 379 hoc
658 347 844 390 spectant.
871 357 888 377 n
922 363 966 369 —
991 343 1070 388 1-11,
1094 343 1163 384 Qu.
1197 343 1317 387 XCIV,
1347 344 1412 378 Ar·

123 396 184 431 tic.
207 395 253 432 11.

167 448 221 483 Ex
237 447 297 484 his
317 448 518 496 praeceptis
538 447 694 484 diversis
712 459 798 495 quae
816 449 854 484 in
876 449 960 496 lege
977 449 1143 484 naturali
1164 449 1411 484 continentur

124 501 288 548 sumpsit
306 501 473 537 Concina
493 502 733 537 occasionem
751 500 1014 548 distinguendi
1031 500 1155 548 legem
1170 500 1386 536 naturalem
1401 512 1412 534 .-

123 550 162 587 in
172 552 448 599 promiscuam,
464 563 510 588 ex
524 563 601 599 qua
614 557 807 601 praeoepta
820 553 1007 590 habemus
1024 553 1125 590 circa
1140 563 1200 589 res
1220 563 1306 599 quae
1324 557 1414 587 sunt

123 604 232 640 nobis
252 615 476 641 communes
495 616 583 641 cum
601 606 785 641 creaturis
805 605 1074 650 inferioribus3
1096 610 1133 641 et
1153 606 1192 641 in
1216 605 1326 652 Zeyem
1349 615 1413 639 mz-

124 658 284 694 turalem
301 658 470 694 rationis
487 668 573 705 quae
591 663 648 694 est
668 658 714 694 de
731 659 933 706 praeceptis
953 657 1341 706 correspondentibus
1360 658 1415 692 in·

123 709 330 746 clinationi
348 710 399 746 ad
433 709 567 746 bonum
591 711 796 747 secundum
829 715 1010 747 naturam
1035 711 1218 755 rationis,
1251 714 1294 745 ut
1328 720 1414 745 eum

124 763 159 797 S.
183 762 331 798 Thoma
348 762 529 799 diximus.

168 814 233 850 111.
255 814 477 851 Corollaria.
495 835 541 841 —
566 815 823 852 Corollarium
841 816 1026 862 primum.
1047 816 1169 863 Igitur
1188 815 1250 851 lex
1267 819 1415 850 naturae

123 871 180 902 est
204 877 282 903 una
300 867 552 904 essentialiter
577 867 679 915 apud
707 879 852 913 omneS‚
878 874 1068 915 quantum
1095 867 1143 904 ad
1170 868 1297 916 prima
1322 877 1415 915 prae-

123 923 245 968 cepta,
265 919 408 956 scilicet
424 924 613 966 quantum
631 920 678 956 ad
693 931 738 956 ea
753 935 768 953 ‹
789 931 876 967 quae
894 922 1025 957 statim
1047 932 1115 969 per
1131 932 1170 956 se
1191 921 1288 956 ratio
1307 924 1416 955 natu-

123 972 212 1008 ralis
225 972 430 1019 cujuslibet
449 972 618 1008 hominis
634 973 822 1020 dijudicat
832 984 912 1009 esse
930 973 1104 1009 facienda
1114 973 1173 1009 vel
1187 984 1265 1009 non
1282 972 1416 1008 facien-

124 1025 194 1070 da3
209 1025 308 1061 sicut
326 1035 334 1060 :
351 1024 510 1061 Honora
518 1029 671 1071 patrem
689 1030 793 1061 tuum
809 1030 843 1062 et
859 1030 1017 1062 matrem
1032 1037 1041 1070 3
1064 1030 1101 1061 et
1120 1037 1128 1061 t
1150 1026 1239 1062 Non
1255 1025 1415 1068 occides,

124 1077 211 1114 Non
232 1077 381 1123 furtum
395 1077 532 1124 factes,
554 1082 591 1113 et
611 1077 836 1124 hujusmodi
860 1093 874 1111 ι
895 1078 993 1124 (Ι-ΙΙ,
1016 1079 1086 1120 Qu.
1109 1078 1148 1123 C,
1167 1079 1282 1114 Artic.
1305 1077 1349 1122 Ι).
1372 1096 1417 1103 —-

125 1131 273 1166 Etenim
293 1131 342 1166 ad
357 1131 482 1179 legem
502 1135 651 1167 naturae
668 1132 862 1178 pertinent
873 1142 930 1177 ea,
953 1131 1001 1167 ad
1022 1142 1108 1178 quae
1126 1131 1244 1167 homo
1263 1135 1417 1166 natura-

126 1184 211 1219 liter
229 1183 448 1228 inclinatur,
464 1183 564 1219 inter
577 1193 663 1229 quae
678 1184 827 1219 homini
842 1185 1044 1231 proprium
1059 1189 1128 1229 est,
1150 1188 1194 1220 ut
1207 1183 1414 1220 inclinetui>

126 1235 173 1271 ad
193 1235 387 1282 agendum
409 1234 619 1271 secundum
641 1237 844 1272 rationem.
866 1237 980 1282 Atqui
1001 1236 1104 1284 apud
1129 1247 1261 1272 omnes
1285 1240 1340 1271 est
1360 1246 1417 1270 ea-

126 1288 214 1323 dem
231 1292 370 1324 natura
390 1288 573 1324 humana.
595 1287 705 1335 Apud
723 1299 857 1324 omnes
874 1289 994 1336 igitur
1013 1294 1070 1324 est
1089 1288 1343 1324 essentialiter
1360 1298 1417 1322 ea-

131 1339 218 1376 dem
235 1340 432 1376 inclinatio
450 1339 498 1376 ad
519 1350 660 1387 eaquae
680 1341 782 1377 bona
798 1346 887 1376 sunt
907 1341 1118 1377 secundum
1137 1341 1326 1377 rationem
1350 1351 1357 1375 :
1381 1341 1419 1375 in

131 1403 207 1439 quo
228 1398 285 1429 est
312 1394 483 1441 primum
511 1392 605 1440 legis
628 1397 776 1429 naturae
799 1398 1049 1440 praeceptum‚
1077 1404 1193 1441 supra
1217 1392 1319 1440 quod
1346 1393 1421 1428 alia

130 1444 225 1492 legis
241 1450 390 1482 natura>
406 1449 598 1493 praecepta
609 1445 831 1482 fundantur.
847 1447 948 1482 —At
961 1447 1061 1482 circa
1074 1450 1421 1493 praeceptaremota

132 1508 155 1533 a
172 1498 385 1545 principiis,
404 1502 460 1534 est
481 1497 682 1534 diversitas
701 1498 740 1534 in
760 1498 996 1543 hominibus,
1016 1499 1114 1534 sicut
1134 1499 1234 1534 circa
1252 1498 1421 1544 specula-

133 1551 226 1586 tivas
242 1551 518 1596 conclusiones,
549 1561 715 1597 quorum
738 1552 925 1587 connexio
946 1562 1033 1587 cum
1066 1551 1264 1598 principiis
1287 1551 1422 1598 primis

132 1614 208 1639 non
230 1603 409 1639 omnibus
428 1607 485 1638 est
504 1602 721 1639 manifesta.
745 1622 788 1630 -
810 1603 892 1648 1-11‚
915 1604 984 1644 Qu.
1004 1604 1125 1648 XCIV,
1143 1604 1257 1639 Artic.
1281 1603 1339 1638 IV.

181 1655 437 1692 corollarium
452 1655 627 1691 alterum.
651 1655 750 1703 Ergo
771 1656 1007 1703 impossibile
1023 1661 1081 1692 est
1101 1656 1204 1702 quod
1220 1656 1281 1691 lex
1306 1659 1420 1691 natu·

132 1708 222 1744 ralis
238 1707 366 1755 quoad
385 1708 512 1755 prima
527 1708 715 1755 principia
730 1709 851 1755 possit
870 1719 893 1744 a
912 1708 1091 1744 cordibus
1111 1709 1315 1744 hominum
1333 1709 1422 1744 abo·

133 1760 231 1795 leri:
266 1759 460 1796 dictantur
491 1760 594 1795 enim
626 1761 850 1807 hujusmodi
888 1761 1014 1808 prima
1051 1761 1240 1808 principia
1265 1761 1312 1796 ab
1340 1761 1423 1806 ipsa

134 1811 300 1848 naturali
319 1816 357 1847 et
385 1811 578 1847 essentiali
594 1813 754 1848 rationis
778 1813 1038 1858 inclinatione,
1063 1813 1161 1849 sicut
1180 1813 1307 1860 prima
1321 1813 1422 1859 prin·

134 1865 234 1912 cipia
273 1864 516 1911 speculativa.
557 1864 637 1900 Nisi
679 1865 797 1912 igitur
828 1865 1028 1901 aboleatur
1073 1866 1112 1900 in
1148 1865 1304 1900 homine
1342 1866 1424 1910 ipsa

135 1916 300 1952 essentia
327 1916 501 1962 rationis,
527 1927 605 1953 non
622 1921 784 1964 possunt
812 1917 859 1952 ab
889 1918 971 1964 ipso
998 1916 1143 1952 aboleri
1171 1917 1296 1963 prima
1321 1917 1423 1963 prin-

135 1969 236 2016 cipia
263 1968 439 2005 moralia.
469 1989 515 1995 —
540 1969 737 2012 Quantum
767 1979 855 2005 vero
888 1968 936 2005 ad
968 1969 1043 2004 alia
1074 1974 1266 2016 praecepta
1293 1979 1424 2004 sec-un-

137 2020 257 2066 daria,
282 2025 409 2069 potest
428 2021 489 2057 lex
509 2021 695 2058 naturalis
719 2020 835 2057 deleri
863 2019 908 2057 de
931 2020 1110 2057 cordibus
1130 2020 1347 2065 hominum,
1368 2021 1425 2056 vel

137 2078 295 2120 propter
313 2074 434 2110 malas
454 2075 734 2122 persuasiones,
756 2083 799 2109 eo
814 2073 945 2118 modo,
967 2083 1042 2119 quo
1063 2074 1181 2109 etiam
1200 2074 1240 2109 in
1257 2073 1425 2120 specula-

138 2127 226 2162 tivis
245 2136 393 2163 errores
419 2128 650 2175 contingunt
672 2127 772 2163 circa
797 2126 1061 2162 conclusiones
1083 2127 1316 2163 necessarias
1335 2138 1343 2171 ;
1367 2127 1427 2162 vel

137 2179 254 2215 etiarn
280 2183 438 2226 propter
465 2190 601 2227 pravas
629 2178 924 2216 consuetudines
950 2182 987 2214 et
1013 2178 1167 2215 habitus
1195 2183 1424 2225 corruptos:

138 2232 236 2267 sicut
263 2232 365 2279 apud
397 2232 585 2279 quosdam
616 2243 694 2268 non
722 2231 1001 2278 reputabantur
1027 2231 1229 2267 latrocinIa
1257 2235 1424 2278 peccata,

139 2283 197 2320 vel
227 2284 343 2320 etiam
360 2285 456 2321 vitia
484 2290 619 2321 contra
643 2289 836 2330 naturam,
872 2288 914 2320 ut
942 2284 1059 2321 etiam
1097 2284 1301 2331 Apostolus
1335 2282 1428 2320 dicit

143 2337 298 2374 Roman.
320 2337 349 2374 Ι.
369 2351 385 2370 ²
407 2357 452 2364 -
467 2337 567 2375 [bid.
585 2338 700 2373 Artic.
719 2336 779 2373 vl.
