1554 2569
480 123 562 148 Ant.
590 123 627 147 v.
648 122 692 148 nn
716 122 801 148 maz
829 122 986 149 cnm-nm
1335 117 1402 152 ¹17

124 191 271 232 variare
303 194 477 242 possunt,
505 194 600 240 quin
629 193 676 229 ad
705 194 867 230 invicem
897 199 1162 241 opponantur;
1190 196 1401 234 secundum

122 247 226 295 quod
246 251 313 284 aut
325 248 389 294 jus
410 247 583 294 gentium
603 247 848 294 restringitur
866 246 913 282 ad
926 248 990 294 J'us
1009 248 1319 295 internationale,
1337 255 1405 286 aut

53 325 69 336 .
122 299 327 336 extensiori
352 299 632 347 significatione
658 298 900 346 protenditur
924 299 972 335 ad
1000 300 1253 338 individuales
1281 302 1403 338 homi-

122 363 216 389 num
242 351 459 389 relationes.
485 351 626 387 Verum
652 356 770 388 restat
789 356 832 387 ut
856 351 1054 389 videamus
1072 358 1204 390 utrum
1225 354 1294 401 jus
1317 366 1402 402 qen·

122 405 230 449 tium,
257 414 500 451 quocumque
525 403 643 439 modo
662 408 851 449 sumatur,
874 403 921 440 ad
937 405 1001 451 jus
1027 410 1176 442 naturae
1199 408 1403 453 pertineat,

124 456 180 493 vel
198 455 246 492 ad
261 457 325 503 jus
345 456 564 504 positivum.
585 455 675 492 Dico
692 456 811 503 igitur
832 467 839 491 ε

167 509 233 545 111.
249 509 318 545 Jus
345 509 518 555 gentium
543 508 760 545 formaliter
784 513 978 555 sumptum
1003 520 1080 547 non
1105 514 1165 547 est
1189 521 1315 557 neque
1342 513 1405 548 lex

122 565 273 598 naturae
300 571 425 607 neque
450 562 514 598 lex
538 562 719 607 positiva,
742 563 809 598 sed
830 563 999 599 infertur
1018 574 1065 600 ex
1084 565 1275 610 principio
1297 565 1406 601 ahso-

122 615 205 651 luto
220 617 374 652 naturae
392 617 434 650 et
452 624 500 650 ex
523 615 654 659 aliquo
670 614 788 659 facto,
808 616 1021 652 universali
1040 617 1194 661 quidem
1215 618 1282 653 sed
1299 618 1341 652 in
1361 627 1402 652 se

122 667 376 713 contingenti.
407 666 608 703 Conclusio
635 666 708 703 hoc
743 667 860 703 modo
890 669 1016 715 posita
1046 674 1171 716 potest
1202 670 1405 705 conciliare

122 720 239 756 etiam
255 719 437 756 Doctores
460 718 720 764 scholasticos,
739 729 906 766 quorum
926 719 1118 757 discordia
1137 726 1193 757 est
1212 723 1340 768 potius
1360 721 1405 757 de

122 782 214 809 voce
235 782 352 819 quam
379 770 426 808 de
452 782 505 807 re.
533 771 582 807 Ut
600 776 730 808 autem
750 772 909 819 probem
939 774 1254 821 propositionem,
1282 785 1406 810 suma-

122 835 210 861 mus
240 824 368 870 aliqua
396 834 483 871 quae
509 824 663 870 proprie
689 823 737 859 ad
759 825 824 871 jus
856 825 1028 872 gentium
1064 826 1254 873 pertinere
1273 837 1406 862 omnes

122 881 294 924 ponunt;
328 876 547 922 cujusmodi
577 880 668 911 sunt
708 877 987 924 proprietatum
1028 878 1225 914 stabilium
1257 879 1405 923 divisio,

123 929 296 977 gentium
316 927 452 964 divisio
472 928 510 963 in
528 928 703 964 nationes
731 933 768 964 et
788 940 919 977 regna,
940 930 1155 977 legatorum
1177 932 1342 979 receptio
1369 936 1408 967 et

123 982 320 1026 securitas,
341 980 491 1028 aliaque
508 980 746 1027 hujusmodi,
768 991 854 1027 quae
880 981 1123 1018 Swiecickius
1144 988 1326 1029 recenset,
1352 984 1408 1020 De

122 1034 210 1082 jure
235 1038 386 1070 naturae
406 1037 440 1069 et
457 1037 556 1079 qenc.
578 1033 680 1069 Part.
703 1034 731 1077 1,
753 1032 850 1081 disp.
873 1034 933 1069 VI.
960 1035 1035 1070 Lex
1055 1040 1218 1080 naturae,
1245 1047 1331 1083 quae
1352 1042 1408 1072 est

123 1097 275 1133 semper
293 1085 339 1122 de
359 1085 532 1122 absolute
549 1085 660 1122 bonis
679 1090 717 1122 et
736 1085 782 1122 de
799 1086 972 1123 absolute
992 1088 1116 1132 malis,
1139 1099 1262 1135 neque
1278 1090 1409 1136 praeci-

124 1139 182 1186 pit
214 1149 338 1185 neque
369 1137 548 1186 prohibet
579 1138 827 1184 partitionem
859 1139 1056 1175 stabilium
1091 1142 1405 1187 proprietatum:

124 1202 202 1226 non
230 1191 333 1227 enim
359 1190 532 1226 absolute
564 1194 601 1225 et
632 1201 700 1237 per
728 1202 766 1226 se
792 1192 1005 1238 praescribit
1025 1192 1127 1239 quod
1149 1193 1219 1229 iste
1242 1205 1334 1241 ager
1360 1195 1409 1230 sit

124 1243 225 1278 Petri
253 1242 383 1288 potius
414 1252 532 1288 quam
564 1241 671 1277 Pauli
702 1243 760 1278 vel
794 1244 1012 1279 communis
1043 1245 1235 1280 omnibus.
1269 1267 1313 1271 —
1344 1247 1410 1282 Est

124 1299 253 1331 autem
276 1293 323 1330 de
338 1294 422 1341 lege
447 1298 596 1330 naturae
618 1294 721 1342 quod
748 1293 923 1331 homines
948 1296 1104 1342 pacifice
1129 1298 1332 1334 convivant
1360 1298 1408 1335 ad

123 1348 300 1384 invicem.
317 1347 430 1393 Atqui
449 1346 626 1383 homines
643 1347 797 1394 pacifice
818 1347 918 1383 inter
936 1358 975 1383 se
995 1349 1194 1385 convivere
1214 1356 1410 1397 nequeunt

124 1400 198 1435 nisi
223 1398 379 1435 stabiles
407 1400 661 1446 proprietates
681 1400 758 1434 sint
777 1398 921 1435 divisae.
943 1400 1042 1448 Ergo
1063 1401 1217 1438 stabiles
1237 1404 1408 1450 proprie-

124 1456 222 1488 tates
240 1455 329 1488 sunt
359 1451 592 1488 dividendae.
622 1472 667 1478 —
687 1452 821 1498 Major
838 1452 953 1499 hujus
970 1453 1181 1501 syllogismi
1201 1460 1258 1490 est
1274 1456 1411 1503 princi-

123 1505 232 1552 pium
251 1508 414 1549 naturae,
445 1508 488 1540 ut
507 1503 653 1540 dictum
673 1509 742 1541 est.
769 1505 816 1540 At
835 1506 962 1541 minor
981 1516 1059 1541 non
1085 1506 1240 1544 aliunde
1259 1512 1409 1545 constat

125 1567 241 1603 quam
261 1567 308 1593 ex
332 1556 447 1601 facto,
474 1560 623 1593 attenta
659 1567 797 1605 nempe
822 1557 994 1594 humana
1019 1563 1158 1595 natura
1182 1571 1260 1596 non
1286 1561 1410 1608 qualis

125 1620 205 1646 esse
224 1613 350 1656 potest
361 1608 421 1645 vel
437 1610 554 1645 etiam
575 1609 743 1652 deberet,
761 1609 827 1646 sed
847 1610 971 1657 qualis
990 1615 1048 1647 est
1069 1622 1115 1647 ex
1135 1611 1235 1649 sacto
1256 1614 1353 1660 ipso,
1374 1620 1411 1650 et

124 1662 306 1709 exprimit
317 1662 518 1697 veritatem
532 1663 834 1710 contingentem,
851 1663 942 1709 quia
952 1664 1035 1710 ejus
1050 1665 1272 1711 oppositum
1285 1671 1412 1713 potest

123 1714 296 1751 absolute
308 1713 506 1774 ⁸'loquendo
522 1715 723 1751 verificari.
744 1715 843 1762 Ergo
861 1716 1053 1752 conclusio
1074 1717 1236 1753 infertur
1254 1719 1410 1765 quidem

124 1777 168 1801 ex
195 1766 384 1825 principio
403 1766 498 1813 legis
524 1771 697 1811 naturae3
721 1767 787 1803 sed
816 1778 893 1803 non
916 1772 973 1803 est
999 1770 1212 1805 necessario
1240 1781 1412 1806 connexa

124 1829 212 1854 cum
224 1817 288 1853 illo
308 1818 495 1865 principio
510 1819 583 1854 nisi
596 1820 797 1864 supposita
810 1821 969 1855 veritate
984 1822 1221 1868 contingenti
1232 1823 1413 1874 minoris

124 1880 202 1906 non
225 1874 282 1906 est
307 1880 398 1917 ergo
426 1869 640 1906 formaliter
665 1871 726 1906 lex
746 1875 906 1906 naturae.
934 1872 1006 1907 Sed
1033 1883 1155 1919 neque
1180 1874 1322 1920 pariter
1346 1876 1412 1911 illa

124 1921 316 1958 conclusio
351 1926 409 1958 est
441 1921 686 1958 solummodo
718 1923 778 1958 lex
806 1923 984 1970 positiva,
1017 1925 1108 1970 quia
1133 1936 1202 1984 per
1229 1926 1329 1963 hanc
1358 1928 1412 1963 ita

121 1973 408 2010 determinatur
433 1973 495 2010 lex
517 1979 665 2010 naturae
690 1974 818 2021 quoad
839 1976 1056 2021 materiam,
1079 1981 1120 2012 ut
1143 1978 1224 2013 sine
1244 1978 1411 2016 destruc-

121 2018 228 2061 tione
240 2026 360 2073 ipsius
370 2026 465 2073 legis
476 2026 663 2062 naturalis
675 2027 794 2073 possit
804 2027 908 2062 aliud
920 2027 1181 2074 determinari,
1194 2031 1291 2066 sicut
1306 2036 1412 2079 patet

124 2079 162 2113 in
184 2077 448 2126 designatione
469 2089 673 2127 poenarum
695 2089 782 2126 quae
798 2089 862 2115 reo
887 2079 1010 2127 infligi
1027 2081 1184 2126 debent;
1203 2088 1338 2120 contra
1350 2085 1411 2120 lex

120 2127 298 2174 positiva,
313 2127 500 2164 existente
519 2129 680 2164 veritate
696 2128 874 2174 minoris,
894 2140 972 2166 non
992 2135 1117 2178 potest
1137 2133 1330 2169 contraire
1345 2133 1405 2170 illi

119 2179 360 2216 conclusioni
379 2180 475 2227 quin
492 2179 597 2216 illico
610 2179 778 2217 offendat
795 2181 923 2227 legem
944 2183 1177 2230 naturalem,
1191 2185 1298 2221 etsie
1317 2196 1406 2221 eva-

120 2232 184 2268 dat
202 2232 401 2280 iniquitas.
424 2232 523 2278 Ergo
544 2233 610 2279 jus
635 2233 812 2278 gentium
838 2245 916 2270 non
941 2239 999 2271 est
1021 2247 1150 2284 neque
1170 2237 1233 2273 lex
1250 2242 1405 2274 naturae

120 2295 248 2331 neque
285 2285 347 2321 lex
383 2285 546 2332 positiva
587 2285 796 2322 formaliter
833 2292 1011 2335 sumptae,
1054 2289 1121 2325 sed
1159 2289 1326 2326 infertur
1364 2295 1402 2326 et

119 2337 383 2384 praescribitur
396 2349 416 2374 a
431 2338 581 2374 ratione
601 2337 771 2376 humana
791 2343 828 2376 et
847 2339 935 2386 lege
955 2341 1133 2388 positiva,
1149 2352 1196 2378 ex
1209 2342 1403 2390 principio
