1554 2569
97 101 164 135 {22
177 107 318 134 ETch.
333 110 405 134 Lm.
421 110 460 135 11.
474 110 551 135 cst.
568 110 623 136 111.
635 107 680 135 DE
697 110 845 135 ACTIBUS
859 110 945 135 num.
960 109 997 135 IN
1011 109 1095 136 onn.
1110 110 1156 136 An
1165 110 1380 146 nonomine.

94 180 169 226 fine
194 180 379 216 avertitur
397 191 515 227 poena
543 185 705 217 (eterna.
737 195 751 212 ι
783 200 827 207 -
855 180 938 216 Alia
969 186 1197 228 argumenta
1226 180 1382 218 adducit

97 232 134 269 S.
154 232 333 278 Thomas,
357 243 443 280 quae
462 233 534 269 loo.
557 233 621 269 cit.
648 232 770 268 videri
794 237 968 280 possunt.
989 233 1031 269 In
1053 234 1228 281 sequenti
1252 238 1387 271 autem·

95 285 227 332 Capite
247 285 365 321 CXLV
389 285 630 322 demonstrat
651 285 688 322 S.
713 285 856 322 Doctor
875 285 1001 332 quod:
1026 300 1042 319 ι
1057 286 1141 322 Non
1164 286 1290 322 solum
1316 288 1382 334 qui

95 342 229 374 contra
247 339 368 374 Deum
394 343 551 386 peccant
583 337 768 386 puniendi
792 341 882 374 sunt
907 349 975 386 per
998 338 1072 375 hoc
1094 338 1197 386 quod
1217 350 1239 376 a
1263 339 1383 376 beati-

97 390 228 426 tudine
254 395 440 438 perpetuo
462 391 730 435 excludantur,
756 390 822 426 sed
843 391 960 427 etiam
983 391 1052 439 per
1075 392 1381 439 experimentum

97 443 258 491 alicujus
294 444 430 480 nocivi.
472 444 590 480 Poena
618 444 721 480 enim
748 443 861 480 debet
891 444 1233 491 proportionaliter
1260 445 1382 492 culpae

94 495 339 544 respondere,
369 500 412 532 ut
443 507 559 544 supra
593 500 788 532 ostensum
821 500 908 532 est:
940 497 979 532 in
1005 497 1117 544 culpa
1143 502 1274 533 autern
1304 508 1382 534 non

95 548 221 585 solum
248 549 435 586 avertitur
461 559 570 584 mens
598 548 645 585 ab
669 548 806 584 ultimo
838 549 933 593 fine,
967 549 1034 585 sed
1065 550 1182 585 etiam
1212 549 1383 586 indebite

93 603 327 638 convertitur
344 602 382 637 in
402 601 476 638 alia
496 601 605 648 quasi
620 602 658 637 in
675 602 782 638 fines.
804 601 887 637 Non
907 601 1032 637 solum
1053 612 1143 650 ergo
1164 601 1382 650 puniendus

95 659 152 690 est
172 655 238 700 qui
254 658 396 702 peccat,
419 665 486 701 per
505 653 578 690 hoc
597 652 700 701 quod
720 653 1079 699 eaecludaturafine,
1095 653 1161 692 sed
1181 655 1298 699 etiam
1316 665 1384 703 per

95 706 169 744 hoc
188 707 291 755 quod
309 718 354 745 ex
374 707 458 744 aliis
478 707 592 745 rebus
612 706 752 743 sentiat
772 711 1062 745 nocumentum.
1087 721 1103 741 υ
1137 704 1140 706 ’

359 1032 613 1065 ΡΠΠιΟΞΟΡΗῘΕ
639 1032 797 1061 MORALYS
822 1032 951 1062 PARTIS
978 1031 1105 1062 PRIMA

559 1092 626 1120 SEU
649 1092 794 1123 ETRICAE
822 1092 915 1123 les
