1584 2569
657 120 831 148 nrmx'mx
1322 109 1388 144 323

146 192 204 227 lv.
226 191 370 228 Deinde
390 193 492 229 venit
508 193 649 228 Auctor
665 191 712 227 ad
733 192 1000 239 quaestionem,
1021 195 1149 228 utrum
1168 190 1299 226 anima
1324 200 1388 224 ra-

99 245 260 281 tionalis
277 245 334 281 det
355 246 511 292 corpori
527 247 651 292 ipsum
667 256 742 282 esse
752 245 955 297 pqlzysicum
972 245 1144 291 corporis
1163 243 1231 290 (Cf.
1249 242 1388 289 Psych-

98 299 200 333 Artic
223 300 294 343 16),
325 303 362 333 et
383 299 435 334 ait
458 298 561 345 quod
588 299 670 346 ejus
695 299 734 334 in
760 298 996 334 contrarium
1027 296 1264 345 argumentis
1284 297 1390 331 nisus

99 361 185 386 sum
213 350 334 387 facere
364 352 469 397 satis,
498 351 562 387 sed
593 357 720 388 censet
752 362 832 387 rem
865 350 961 386 mihi
995 361 1071 386 non
1100 351 1196 386 bene
1230 349 1385 385 cessisse

99 403 393 450 Lectorjudicet
413 415 459 440 ex
479 403 590 440 dictis
610 405 681 441 loc.
705 405 767 441 cit.
788 404 891 440 Nihil
908 403 1015 440 addit
1037 404 1177 440 Auctor
1201 407 1244 438 ut
1267 406 1390 438 osten·

101 455 166 492 dat
186 455 224 491 id
246 457 348 503 quod
379 458 566 503 enuntiat,
588 458 685 493 nihil
711 469 801 505 ergo
823 456 1044 493 addendum
1065 467 1087 492 a
1112 467 1173 493 me
1200 460 1268 492 est.
1301 456 1390 492 Gra-

101 509 204 544 tulor
228 513 357 547 autem
386 511 540 546 Auctori
570 510 672 557 quod
702 511 741 546 in
763 509 983 546 ventilanda
1011 510 1152 545 iterum
1175 509 1247 545 hac
1270 519 1391 555 quaes-

102 562 217 606 tione,
245 561 425 609 prudenti
455 563 613 599 consilio
641 563 868 599 abstinuerit
894 574 917 598 a
942 561 1149 609 repetendo
1177 562 1293 598 dubio
1321 572 1390 597 suo

100 615 200 650 circa
216 620 386 651 mentem
406 615 442 651 S.
465 615 637 652 Tliomae.

151 681 166 699 ‹
185 667 316 713 Video,
342 669 408 714 ait,
429 669 466 704 in
487 670 734 716 responsione
754 668 802 705 ad
829 669 998 716 primum
1020 672 1293 716 argumentum
1314 679 1391 703 non

100 719 274 756 habitam
303 731 382 757 esse
416 722 605 757 rationem
635 722 750 769 primi
782 722 1063 768 consequentis,
1094 722 1132 757 in
1159 732 1233 768 quo
1263 726 1390 757 tamen

100 778 288 820 punctum
324 778 380 809 est
410 773 660 810 difficultatis.
691 775 812 810 Audio
849 774 1025 821 quidem,
1059 774 1276 810 Thomistas
1314 785 1390 810 non

102 825 236 862 docere
272 827 442 863 animam
478 828 706 864 rationalem
744 828 909 864 formam
948 838 1027 863 esse
1063 838 1148 874 quae
1187 827 1391 863 intrinsece

101 879 266 915 essentia
297 890 366 916 sua
398 881 607 917 constituat
639 892 790 928 corpus,
827 885 893 917 aut
922 879 1025 927 quod
1056 881 1189 917 eadem
1225 881 1273 916 sit
1304 891 1392 928 pars

101 933 272 979 corporis
293 932 410 979 (quod
429 944 492 968 eos
519 933 655 970 docere
671 944 871 980 nunquam
897 934 1099 978 affirmavi,
1121 933 1186 969 sed
1208 934 1286 970 imo
1307 945 1392 981 sup-

100 985 226 1032 posito
254 985 357 1032 quod
377 985 415 1021 id
443 986 580 1031 nolint,
611 997 656 1022 ex
686 986 759 1022 hoc
784 987 879 1022 falso
901 991 1157 1033 consequente
1183 986 1392 1034 arguebam

100 1037 148 1073 ad
169 1038 406 1074 eversionem
427 1039 714 1084 antecedentis),
731 1050 865 1076 verum
888 1038 1042 1076 eosdem
1066 1039 1201 1076 docere
1222 1040 1392 1075 animam

101 1100 182 1126 esse
218 1090 382 1126 formam
418 1093 589 1139 corporis
623 1092 779 1129 dantem
815 1104 895 1129 esse
933 1092 1103 1140 corporis
1141 1092 1392 1128 eminentiore

100 1142 270 1188 quodam
289 1143 404 1179 modo
420 1149 608 1190 quatenus
625 1146 818 1181 activitate
838 1156 906 1181 sua
921 1150 1079 1192 praestat
1095 1145 1132 1180 id
1149 1145 1252 1192 quod
1270 1145 1394 1182 forma

102 1197 369 1243 corporeitatis
389 1202 603 1244 praestaret.
633 1198 670 1233 Si
697 1199 751 1234 ita
777 1202 846 1243 est,
868 1197 965 1234 nihil
993 1198 1115 1234 habeo
1147 1197 1262 1233 modo
1289 1197 1392 1244 quod

103 1248 382 1296 reprehendam
405 1261 412 1284 :
435 1250 592 1286 adverto
621 1256 770 1286 tantum
797 1250 900 1297 quod
929 1251 982 1286 sic
1005 1250 1240 1298 respondens
1259 1251 1392 1287 relabi-

104 1307 166 1337 tur
194 1303 233 1337 in
263 1304 495 1340 sententiam
521 1305 769 1340 scotisticam.
790 1305 886 1340 Nam
916 1304 1146 1351 assignanda
1176 1308 1232 1340 e’st
1261 1304 1392 1352 utIque

101 1354 227 1390 forma
246 1365 322 1401 qua
341 1356 455 1391 simul
477 1367 564 1392 cum
588 1358 749 1393 materia
767 1358 893 1403 prima
916 1357 1172 1392 constituatur
1190 1357 1392 1393 intrinsece

100 1418 239 1455 corpus
265 1407 504 1454 humanum;
523 1420 660 1457 corpus
681 1411 782 1446 enim
805 1421 849 1445 ex
874 1409 1022 1446 duobus
1047 1410 1246 1445 elementis
1271 1420 1391 1446 essen-

102 1460 244 1496 tialiter
274 1462 459 1509 exsurgit,
490 1463 651 1499 materia
686 1468 723 1498 et
757 1463 881 1498 forma
915 1473 1002 1509 quae
1039 1463 1389 1498 communicatione

100 1523 178 1548 suae
211 1515 384 1550 essentiae
419 1516 619 1551 constituit
647 1526 733 1552 cum
767 1516 929 1551 materia
957 1526 1108 1563 corpus.
1144 1515 1181 1551 Si
1213 1515 1389 1552 concedis

101 1565 200 1603 hauc
226 1566 392 1603 formam
411 1568 469 1604 vel
494 1569 660 1615 supponi
680 1569 719 1605 in
741 1569 904 1605 materia
923 1569 969 1604 ab
999 1569 1141 1613 anima,
1163 1568 1221 1604 vel
1241 1568 1287 1604 ab
1309 1568 1390 1615 ejus

101 1620 296 1656 activitate
312 1620 486 1667 produci,
507 1622 611 1658 aliud
631 1633 787 1669 prorsus
808 1622 901 1658 dicis
919 1632 1035 1669 quam
1056 1621 1158 1669 quod
1177 1632 1247 1669 ego
1268 1622 1391 1669 impu-

103 1683 219 1719 gnare
245 1683 420 1721 agressus
446 1685 546 1718 sum,
565 1675 642 1710 imo
666 1675 760 1710 illud
787 1676 897 1722 ponis
926 1674 1029 1720 quod
1055 1685 1125 1722 ego
1155 1675 1391 1722 argumentis

102 1726 271 1761 stabilire
291 1727 430 1762 curavi.
452 1741 468 1759 ι
491 1727 688 1772 Scholion,
709 1738 794 1774 pag.
815 1729 983 1763 319-320.

150 1779 258 1824 Resp.
292 1779 334 1815 ln
367 1780 614 1826 responsione
648 1780 738 1816 data
769 1784 997 1827 argumento
1032 1781 1206 1817 Auctoris
1240 1781 1389 1827 (Psych.

104 1833 161 1876 16,
183 1832 244 1876 XI,
267 1830 315 1868 ad
344 1833 376 1876 1)
397 1831 494 1868 nihil
513 1833 626 1868 omisi
647 1832 692 1868 de
713 1833 927 1869 substantia
953 1833 1072 1880 ipsius
1098 1834 1329 1879 argumenti,
1350 1838 1393 1868 ut

103 1884 222 1922 lector
240 1895 307 1932 per
325 1885 493 1932 seipsum
509 1884 638 1921 videre
655 1890 793 1932 potest.
810 1886 1002 1930 Attamen,
1024 1886 1114 1932 quia
1132 1888 1273 1922 Auctor
1289 1897 1312 1922 a
1330 1896 1392 1922 me

103 1938 274 1985 postulat
305 1942 349 1973 ut
380 1937 543 1974 habeam
575 1938 762 1974 rationem
796 1939 919 1984 primi
952 1939 1214 1985 consequentis
1245 1940 1287 1974 in
1320 1950 1392 1986 quo

105 1993 227 2037 (Juxta
246 1991 386 2038 ipsum)
403 1995 585 2037 punctum
602 1996 653 2027 est
670 1991 930 2038 difficultatis,
954 2001 1100 2028 ommes
1121 1993 1202 2038 eJ'us
1219 1992 1392 2039 proposi-

105 2045 241 2089 tiones,
263 2048 306 2079 ut
325 2055 473 2080 morem
495 2045 566 2091 ipsi
589 2052 731 2092 geram,
751 2045 890 2080 iterum
911 2055 1118 2081 assumam.

151 2096 289 2132 MAson.
318 2096 411 2133 Cum
439 2098 481 2133 in
505 2097 656 2133 homine
674 2098 725 2133 sit
751 2107 902 2143 corpus,
923 2102 955 2133 et
988 2108 1124 2143 corpus
1150 2107 1255 2133 omne
1273 2096 1392 2144 juxta

103 2150 346 2186 adversarios
371 2150 422 2186 sic
446 2150 649 2186 intrinsece
673 2161 809 2195 corpus
829 2161 900 2196 per
927 2150 1128 2186 materiam
1154 2155 1186 2186 et
1211 2151 1389 2196 sormam,

104 2206 297 2249 tamquam
310 2208 441 2249 parles
457 2203 540 2250 ejus
560 2203 774 2240 essentiales
788 2214 801 2239 .·
812 2203 940 2249 forma
957 2214 1032 2251 qua
1050 2203 1297 2240 constituitur
1313 2213 1392 2239 cor-

105 2266 175 2296 vus
185 2256 393 2292 humanum
407 2256 567 2293 dicenda
582 2262 736 2303 estpars
749 2256 962 2292 essentialis
973 2256 1146 2304 corporis
1161 2255 1335 2292 humani.
1348 2275 1391 2281 —-

106 2308 238 2350 Quoad
261 2309 361 2346 hanc
387 2311 689 2357 propositionem
717 2310 827 2357 plura
845 2314 935 2345 sunt
957 2309 1296 2346 animadvertenda
1317 2320 1326 2345 .·
1348 2331 1391 2336 —-

106 2364 143 2399 ¹⁰
160 2364 206 2401 In
228 2362 379 2399 homine
397 2369 450 2400 est
463 2373 616 2411 corpus.
631 2362 728 2405 Quid
743 2362 922 2409 intelligit
936 2363 1077 2400 Auctor
1093 2363 1248 2400 nomine
1261 2372 1390 2405 corpo-
