1554 2569
295 126 375 153 Αιιτ.
403 126 444 151 11.
471 125 516 150 nn
541 125 683 150 NATURA
709 123 751 149 131·
776 123 957 149 nivismnn
984 121 1199 148 orrxmonuu
1322 113 1387 146 ¹29

106 209 214 247 gram
231 208 340 234 suam
355 197 479 244 legem
497 195 765 240 observemu53
786 199 846 231 lex
864 198 994 231 autem
1010 194 1076 230 Dei
1097 193 1208 229 nobis
1225 192 1390 240 imponit

107 252 233 288 officia
250 251 366 287 etiam
386 249 563 297 positiva,
586 253 669 284 tum
687 252 861 296 respectu
879 247 951 292 sui,
971 251 1054 282 tum
1078 250 1250 293 respectu
1268 246 1388 281 nostri

107 310 188 340 tum
205 307 379 351 respectu
394 302 558 338 aliorum
576 301 792 337 hominum.
818 321 865 327 —
877 300 973 336 Vera
989 304 1047 336 est
1065 310 1110 336 ex
1128 299 1264 346 aliqua
1278 303 1390 344 parte,

105 358 196 405 quia
206 367 337 393 revera
353 355 495 392 dantur
507 354 634 391 officia
653 353 832 401 quaedam
850 353 1015 401 positiva
1031 362 1117 400 quae
1132 351 1289 388 alterius
1300 351 1391 398 juri

104 410 236 445 stricto
257 419 370 444 sensu
389 417 467 443 non
487 407 540 443 ita
560 405 804 453 respondent,
824 410 867 441 ut
886 416 932 442 ex
954 405 1087 442 stricta
1102 404 1255 452 justitia
1271 403 1389 450 repeti

105 462 267 510 possint,
284 465 321 496 et
334 460 420 496 ideo
436 460 509 496 dici
524 464 685 507 possunt
699 459 825 496 officia
839 458 1009 506 quidem,
1025 457 1090 494 sed
1105 457 1341 504 imperfecta,
1354 460 1391 492 et

105 515 190 551 ideo
200 511 976 560 nonstrictejuridica.Audiaturhacdere
986 510 1200 547 S.Thomas
1210 510 1388 554 11-11‚Qu.

108 567 242 612 LXXX,
260 567 374 602 Artic.
395 567 500 602 unic.
522 577 535 601 .·
558 579 574 598 ι
592 565 656 601 Est
674 564 814 612 duplex
832 564 1020 609 debitum,
1035 563 1178 600 scilicet
1197 562 1341 598 morale
1355 565 1391 597 et

106 621 236 668 leyale.
253 618 359 655 Unde
370 623 406 656 et
417 618 674 666 Philosophus
688 618 726 653 in
738 618 834 653 VIII.
851 617 1078 654 Ethicorum
1095 615 1305 653 secundum
1320 614 1393 650 hoc

108 673 249 720 duplex
263 673 414 719 justum
431 672 614 718 assignat.
629 671 809 706 Debitum
826 669 983 717 quidem
999 669 1118 716 leyale
1136 673 1207 713 est,
1226 667 1273 704 ad
1289 667 1392 714 quod

106 725 346 763 reddendum
364 724 502 772 aliquis
513 725 594 772 lege
611 723 883 771 adstringitur3
899 728 937 760 et
956 723 1030 759 tale
1045 723 1218 759 debitum
1240 721 1393 769 proprie

109 780 228 824 (nota)
241 777 405 815 attendit
415 778 581 824 justitia,
597 787 682 824 quae
693 781 748 813 est
761 776 982 824 principalis
992 777 1126 812 virtus.
1141 775 1318 811 Debitum
1333 784 1396 810 au-

110 837 187 867 tem
212 830 356 866 morale
381 834 437 866 est
457 829 560 876 quod
581 829 719 876 aliquis
740 829 853 866 debet
872 840 917 866 ex
937 829 1138 865 honestate
1163 828 1327 864 virtutis.
1349 827 1394 862 Et

109 883 201 931 quia
220 882 395 919 debitum
416 882 683 918 necessitatem
701 882 900 929 importat,
917 882 971 918 ita
991 881 1065 917 tale
1083 880 1257 917 debitum
1278 879 1395 916 habet

107 936 302 984 duplicem
315 934 492 983 gradum.
506 933 707 976 Quoddam
719 935 822 971 enim
835 939 891 970 est
905 935 959 970 sic
973 935 1242 977 necessarium,
1259 938 1301 968 ut
1313 933 1396 968 sine

109 1001 149 1026 eo
163 990 336 1025 honestas
348 998 494 1024 morum
510 988 731 1024 conservari
740 998 816 1023 non
824 989 950 1034 possit
961 999 973 1022 .·
985 992 1022 1022 et
1036 987 1109 1023 hoc
1120 987 1236 1022 habet
1253 986 1338 1033 plus
1350 985 1395 1021 de

112 1042 261 1077 ratione
281 1040 414 1076 debiti.
435 1039 480 1075 Et
496 1044 623 1087 potest
637 1039 711 1076 hoc
722 1039 895 1076 debitum
912 1038 1060 1075 attendi
1082 1049 1127 1075 ex
1148 1044 1255 1086 parte
1277 1039 1396 1086 ipsius

109 1093 298 1139 debentis3
317 1097 354 1129 et
373 1093 427 1128 sic
440 1091 489 1128 ad
500 1092 574 1131 hoc
593 1092 765 1129 debitum
787 1093 952 1140 pertinet
972 1091 1075 1139 quod
1099 1091 1215 1128 homo
1237 1102 1276 1127 se
1293 1091 1395 1127 exhi-

112 1147 200 1182 beat
219 1146 329 1182 alteri
355 1145 394 1181 in
416 1145 540 1181 verbis
565 1149 603 1182 et
621 1146 661 1181 in
688 1144 810 1191 factis,
828 1145 952 1193 qualis
976 1149 1033 1181 est
1038 1172 1108 1181 .....
1130 1145 1260 1181 Potest
1280 1145 1397 1180 etiam

111 1198 259 1236 attendi
285 1209 331 1234 ex
350 1201 458 1245 parte
485 1198 568 1244 ejus
593 1198 658 1234 cui
676 1198 840 1243 debetur,
864 1202 979 1245 prout
1007 1198 1150 1234 scilicet
1179 1197 1317 1244 aliquis
1343 1208 1397 1232 re-

111 1255 335 1299 compensat
351 1250 465 1287 alicui
479 1249 690 1287 secundum
708 1261 752 1286 ea
769 1261 854 1297 quae
869 1251 970 1286 fecit.
987 1250 1223 1298 Quandoque
1241 1249 1397 1297 quidem

111 1306 151 1341 in
172 1305 328 1341 bonis...
350 1302 581 1350 quandoque
598 1308 728 1340 autem
752 1305 790 1339 in
811 1304 967 1340 malis...
988 1303 1100 1339 Aliud
1116 1315 1204 1340 vero
1225 1303 1398 1339 debitum

112 1362 170 1394 est
188 1357 460 1401 necessarium,
487 1356 587 1392 sicut
611 1356 810 1393 conferens
843 1357 891 1392 ad
923 1357 1111 1404 maj0rem
1141 1356 1397 1400 honestatem,

111 1411 194 1446 sine
213 1420 286 1456 quo
301 1413 423 1445 tamen
438 1408 614 1445 honestas
624 1409 845 1446 conservari
848 1415 970 1456 potest
977 1422 991 1454 ;
1007 1410 1109 1457 quod
1128 1409 1283 1457 quidem
1297 1409 1398 1446 debi-

114 1468 196 1499 tum
211 1461 377 1498 attendit
391 1461 620 1507 liberalitas,
636 1462 868 1508 affabilitas,
885 1463 960 1498 sive
974 1463 1153 1499 amicitia
1169 1467 1234 1498 aut
1247 1462 1399 1498 aliahu-

110 1514 296 1562 Jusmodi,
313 1524 414 1561 quae.
437 1541 445 1550 .
464 1525 601 1562 parum
622 1515 766 1551 habent
786 1515 832 1552 de
852 1516 1000 1552 ratione
1021 1515 1153 1551 debiti.
1175 1531 1190 1548 »

159 1568 213 1603 Ex
230 1567 368 1614 quibus
387 1566 537 1603 videtur
555 1567 731 1604 concludi
749 1578 859 1615 posse
880 1579 888 1604 :
916 1571 953 1604 1⁰
977 1568 1111 1604 Officia
1131 1569 1263 1605 omnia
1286 1580 1400 1616 nega-

115 1621 193 1656 tiva
210 1630 388 1668 expressa
404 1619 476 1657 hac
495 1620 662 1657 formula
685 1621 852 1668 generali
867 1621 1025 1658 Nemini
1043 1632 1190 1665 noceas,
1210 1632 1290 1658 esse
1306 1622 1400 1669 juri-

112 1673 218 1718 dica3
239 1692 285 1699 —-
308 1674 347 1706 20
379 1683 425 1709 ex
451 1673 587 1710 officiis
612 1674 787 1720 positivis
814 1673 993 1720 quaedam
1021 1685 1102 1710 esse
1127 1673 1307 1721 juridica,
1337 1674 1402 1709 illa

114 1736 251 1773 nempe
268 1736 354 1772 quae
369 1726 582 1773 important
593 1725 766 1762 debitum
779 1726 921 1773 leqale5
939 1747 983 1753 —
1003 1728 1041 1762 30
1062 1726 1402 1773 etetiamJuridica

115 1778 172 1815 vel
191 1778 299 1825 quasi
312 1777 480 1824 juridica
498 1782 673 1825 respectu
688 1779 882 1814 societatis
899 1789 944 1814 ea
961 1789 1048 1825 quae
1062 1778 1235 1815 debitum
1256 1779 1402 1814 morale

115 1832 347 1878 important,
377 1835 420 1865 ut
454 1831 710 1866 necessarium
740 1831 789 1866 ad
822 1831 1124 1868 conservandam
1157 1832 1400 1867 honestatem

115 1893 288 1928 morum3
310 1887 483 1930 respectu
503 1887 632 1918 autem
653 1883 719 1918 Dei
739 1883 805 1930 qui
823 1888 879 1918 est
896 1883 1093 1931 legislator
1112 1883 1337 1928 honestatis,
1360 1888 1403 1919 ut

115 1936 245 1972 stricte
260 1934 428 1982 juridica
447 1939 537 1970 sunt
560 1934 758 1980 habenda3
786 1955 831 1961 -
859 1936 897 1970 40
917 1935 983 1971 sed
1000 1935 1179 1982 quaedam
1195 1936 1321 1972 officia
1337 1947 1402 1983 po—

116 1988 227 2024 sitiva
253 1998 331 2023 non
360 1997 440 2023 esse
460 1997 529 2035 per
552 1998 592 2023 se
610 1987 797 2034 juridica;
827 1987 892 2024 illa
920 1998 1057 2035 nempe
1086 1998 1173 2035 quae
1202 1988 1403 2025 conferunt

117 2040 274 2087 quidem
291 2040 339 2076 ad
360 2040 549 2087 majorem
570 2040 826 2085 honestatem,
852 2040 917 2076 sed
947 2041 1029 2076 sine
1055 2041 1195 2088 quibus
1222 2041 1402 2078 honestas

117 2093 332 2130 conservari
358 2097 498 2140 potest.
521 2093 609 2129 Haec
629 2103 675 2129 ex
700 2093 743 2128 D.
764 2093 913 2129 Thoma
936 2093 1140 2142 desumpta
1165 2095 1196 2130 si
1217 2095 1403 2142 pacatiori

116 2146 246 2182 animo
263 2145 541 2183 considerasset
560 2146 764 2193 perdoctus
793 2152 923 2182 noster
942 2146 1095 2192 Roselli,
1117 2158 1194 2183 non
1215 2147 1401 2192 absolute,

119 2199 158 2234 in
185 2209 255 2235 sua
272 2198 406 2235 Ethica
433 2199 504 2241 Qu.
531 2199 610 2243 VII,
636 2199 750 2235 Artic.
774 2199 819 2243 11,
851 2210 889 2234 n.
918 2201 986 2235 566
1016 2200 1055 2235 in
1087 2201 1201 2245 notis,
1230 2199 1295 2236 sed
1315 2211 1402 2236 cum

119 2250 364 2287 distinctione
380 2252 524 2299 justius
536 2251 746 2299 judicasset
763 2251 808 2287 de
824 2251 998 2288 doctrina
1013 2253 1214 2297 Heineceii,
1234 2252 1403 2288 Genuen-

117 2303 170 2339 sis
208 2302 449 2350 aliorumque
480 2305 736 2341 recentiorum
770 2305 862 2339 satis
895 2305 1050 2341 confuse
1079 2305 1321 2352 loquentium
1356 2305 1402 2341 de

119 2355 256 2392 officiis
271 2359 308 2393 et
319 2356 472 2402 J'uribus
490 2356 666 2405 perfectis
686 2361 724 2393 et
744 2356 990 2405 imperfectis.
