1584 2569
117 129 198 153 aar.
216 129 279 154 vn.
293 130 336 154 ns
356 131 430 155 OFF.
454 131 495 155 ΕΤ
511 131 586 156 mn.
609 130 832 156 sunmronun
850 130 939 155 ERGA
956 130 1072 155 romr.
1093 130 1317 155 rornsrarsn
1342 120 1409 154 259

117 201 230 245 ratio,
247 212 333 248 quae
354 212 420 248 per
441 203 716 249 experientiam
736 202 1000 244 confirmatur,
1024 202 1150 238 valida
1171 206 1241 237 est.
1267 202 1323 237 Ad
1349 212 1412 236 ex-

118 253 337 298 pellendum
359 255 459 290 enim
483 256 608 291 minus
627 256 773 290 malum
795 255 892 290 ratio
913 255 1028 291 dictat
1055 266 1129 291 non
1150 254 1411 290 inducendum

118 317 200 342 esse
218 307 343 353 majus
373 308 531 352 malum,
552 309 656 354 quod
689 311 745 344 est
767 309 980 356 praesertim
1003 308 1039 343 in
1062 307 1268 354 perniciem
1297 308 1412 343 socie-

118 359 220 394 tatis.
248 360 292 394 Et
318 359 405 396 hino
428 366 485 396 est
518 361 622 408 quod
646 361 676 396 si
703 361 876 407 tyrannis
904 372 981 396 non
1009 362 1057 396 sit
1086 361 1292 405 excessiva‚
1322 360 1413 395 tole-

118 411 240 447 randa
267 416 336 455 est,
364 413 456 459 quia
481 414 581 448 inter
614 414 689 449 duo
716 413 821 449 mala
848 414 1083 449 inevitabilia
1106 413 1233 449 minus
1266 412 1412 448 malurn

118 463 286 515 eligi—tur.
307 485 353 491 —
372 466 513 502 Verum
534 466 721 502 nonnulla
738 465 917 502 addenda
937 477 1017 501 esse
1038 476 1252 501 censemus.

163 517 239 554 XV.
256 518 490 555 Resistentia
509 520 696 556 offensiva
707 522 748 555 et.
763 520 989 556 resistentia
1004 519 1217 555 defensiva.
1236 520 1321 554 Hoec
1340 518 1413 554 dis-

118 569 251 605 tinctio
272 575 328 606 est
352 573 588 616 necessaria,
612 572 788 618 quamvis
807 572 883 606 vim
912 571 1123 619 quamdam
1144 571 1329 606 vocabulo
1351 571 1411 605 in-

118 621 227 667 ferat,
251 634 340 659 nam
361 624 579 660 resistentia
601 624 860 660 defensionem
885 635 961 659 non
985 624 1238 660 offensionem
1263 623 1412 669 signifi-

117 685 203 711 care
216 675 379 712 videtur.
395 678 495 713 Voco
517 677 777 713 resistentiam
794 677 1016 712 offensivam
1035 678 1110 712 vim
1131 676 1303 719 illatam;
1322 685 1412 709 voco

118 729 374 765 resistentiam
394 730 641 775 defensivam,
664 731 739 766 vim
759 730 962 776 repulsam.
981 732 1072 766 Rem
1091 729 1266 775 exemplo
1288 728 1408 763 decla-

119 792 262 818 remus.
281 783 321 818 In
343 787 428 819 actu
444 783 594 829 injusta}
611 783 881 830 aggressionis,
901 783 964 829 qui
978 783 1117 829 injuste
1130 781 1325 817 invaditur
1337 782 1412 816 vz‘m

119 834 158 868 vi
174 834 342 881 repellic;
365 846 410 870 en
432 837 649 872 resistentia
669 835 884 881 defensiva;
906 835 972 871 sed
990 840 1097 871 extra
1116 840 1242 871 aetum
1263 834 1416 880 injustae

119 888 391 933 aggressionis,
415 889 481 935 qui
499 889 774 935 aggrederetur
797 888 1009 933 inimicum,
1027 888 1108 934 eJus
1126 887 1412 934 aggressionem

117 940 366 984 praevenienS,
388 951 465 975 non
486 942 562 976 vim
582 941 621 976 vi
643 939 850 986 repelleret,
868 941 932 976 sed
951 941 1026 976 vim
1048 941 1219 986 inferret,
1243 939 1417 986 quamvis

117 991 155 1026 id
176 991 317 1029 faceret
341 992 388 1028 ad
413 993 723 1040 praeveniendam
749 993 1049 1039 aggressionem.
1080 994 1182 1028 llanc
1207 992 1416 1028 secundam

119 1045 378 1081 resistentiam
406 1057 496 1082 voco
518 1046 754 1093 offensivam.

164 1098 257 1133 XVI.
292 1099 434 1135 Illicita
466 1100 644 1136 absolute
679 1104 739 1136 est
775 1099 940 1137 subditis
968 1100 1193 1135 resistentia
1226 1107 1418 1133 OFFEN21VA

119 1153 256 1187 contra
275 1154 484 1197 tyrannum
512 1153 711 1198 regimine.
740 1154 878 1190 Probat
900 1152 1090 1199 imprimis
1118 1152 1217 1187 hanc
1245 1154 1416 1186 nostram

118 1203 402 1240 conclusionem
424 1206 523 1240 ratio
545 1205 713 1242 adducta
733 1207 770 1242 in
785 1211 925 1254 quarta
942 1205 1141 1248 sementia,
1161 1207 1197 1240 et
1213 1205 1416 1239 confirma·

120 1260 183 1291 tur
203 1258 375 1303 sequenti
405 1258 569 1293 ratione.
592 1258 757 1304 Subditi,
779 1264 821 1294 ut
853 1257 1010 1300 subditi,
1033 1258 1107 1292 vim
1131 1257 1335 1292 inferentes
1361 1258 1415 1303 ty-

122 1309 457 1355 ranno,judicium
477 1312 789 1347 auctoritativum
804 1314 841 1348 in
860 1314 1067 1358 tyrannum
1088 1310 1213 1355 ipsum
1226 1313 1416 1350 exercent,

122 1364 158 1396 et
173 1361 260 1397 ideo
282 1373 371 1398 eum
392 1363 464 1398 si'oi
490 1364 636 1409 privato
659 1375 728 1400 suo
748 1364 892 1411 J'udicio
914 1363 1136 1410 subjiciunt.
1165 1363 1279 1410 Atqui
1299 1361 1335 1397 id
1363 1365 1420 1397 est

122 1414 280 1451 omnino
302 1415 476 1451 illicitum
498 1427 504 1450 ;
528 1428 617 1452 nam
637 1418 812 1464 quamvis
833 1422 1110 1464 tyrannusnon
1130 1416 1160 1450 vi
1181 1414 1420 1451 auctoritatis

125 1467 222 1512 (haee
243 1468 346 1504 enim
367 1480 434 1516 per
458 1480 496 1504 se
523 1474 578 1505 est
599 1470 646 1505 ad
672 1471 831 1515 bonum)
857 1469 921 1505 sed
949 1469 1104 1515 propria
1126 1468 1274 1504 malitia
1297 1472 1421 1514 tyran-

129 1519 258 1556 nidem
271 1526 457 1563 exerceat,
478 1524 532 1557 est
549 1524 677 1558 tamen
692 1524 920 1559 auctoritate
935 1522 1124 1569 princeps,
1148 1524 1184 1556 et
1204 1521 1290 1557 ideo
1309 1531 1422 1567 supe-

126 1573 383 1620 riorjuridice
404 1577 461 1610 est
489 1575 666 1620 subditis,
689 1587 764 1611 non
784 1576 866 1611 istis
888 1574 1096 1621 subjectus.
1123 1575 1221 1620 Ergo
1243 1573 1424 1609 resisten-

127 1625 180 1661 tia
200 1626 384 1662 oss'ensiva
413 1627 450 1662 in
473 1631 680 1673 tyrannum
713 1629 899 1675 regimine
920 1631 975 1663 est
1009 1626 1167 1662 omnino
1198 1625 1343 1662 illicita.
1377 1645 1423 1651 —-

129 1678 233 1715 Adde
255 1679 359 1726 quod
378 1683 565 1726 tyrannus
586 1681 769 1727 regimine
787 1681 962 1717 abutitur
977 1680 1063 1726 jure
1085 1679 1285 1727 regnandi.
1304 1678 1423 1724 Atqui

128 1742 173 1766 ex
201 1732 322 1767 abusu
345 1732 443 1779 juris
471 1744 546 1768 non
575 1734 767 1769 amittitur
793 1734 875 1781 jus.
898 1734 1095 1779 Tyrannus
1121 1742 1212 1775 crgo
1236 1731 1421 1778 regimine

131 1784 290 1820 abutens
305 1784 405 1830 jure,
430 1784 546 1820 habet
570 1796 724 1833 semper
740 1785 802 1831 jus
829 1784 1031 1832 regnandi.
1061 1783 1132 1819 Sed
1163 1785 1339 1819 illicitum
1367 1785 1422 1818 est

130 1836 278 1883 privata
298 1838 525 1873 auctoritate
541 1838 735 1884 expoliare
751 1838 918 1884 aliquem
934 1837 1089 1884 proprio
1104 1837 1204 1882 jure.
1222 1838 1318 1882 Ergo
1335 1840 1423 1871 sunt

130 1889 303 1925 absolute
324 1889 463 1925 illicitae
484 1889 1034 1938 perduellionessubditorum,
1052 1890 1117 1934 qui
1132 1891 1274 1935 Regem
1287 1899 1422 1925 exauc-

130 1945 256 1978 torare
274 1947 341 1978 aut
361 1948 484 1978 morte
507 1943 667 1988 plectere
688 1943 913 1979 moliuntur.

176 1996 315 2032 Contra
332 1996 450 2043 igitur
473 1996 715 2043 tyrannidem
737 1997 969 2032 excessivam
992 1996 1065 2032 tria
1090 1996 1260 2031 remedia
1286 2005 1422 2042 propo-

129 2048 186 2084 nit
208 2048 247 2085 S.
264 2049 430 2085 Thomas
449 2050 486 2085 in
504 2051 517 2084 I
537 2049 592 2085 De
611 2049 805 2095 Reqimz'ne
820 2048 1062 2095 Principum,
1081 2049 1170 2095 Cap.
1194 2049 1250 2083 VI.

180 2104 241 2137 1¹³².
265 2116 281 2134 ι
313 2103 349 2138 Si
373 2102 420 2138 ad
455 2103 514 2149 jus
536 2102 699 2149 alicujus
729 2101 939 2148 superioris
968 2101 1156 2147 pertineat
1184 2100 1420 2135 multitudini

131 2154 329 2201 providere
353 2155 398 2191 de
415 2166 516 2203 rege,
540 2155 819 2201 expectandum
846 2157 902 2190 est
923 2154 971 2190 ab
992 2164 1035 2190 eo
1053 2153 1268 2190 remedium
1289 2157 1425 2189 eontra

132 2208 282 2254 tyranni
303 2208 528 2254 nequitiam.
554 2223 568 2241 ι
593 2209 754 2243 Maxime
787 2219 873 2243 vero
899 2207 972 2243 hoo
992 2207 1055 2253 jus
1084 2206 1311 2243 defendendi
1333 2206 1425 2253 jura

133 2260 364 2307 populorum
380 2262 542 2308 pertinet
559 2261 607 2297 ad
624 2261 843 2305 Ecclesiam,
861 2270 997 2307 nempe
1013 2260 1061 2295 ad
1080 2259 1220 2295 Christi
1233 2259 1423 2294 vicarium

134 2315 349 2350 Romanum
371 2315 593 2350 Pontificem
618 2326 625 2351 :
649 2313 837 2360 quidquid
854 2313 892 2349 in
912 2313 1149 2348 eontrarium
1170 2312 1424 2346 blaterentse-

136 2367 264 2404 ‹litiosi
289 2367 343 2403 illi
374 2367 569 2412 homines,
601 2367 681 2413 qui,
715 2365 877 2410 subditi,
911 2366 1130 2402 libertatem
1163 2364 1344 2400 affectant.
1377 2363 1424 2399 ad
