1584 2569
488 127 583 150 mccx
606 126 850 151 ΑιΡιιΑΒετιουε
1278 122 1336 155 383

64 198 333 241 Scepticismus.
354 196 403 228 De
422 195 635 236 scepticismo
653 194 820 232 absoluto,
841 196 876 228 L.
896 194 947 227 48.
967 213 1006 219 -
1022 196 1266 237 scepticismus
1284 202 1326 233 ab

102 246 237 279 solutus
254 249 306 276 est
320 243 504 275 intrinsece
518 242 701 281 absurdus,
719 242 774 274 IV.
791 259 831 265 —
845 243 928 274 Cum
945 243 1160 284 scepticismo
1181 245 1339 280 absoluto

104 290 287 325 universali
307 290 402 322 nulla
419 289 528 331 logice
541 288 674 321 institui
692 292 804 330 potest
821 289 1021 329 disputatio,
1040 289 1079 322 V.
1099 308 1139 314 —
1152 292 1203 325 De
1215 296 1337 336 saepti-

101 340 204 373 cismo
220 337 417 370 universali
431 335 666 378 hypothetico,
689 338 723 367 L.
738 336 789 367 49.
808 353 846 359 ·—
861 336 923 368 Hic
937 337 1177 377 scepticismus
1193 341 1338 374 rationa-

101 386 214 419 biliter
234 384 367 417 admitti
387 393 455 416 non
477 387 602 424 potest,
624 383 679 415 IV.

63 444 234 478 Scientia.
250 445 284 476 L.
302 444 354 482 41,
376 443 422 475 111
438 448 470 474 et
492 443 542 474 lV.
562 461 599 464 —
615 442 662 474 De
676 442 932 485 specificatione
952 446 982 475 et
998 443 1216 478 distinctione
1232 449 1337 481 scien-

103 493 245 530 tiarum,
274 491 309 522 L.
330 490 381 521 66.
407 507 447 512 -
470 489 621 522 Scientia
640 494 757 520 nostra
783 489 863 521 dicit
883 490 1036 522 ordinem
1057 492 1184 525 realem
1207 494 1334 536 depen-

104 539 228 572 dentiae
249 538 291 570 ad
313 536 445 569 scibilia
459 540 493 568 et
508 545 577 569 non
598 535 670 567 vice
684 544 791 574 versa,
812 537 836 567 Ι.
858 553 892 559 -
911 537 1089 577 (abjectum
1111 541 1287 575 materiale
1305 549 1335 577 et

102 587 274 628 objectum
296 584 439 616 formale
461 582 627 622 scientiae,
647 583 688 614 II.
702 600 743 606 -
762 584 808 615 De
822 583 949 624 duplici
968 584 1101 625 obJ'ecto
1116 586 1264 628 formali,
1277 590 1335 624 III.

101 652 140 657 —-
156 632 274 665 Unitas
285 630 441 671 specifica
459 629 679 662 scientiarum
692 639 732 662 ex
747 630 878 663 unitate
893 631 1072 673 utriusque
1089 634 1211 676 objecti
1226 638 1336 670 resul-

102 686 161 714 tat.
181 680 232 712 IV.
260 697 288 702 -
317 677 501 710 Diversitas
523 677 683 718 specifica
702 676 922 709 scientiarum
941 687 961 710 a
975 678 1169 714 diversitate
1192 684 1336 718 rationis

102 726 255 761 formalis
274 724 337 757 sub
357 733 428 766 qua
450 724 619 765 proecipue
639 724 796 763 resultat,
816 725 856 755 V.
873 742 911 747 —
929 725 1000 758 Non
1020 726 1190 762 immerito
1210 730 1337 765 docue-

102 779 179 806 runt
199 771 395 805 scholastici
419 770 624 803 divisionem
643 770 863 803 scientiarum
879 773 1068 812 generatim
1089 775 1336 812 desumendam

101 829 177 853 esse
197 828 236 851 ex
257 818 391 850 diverso
409 816 649 849 abstractionis
670 817 778 858 gradu
799 826 818 849 a
840 818 997 859 materia,
1022 820 1066 851 VI
1087 827 1118 854 et
1139 823 1208 855 Vll.
1233 843 1270 848 —
1290 826 1339 859 De

102 865 276 899 divisione
285 867 318 897 et
327 863 619 896 subordinatione
635 864 875 904 scientiarum,
891 866 926 896 L.
941 865 992 897 ⁶7.
1003 885 1043 889 —
1054 867 1212 902 Scientiae
1233 880 1337 912 gene-

101 915 168 947 rice
186 913 351 954 inspectae
372 920 442 943 non
465 911 655 951 incongrue
682 910 882 943 dividuntur
908 912 942 944 in
969 916 1122 956 quinque
1145 917 1337 959 primariae„

102 968 252 1001 nempe:
277 957 468 999 Physicam,
496 957 788 996 Mathematicam‚
818 959 1100 1003 Metaphysicam,
1123 964 1280 1004 Logicam
1306 972 1337 998 et

102 1006 278 1045 Moralem,
294 1006 320 1038 I.
335 1021 375 1030 —
389 1004 643 1038 Subalternatio
658 1004 895 1044 scientiarum,
912 1006 940 1037 II
953 1012 986 1038 et
1002 1008 1065 1040 111.
1087 1027 1127 1032 —
1140 1011 1231 1044 Inter
1240 1013 1338 1054 quin-

103 1063 170 1097 que
181 1062 285 1094 supra
301 1055 521 1085 enumeratas
534 1051 694 1083 scientias
704 1051 801 1083 nulla
813 1052 914 1084 datur
924 1056 1060 1095 proprie
1073 1056 1162 1089 dicta
1176 1059 1339 1092 subalter-

101 1100 206 1139 natio,
231 1099 283 1131 IV.
303 1099 406 1130 —De
426 1097 686 1139 praeeminentia
706 1098 961 1140 Metaphysicae,
984 1101 1116 1142 Logicae
1137 1108 1169 1136 et
1190 1106 1338 1146 Moralis,

101 1157 139 1181 ac
155 1146 328 1189 praecipue
340 1145 534 1186 Theologiae
552 1144 764 1184 Christianae,
783 1145 819 1176 V.
837 1163 875 1169 —
894 1147 932 1178 In
954 1148 1023 1180 Deo
1038 1154 1089 1182 est
1107 1151 1264 1192 scientia,
1281 1155 1339 1185 sed

104 1193 353 1236 perfectissimo
372 1192 490 1231 modo,
509 1191 545 1223 T.
567 1191 617 1229 22,
640 1191 665 1223 I.
689 1210 726 1214 —
747 1192 906 1225 Essentia
927 1194 1043 1227 divina
1062 1201 1114 1228 est
1138 1198 1339 1237 primarium

101 1241 275 1282 objectum
295 1239 447 1272 scientiae
470 1238 539 1276 Dei,
571 1238 623 1269 IV.
648 1257 687 1261 —
710 1239 801 1271 Deus
822 1239 914 1271 videt
936 1241 1052 1273 omnia
1079 1243 1193 1276 sutura
1218 1246 1338 1285 libera,

102 1289 173 1321 sive
190 1287 347 1320 absolute
363 1286 435 1318 sive
455 1285 688 1317 conditionate
709 1290 860 1325 sumpta,
879 1288 1022 1319 scientia
1042 1288 1198 1330 visionis,
1217 1301 1340 1334 nempe

101 1336 136 1367 in
156 1334 263 1368 libero
288 1334 424 1366 decreto
447 1341 520 1365 suae
547 1332 746 1371 voluntatis,
775 1332 851 1365 aliis
877 1334 989 1366 verbis
1010 1344 1017 1366 :
1045 1335 1122 1369 ideo
1151 1339 1193 1370 ab
1213 1343 1340 1372 aeterno

101 1381 275 1424 cognoscit
293 1379 494 1421 huJ'usmodi
515 1380 642 1418 futura,
661 1379 742 1420 quia
756 1379 829 1420 ipse
845 1381 886 1412 ab
904 1385 1032 1415 aeterno
1049 1383 1157 1416 voluit
1175 1390 1207 1417 et
1227 1386 1340 1419 deter-

100 1428 244 1461 minavit
257 1436 333 1460 esse
347 1428 476 1459 futura.
488 1427 528 1459 Τ.
549 1427 668 1465 24‚1X.
686 1445 726 1449 -
738 1427 952 1468 Expungitur
967 1429 1112 1463 scientia
1129 1433 1256 1472 media,
1268 1433 1340 1466 XII.

101 1493 140 1498 —
162 1473 313 1507 Scientia
332 1472 500 1514 simplicis
521 1472 769 1514 intelligentiae,
796 1473 865 1505 VII.
888 1492 927 1497 —
1010 1475 1166 1516 visionis,
1184 1479 1276 1511 VIII.

62 1533 249 1576 Scriptura
274 1531 439 1573 primario
470 1531 642 1572 significat
671 1532 814 1564 verbum
841 1533 952 1573 reale3
975 1536 1180 1569 secundario
1201 1538 1341 1571 verbum

100 1580 251 1612 mentale
276 1583 310 1611 et
328 1587 384 1611 res
411 1578 499 1619 ipsa,
522 1579 557 1610 L.
578 1578 630 1617 10,
653 1578 705 1610 VI.
727 1595 766 1602 —
791 1579 975 1620 Scripturae
995 1583 1196 1624 necessitas,
1218 1585 1285 1617 VII.
1303 1603 1343 1609 ——

102 1627 275 1667 Scriptura
295 1625 541 1667 ideographica
563 1629 597 1657 et
620 1625 904 1666 phonographica
921 1635 982 1660 seu
1005 1629 1203 1671 phonetica,
1220 1631 1272 1664 vel
1298 1632 1342 1664 al-

101 1673 292 1714 phabetica,
313 1673 349 1703 L.
371 1671 423 1711 10,
446 1672 503 1704 XI.

63 1731 172 1765 Sedes
193 1730 333 1771 animae,
357 1731 390 1762 P.
413 1730 464 1769 18,
486 1730 537 1762 19.

63 1788 453 1868 Sessecfgohslelectionis
472 1791 642 1824 naturalis
662 1788 794 1821 theoria
812 1789 868 1830 (de
886 1791 1108 1831 generatione
1125 1796 1340 1836 spontanea),

63 1893 295 1936 Semiviqilia.
317 1895 353 1926 P.
374 1894 425 1933 25,
442 1894 481 1924 V.

63 1953 231 1987 Senatus.
251 1953 296 1984 M.
319 1953 371 1991 57,
393 1952 435 1984 11.
457 1952 555 1992 (Vide
574 1952 740 1993 Reqzmen
759 1955 1118 1997 repraesentativum.)

63 2010 242 2044 Sensatio.
269 2010 483 2044 Sensationis
511 2011 733 2051 subjectum:
763 2019 831 2043 non
859 2011 987 2052 anima,
1015 2014 1075 2046 sed
1103 2015 1244 2056 animal,
1272 2017 1294 2049 i.
1315 2026 1344 2050 e.

102 2057 320 2099 organismus
346 2057 520 2090 animatus
553 2062 606 2090 est
639 2058 832 2098 subjectum
867 2058 1107 2093 immediatum
1142 2062 1345 2096 facultatum

102 2104 356 2144 sensitIvarum‚
384 2105 421 2137 P.
446 2104 497 2143 22,
522 2105 568 2137 111
590 2109 623 2136 et
652 2105 694 2136 V.
717 2121 756 2128 —
782 2105 908 2138 Natura
933 2107 1142 2141 sensationis
1163 2118 1170 2140 :
1194 2110 1344 2144 sensatio

103 2151 238 2191 passive
262 2155 293 2182 et
323 2151 432 2183 active
453 2156 604 2192 sumpta,
627 2153 660 2182 P.
683 2152 733 2192 26,
763 2152 790 2183 II
818 2157 852 2184 et
873 2152 934 2185 111.
954 2170 995 2177 —
1020 2155 1069 2187 De
1089 2156 1281 2189 mutatione
1300 2157 1343 2191 ad

104 2197 339 2230 sensationem
362 2198 545 2239 requisita,
562 2199 598 2229 V.

65 2254 253 2288 sensibile.
275 2257 311 2288 L.
333 2255 386 2288 50.
407 2256 506 2298 (Vide
529 2256 689 2294 Sensus.)

64 2313 270 2348 Sensismus
289 2315 512 2357 antiquorum
538 2320 571 2348 et
591 2316 828 2356 positivismus
856 2319 1086 2352 recentiorum
1107 2329 1176 2353 non
1198 2327 1344 2362 possunt

103 2369 180 2394 esse
199 2361 406 2403 supremum'
420 2362 595 2396 criterium
615 2364 779 2405 veritatis,
800 2365 836 2397 L.
857 2365 909 2406 63,
930 2366 959 2398 11
983 2370 1017 2399 et
1036 2367 1094 2400 111.
1114 2385 1154 2391 —-—
1176 2367 1342 2402 Sensismi
