1554 2569
72 165 151 189 mr.
166 164 190 188 1.
207 163 325 188 orium
339 162 534 187 semitono
549 162 636 187 nox.
650 161 846 187 comis-ru
856 162 894 187 ιιι
905 153 1293 189 somsconronsunos
1317 155 1359 190 15

116 234 223 271 Adde
242 233 433 269 rationem
454 233 688 279 generalem,
707 243 858 280 nempe,
881 231 1033 269 divitias
1053 244 1130 270 non
1157 233 1359 271 excludere

73 288 120 324 ab
142 286 300 323 homine
326 296 438 322 omne
463 285 626 331 malum,
653 296 730 322 non
751 286 923 333 quietare
943 285 1115 322 totaliter
1131 286 1213 333 eius
1240 297 1360 335 appe-

73 342 199 385 titum,
235 350 304 376 seu
328 338 569 375 conditiones
595 349 673 375 non
696 348 774 386 prae
799 349 838 375 se
867 338 964 375 ferre
992 350 1088 386 quas
1113 339 1162 375 ad
1191 340 1360 376 beatitu-

73 393 172 430 dinis
191 396 370 430 naturam
395 392 612 429 necessario
633 392 823 439 pertinere
844 402 963 439 supra
982 403 1020 428 n.
1041 393 1087 437 11,
1111 392 1360 430 diximus.-

75 448 157 492 1-11,
183 447 254 490 Qu.
282 447 327 491 II,
356 446 473 482 ArtIc.
501 446 530 481 1.
557 465 603 471 -
631 446 667 482 S.
695 445 899 492 Augustin.
923 444 979 481 De
1005 444 1169 482 Civitate
1196 446 1276 482 Lib.
1305 446 1365 482 IV.

75 500 391 598 C331.1181uprema
411 553 578 589 hominis
600 502 811 589 Ιιόὲιίἰῐιὲᾱῖ
806 518 904 589 non
919 512 1060 598 'estest
1088 553 1302 589 consistere
1320 553 1390 589 in

72 608 284 653 voluptate.
303 606 390 642 Haec
404 605 615 653 propositio
629 604 816 652 probatur
836 607 874 641 10
889 605 1064 652 generice
1084 604 1215 653 quoad
1231 604 1362 652 volup-

73 663 192 697 tatem
219 660 260 696 in
284 669 324 695 se
345 661 570 707 sumptam;
598 659 637 693 2⁰
656 657 831 706 specifice
855 657 986 705 quoad
1004 658 1244 706 voluptatem
1271 668 1384 704 sen·
1374 676 1385 680 ==
1452 644 1480 661 ³*

74 714 256 815 Βηόιιῗιξὲά
267 766 495 813 voluptatem
512 766 553 801 in
571 775 623 802 se.
644 764 829 811 Voluptas
845 764 949 801 enim
967 766 1024 801 est
1040 765 1220 811 quaedam
1241 760 1383 802 deleo-lt

75 980 150 1015 tria
183 977 327 1026 requiri
358 976 527 1013 diximus
558 976 632 1021 (Ps.
664 977 722 1018 45,
746 976 804 1021 V),
832 975 971 1011 scilicet
997 975 1133 1013 bonum
1158 977 1359 1022 delectans,

74 1030 286 1070 consecutio
302 1029 392 1066 bom·
401 1029 671 1074 convenientis,
684 1032 721 1065 et
734 1028 904 1075 cognitio
918 1028 1036 1076 hujus
1050 1029 1280 1076 adeptionis.
1297 1031 1370 1066 Est*
1414 1015 1427 1035 ‘⁸

76 1089 206 1122 autem
247 1083 388 1132 duplex
423 1082 590 1119 hominis
622 1083 781 1124 bonum,
823 1082 965 1118 scilicet
991 1082 1188 1130 spirituale
1215 1086 1251 1120 et
1277 1094 1362 1120 sen-

76 1138 208 1183 sibile,
236 1148 326 1185 ergo
355 1135 496 1183 duplex
513 1135 732 1180 delectatio,
754 1133 947 1171 sensibilis
968 1138 1005 1171 et
1025 1136 1248 1183 spiritualis.
1271 1137 1378 1173 Hinc
1476 1116 1547 1171 ²22²*

77 1190 282 1228 manifesta
304 1193 463 1248 apparet
481 1188 620 1225 veritas
642 1188 931 1235 propositionis.
952 1187 1049 1224 Nam
1064 1199 1109 1224 ex
1130 1188 1202 1225 hoc
1222 1188 1406 1236 aliquis

77 1244 301 1302 delectatur,
332 1242 422 1289 quia
453 1242 599 1278 bonum
626 1240 785 1300 aliquod
813 1240 885 1277 sibi
911 1242 1141 1278 conveniens
1164 1242 1280 1278 habet
1307 1240 1398 1278 vel

77 1298 116 1333 in
134 1307 190 1342 re,
211 1295 297 1331 vel
287 1306 326 1331 in
347 1305 426 1342 spe,
447 1294 506 1330 vel
526 1293 690 1330 saltem
680 1304 719 1329 ιιι
740 1293 943 1329 memoria.
965 1294 1064 1341 Ergo
1084 1293 1286 1331 delectatio
1306 1296 1363 1330 est
1416 1319 1426 1329 »,

76 1349 171 1398 quid
185 1347 436 1396 subjectivum
447 1350 483 1388 et
498 1349 554 1382 est
568 1347 782 1394 proprietas
796 1356 1036 1393 consequens
1057 1346 1228 1383 bonum'
1220 1358 1361 1395 lpSum,
1405 1342 1407 1344 ’
1429 1368 1444 1393 μ,

77 1413 145 1439 seu
184 1400 463 1439 beatitudinem
491 1399 678 1436 habitam.
722 1399 757 1434 Si
792 1403 921 1435 autem
954 1398 1154 1436 delectatio
1193 1400 1363 1436 beatitu-
1393 1397 1399 1405 ”

78 1457 206 1492 dinem
234 1453 497 1501 consequitur,
525 1462 625 1498 eam,
654 1456 696 1488 ut
716 1456 836 1499 patet,
858 1463 934 1489 non
956 1456 1083 1500 potest
1109 1453 1419 1502 essentialiterss.
1436 1463 1440 1471 ¹
1460 1456 1463 1461 '

77 1508 329 1552 constituere;
375 1507 474 1543 sicut
517 1506 713 1553 capacitas
758 1504 901 1542 sciendi
941 1505 1243 1541 rationalitatem
1286 1516 1361 1542 non
1385 1542 1387 1544 ,

76 1561 286 1605 constituit,
313 1559 380 1596 sed
406 1569 493 1595 eam
520 1558 773 1595 constitutam
800 1558 1015 1595 necessario
1037 1557 1235 1602 subaudit,
1261 1561 1297 1594 et
1318 1569 1363 1595 ex
1502 1558 1554 1590 Lm*

78 1616 163 1662 ipsa
186 1618 229 1650 ut
254 1612 431 1650 accidens
463 1612 662 1660 proprium
689 1621 755 1648 seu
782 1611 1014 1647 attributum
1042 1611 1096 1657 (L.
1124 1613 1160 1657 4,
1183 1612 1246 1657 ΠΙ)
1269 1622 1363 1648 con-
1412 1622 1415 1626 ’

79 1667 265 1714 sequitur.

126 1720 259 1766 Quoad
278 1719 507 1766 voluptatem
529 1718 746 1755 sensibilem
765 1728 830 1754 seu
850 1718 1099 1765 corporalem.
1127 1718 1274 1754 Etenim
1295 1729 1365 1756 vo·
1401 1710 1445 1752 ²7³⁴

78 1775 206 1821 luptas
238 1775 296 1809 est
325 1773 528 1809 delectatio
558 1782 798 1819 consequens
823 1771 968 1807 bonum
997 1770 1297 1819 apprehensum,
1329 1775 1365 1807 et
1408 1778 1448 1813 ,ὸ
1473 1768 1554 1824 732¹,

79 1826 306 1863 conveniens
331 1829 480 1861 naturae
507 1825 735 1872 appetentis.
767 1824 882 1870 Atqui
909 1824 1056 1860 bonum
1084 1825 1261 1861 sensibile
1288 1835 1365 1860 non
1399 1842 1404 1870 ;
1425 1856 1428 1860 ,
1463 1828 1499 1853 ¹ss

79 1882 206 1927 potest
221 1877 457 1925 apprehendi
478 1880 519 1912 ut
538 1877 663 1912 solum
677 1876 823 1912 bonum
842 1876 989 1913 homini
1010 1878 1252 1921 conveniens,
1275 1878 1367 1925 quia

27 1940 29 1943 ’
79 1936 136 1968 est
172 1929 414 1969 solummodo
455 1929 601 1966 bonum
627 1930 745 1976 partis
770 1929 963 1972 animalis,
980 1930 1059 1966 imo
1080 1932 1137 1966 est
1158 1930 1398 1966 minimum-⁴·
1521 1932 1528 1943 ⁸

79 1987 225 2022 bonum
251 1985 290 2020 in
319 1983 610 2031 comparatione
639 1982 831 2018 bonorum
858 1982 1120 2028 spiritualium
1148 1993 1232 2030 quae
1253 1983 1366 2018 nobi-

79 2039 215 2074 liorem
241 2036 409 2072 hominis
430 2038 594 2083 partem,
623 2035 697 2071 hoc
720 2038 778 2070 est
797 2035 1002 2078 rationem,
1025 2035 1243 2082 perficiunt.
1265 2035 1364 2082 Ergo

80 2100 157 2127 non
176 2089 302 2125 solum
323 2088 499 2134 voluptas
520 2087 711 2125 sensibilis
726 2097 802 2123 non
823 2090 951 2135 potest
968 2097 1050 2123 esse
1070 2086 1239 2124 hominis
1250 2088 1368 2125 beati—

80 2142 186 2185 tudo,
209 2141 276 2178 sed
296 2152 419 2188 neque
441 2140 489 2177 ad
510 2139 790 2177 beatitudinem
809 2139 990 2176 humanae
1011 2145 1159 2177 naturae
1180 2146 1222 2177 ut
1247 2141 1366 2177 ratio-

80 2195 178 2232 nalis
209 2198 279 2239 est,
312 2194 559 2240 consequitur
585 2197 627 2229 ut
652 2193 734 2240 ejus
755 2194 984 2240 proprietas.
1010 2213 1057 2220 —
1083 2195 1146 2230 His
1179 2193 1367 2230 addendae

81 2248 250 2284 rationes
266 2246 438 2283 deductas
458 2257 505 2283 ex
523 2245 809 2282 conditionibus
828 2246 1092 2293 beatitudinis,
1115 2251 1152 2283 et
1175 2247 1367 2294 praecipue

82 2299 210 2347 quoad
230 2299 429 2336 sensibiles
446 2299 661 2346 voluptates
677 2298 723 2335 de
743 2298 843 2335 facili
863 2299 1204 2336 immoderantiam
1222 2299 1366 2336 admit-

84 2354 167 2388 tunt
193 2354 230 2389 et
253 2352 381 2388 tristes
402 2351 546 2388 habent
566 2352 689 2388 exitus
707 2356 790 2387 turn
808 2352 937 2400 quoad
959 2363 1096 2400 corpus
1117 2353 1259 2400 ipsum,
1283 2355 1365 2388 tum

84 2405 211 2452 quoad
241 2405 415 2441 animum
448 2410 490 2440 ut
527 2415 594 2451 per
634 2404 904 2451 quotidianam
939 2406 1216 2453 experientiam
1254 2416 1369 2442 unus*

73 819 181 865 tatio,
220 829 306 866 quae
341 829 364 854 a
399 819 441 854 D.
484 818 631 854 Thoma
656 820 758 854 recte
792 817 973 854 definitur
1003 819 1109 864 quies
1142 818 1401 874 appetitivoe
1409 791 1500 824 ¹⁴

5 903 8 905 .
73 873 227 910 virtutis
253 873 295 908 in
313 871 445 918 aliquo
475 871 569 907 bono
587 876 725 914 amato,
748 875 782 907 ee
798 881 1023 917 consequens
1040 871 1214 918 aliquam
1231 882 1361 919 opera·
1429 918 1432 925 Ι

74 927 212 963 tionem
237 925 283 971 (1-
271 925 332 969 -11,
361 924 430 967 Qu.
459 924 614 968 XXXIV,
642 923 760 959 Artic.
794 924 838 968 I).
865 923 970 959 Unde
998 923 1047 960 ad
1066 919 1392 966 delectationem
