<?xml version="1.0" encoding="UTF-8"?>
<!DOCTYPE html PUBLIC "-//W3C//DTD XHTML 1.0 Transitional//EN"
    "http://www.w3.org/TR/xhtml1/DTD/xhtml1-transitional.dtd">
<html xmlns="http://www.w3.org/1999/xhtml" xml:lang="en" lang="en">
 <head>
  <title>
</title>
<meta http-equiv="Content-Type" content="text/html;charset=utf-8" />
  <meta name='ocr-system' content='tesseract 3.04.00' />
  <meta name='ocr-capabilities' content='ocr_page ocr_carea ocr_par ocr_line ocrx_word'/>
</head>
<body>
  <div class='ocr_page' id='page_1' title='image "./summaphilosophic03zigluoft_0098.png"; bbox 0 0 1554 2569; ppageno 0'>
   <div class='ocr_carea' id='block_1_1' title="bbox 120 134 1378 178">
    <p class='ocr_par' dir='ltr' id='par_1_1' title="bbox 120 134 1378 178">
     <span class='ocr_line' id='line_1_1' title="bbox 120 134 1378 178; baseline 0.002 -12"><span class='ocrx_word' id='word_1_1' title='bbox 120 134 162 166; x_wconf 80' lang='lat'><strong>88</strong></span> <span class='ocrx_word' id='word_1_2' title='bbox 188 142 329 167; x_wconf 62' lang='lat' dir='ltr'><strong>mmm.</strong></span> <span class='ocrx_word' id='word_1_3' title='bbox 353 143 424 167; x_wconf 82' lang='lat' dir='ltr'><strong>Lm.</strong></span> <span class='ocrx_word' id='word_1_4' title='bbox 456 142 497 169; x_wconf 87' lang='lat'><strong>11.</strong></span> <span class='ocrx_word' id='word_1_5' title='bbox 524 143 601 170; x_wconf 58' lang='lat' dir='ltr'><strong>car.</strong></span> <span class='ocrx_word' id='word_1_6' title='bbox 624 143 664 168; x_wconf 90' lang='lat'><strong>11.</strong></span> <span class='ocrx_word' id='word_1_7' title='bbox 687 143 729 168; x_wconf 74' lang='lat' dir='ltr'><strong>ni:</strong></span> <span class='ocrx_word' id='word_1_8' title='bbox 752 143 898 168; x_wconf 77' lang='lat' dir='ltr'>ACTIBUS</span> <span class='ocrx_word' id='word_1_9' title='bbox 916 143 1073 168; x_wconf 66' lang='lat' dir='ltr'><strong>numnis</strong></span> <span class='ocrx_word' id='word_1_10' title='bbox 1088 144 1126 168; x_wconf 75' lang='lat' dir='ltr'><strong>m</strong></span> <span class='ocrx_word' id='word_1_11' title='bbox 1144 143 1285 178; x_wconf 71' lang='lat' dir='ltr'><strong>onnmss,</strong></span> <span class='ocrx_word' id='word_1_12' title='bbox 1301 143 1378 169; x_wconf 72' lang='lat' dir='ltr'><strong>ere.</strong></span> 
     </span>
    </p>
   </div>
   <div class='ocr_carea' id='block_1_2' title="bbox 118 213 1413 2416">
    <p class='ocr_par' dir='ltr' id='par_1_2' title="bbox 118 213 1406 993">
     <span class='ocr_line' id='line_1_2' title="bbox 120 213 1402 262; baseline 0.002 -15"><span class='ocrx_word' id='word_1_13' title='bbox 120 213 212 257; x_wconf 85' lang='lat' dir='ltr'><strong>beri,</strong></span> <span class='ocrx_word' id='word_1_14' title='bbox 233 218 270 248; x_wconf 88' lang='lat' dir='ltr'><strong>et</strong></span> <span class='ocrx_word' id='word_1_15' title='bbox 287 214 427 249; x_wconf 87' lang='lat' dir='ltr'><strong>certior</strong></span> <span class='ocrx_word' id='word_1_16' title='bbox 446 214 569 250; x_wconf 87' lang='lat' dir='ltr'><strong>sactus</strong></span> <span class='ocrx_word' id='word_1_17' title='bbox 599 215 791 250; x_wconf 89' lang='lat' dir='ltr'><strong>neminem</strong></span> <span class='ocrx_word' id='word_1_18' title='bbox 812 225 879 261; x_wconf 89' lang='lat' dir='ltr'><strong>per</strong></span> <span class='ocrx_word' id='word_1_19' title='bbox 895 214 995 250; x_wconf 89' lang='lat' dir='ltr'><strong>viam</strong></span> <span class='ocrx_word' id='word_1_20' title='bbox 1028 215 1203 259; x_wconf 91' lang='lat' dir='ltr'><strong>transire,</strong></span> <span class='ocrx_word' id='word_1_21' title='bbox 1235 213 1402 262; x_wconf 86' lang='lat' dir='ltr'>lapidem</span> 
     </span>
     <span class='ocr_line' id='line_1_3' title="bbox 121 265 1404 312; baseline 0.001 -11"><span class='ocrx_word' id='word_1_22' title='bbox 121 265 272 312; x_wconf 79' lang='lat' dir='ltr'><strong>projicit</strong></span> <span class='ocrx_word' id='word_1_23' title='bbox 294 270 331 302; x_wconf 84' lang='lat' dir='ltr'><strong>et</strong></span> <span class='ocrx_word' id='word_1_24' title='bbox 354 266 492 302; x_wconf 87' lang='lat' dir='ltr'><strong>occidit</strong></span> <span class='ocrx_word' id='word_1_25' title='bbox 524 267 661 311; x_wconf 88' lang='lat' dir='ltr'><strong>filiurn,</strong></span> <span class='ocrx_word' id='word_1_26' title='bbox 690 267 749 302; x_wconf 78' lang='lat' dir='ltr'><strong>vel</strong></span> <span class='ocrx_word' id='word_1_27' title='bbox 778 267 961 310; x_wconf 90' lang='lat' dir='ltr'><strong>amicum,</strong></span> <span class='ocrx_word' id='word_1_28' title='bbox 986 267 1045 303; x_wconf 85' lang='lat' dir='ltr'><strong>vel</strong></span> <span class='ocrx_word' id='word_1_29' title='bbox 1071 267 1283 303; x_wconf 89' lang='lat' dir='ltr'><strong>hominem.</strong></span> <span class='ocrx_word' id='word_1_30' title='bbox 1316 267 1404 302; x_wconf 82' lang='lat' dir='ltr'><strong>Haec</strong></span> 
     </span>
     <span class='ocr_line' id='line_1_4' title="bbox 120 319 1403 366; baseline 0.001 -12"><span class='ocrx_word' id='word_1_31' title='bbox 120 320 337 366; x_wconf 76' lang='lat' dir='ltr'>ignorantia</span> <span class='ocrx_word' id='word_1_32' title='bbox 363 330 439 355; x_wconf 92' lang='lat' dir='ltr'><strong>non</strong></span> <span class='ocrx_word' id='word_1_33' title='bbox 463 324 519 355; x_wconf 88' lang='lat' dir='ltr'><strong>est</strong></span> <span class='ocrx_word' id='word_1_34' title='bbox 549 320 667 355; x_wconf 89' lang='lat' dir='ltr'><strong>volita</strong></span> <span class='ocrx_word' id='word_1_35' title='bbox 695 320 772 355; x_wconf 92' lang='lat' dir='ltr'><strong>ullo</strong></span> <span class='ocrx_word' id='word_1_36' title='bbox 801 319 932 363; x_wconf 85' lang='lat' dir='ltr'><strong>modo,</strong></span> <span class='ocrx_word' id='word_1_37' title='bbox 954 331 1076 366; x_wconf 87' lang='lat' dir='ltr'><strong>neque</strong></span> <span class='ocrx_word' id='word_1_38' title='bbox 1109 320 1249 356; x_wconf 84' lang='lat' dir='ltr'>directe</span> <span class='ocrx_word' id='word_1_39' title='bbox 1280 330 1403 365; x_wconf 91' lang='lat' dir='ltr'><strong>neque</strong></span> 
     </span>
     <span class='ocr_line' id='line_1_5' title="bbox 120 370 1404 419; baseline -0.001 -13"><span class='ocrx_word' id='word_1_40' title='bbox 120 370 322 416; x_wconf 81' lang='lat' dir='ltr'><strong>indirecte3</strong></span> <span class='ocrx_word' id='word_1_41' title='bbox 345 372 501 418; x_wconf 85' lang='lat' dir='ltr'><strong>insuper</strong></span> <span class='ocrx_word' id='word_1_42' title='bbox 534 382 611 407; x_wconf 90' lang='lat' dir='ltr'><strong>non</strong></span> <span class='ocrx_word' id='word_1_43' title='bbox 644 372 868 419; x_wconf 81' lang='lat' dir='ltr'><strong>projecisset</strong></span> <span class='ocrx_word' id='word_1_44' title='bbox 901 371 963 407; x_wconf 92' lang='lat' dir='ltr'><strong>ille</strong></span> <span class='ocrx_word' id='word_1_45' title='bbox 980 371 1148 418; x_wconf 88' lang='lat' dir='ltr'><strong>lapidem</strong></span> <span class='ocrx_word' id='word_1_46' title='bbox 1180 373 1211 407; x_wconf 90' lang='lat' dir='ltr'><strong>si</strong></span> <span class='ocrx_word' id='word_1_47' title='bbox 1230 371 1404 407; x_wconf 87' lang='lat' dir='ltr'><strong>scivisset</strong></span> 
     </span>
     <span class='ocr_line' id='line_1_6' title="bbox 119 423 1403 471; baseline 0 -13"><span class='ocrx_word' id='word_1_48' title='bbox 119 424 286 470; x_wconf 79' lang='lat' dir='ltr'>aliquam</span> <span class='ocrx_word' id='word_1_49' title='bbox 297 435 502 471; x_wconf 78' lang='lat' dir='ltr'><strong>personam</strong></span> <span class='ocrx_word' id='word_1_50' title='bbox 525 424 769 471; x_wconf 89' lang='lat' dir='ltr'><strong>pertransire.</strong></span> <span class='ocrx_word' id='word_1_51' title='bbox 801 423 900 471; x_wconf 88' lang='lat' dir='ltr'><strong>Ergo</strong></span> <span class='ocrx_word' id='word_1_52' title='bbox 922 425 1139 471; x_wconf 79' lang='lat' dir='ltr'><strong>ignorantia</strong></span> <span class='ocrx_word' id='word_1_53' title='bbox 1174 423 1403 460; x_wconf 83' lang='lat' dir='ltr'><strong>antecedens</strong></span> 
     </span>
     <span class='ocr_line' id='line_1_7' title="bbox 120 475 1402 523; baseline 0.001 -13"><span class='ocrx_word' id='word_1_54' title='bbox 120 476 204 511; x_wconf 90' lang='lat' dir='ltr'><strong>talis</strong></span> <span class='ocrx_word' id='word_1_55' title='bbox 224 480 280 511; x_wconf 89' lang='lat' dir='ltr'><strong>est</strong></span> <span class='ocrx_word' id='word_1_56' title='bbox 301 481 343 511; x_wconf 90' lang='lat' dir='ltr'><strong>ut</strong></span> <span class='ocrx_word' id='word_1_57' title='bbox 363 481 550 523; x_wconf 84' lang='lat' dir='ltr'><strong>repugnet</strong></span> <span class='ocrx_word' id='word_1_58' title='bbox 569 476 758 512; x_wconf 85' lang='lat' dir='ltr'><strong>voluntati</strong></span> <span class='ocrx_word' id='word_1_59' title='bbox 781 480 862 511; x_wconf 87' lang='lat' dir='ltr'><strong>tum</strong></span> <span class='ocrx_word' id='word_1_60' title='bbox 878 476 917 511; x_wconf 91' lang='lat' dir='ltr'><strong>in</strong></span> <span class='ocrx_word' id='word_1_61' title='bbox 936 487 989 521; x_wconf 89' lang='lat' dir='ltr'><strong>se,</strong></span> <span class='ocrx_word' id='word_1_62' title='bbox 1012 481 1094 512; x_wconf 91' lang='lat' dir='ltr'><strong>tum</strong></span> <span class='ocrx_word' id='word_1_63' title='bbox 1115 477 1152 511; x_wconf 92' lang='lat' dir='ltr'><strong>in</strong></span> <span class='ocrx_word' id='word_1_64' title='bbox 1168 487 1236 512; x_wconf 91' lang='lat' dir='ltr'><strong>suo</strong></span> <span class='ocrx_word' id='word_1_65' title='bbox 1252 475 1402 511; x_wconf 83' lang='lat' dir='ltr'><strong>effectu.</strong></span> 
     </span>
     <span class='ocr_line' id='line_1_8' title="bbox 120 527 1405 575; baseline 0 -13"><span class='ocrx_word' id='word_1_66' title='bbox 120 527 228 568; x_wconf 87' lang='lat' dir='ltr'><strong>Quod</strong></span> <span class='ocrx_word' id='word_1_67' title='bbox 248 532 377 564; x_wconf 89' lang='lat' dir='ltr'><strong>autem</strong></span> <span class='ocrx_word' id='word_1_68' title='bbox 399 532 588 575; x_wconf 84' lang='lat' dir='ltr'><strong>repugnat</strong></span> <span class='ocrx_word' id='word_1_69' title='bbox 597 528 798 572; x_wconf 88' lang='lat' dir='ltr'><strong>voluntati,</strong></span> <span class='ocrx_word' id='word_1_70' title='bbox 819 527 1081 564; x_wconf 91' lang='lat' dir='ltr'><strong>voluntarium</strong></span> <span class='ocrx_word' id='word_1_71' title='bbox 1095 539 1175 564; x_wconf 90' lang='lat' dir='ltr'><strong>esse</strong></span> <span class='ocrx_word' id='word_1_72' title='bbox 1186 528 1405 563; x_wconf 81' lang='lat' dir='ltr'><strong>nullatenus</strong></span> 
     </span>
     <span class='ocr_line' id='line_1_9' title="bbox 120 580 1404 628; baseline 0.001 -14"><span class='ocrx_word' id='word_1_73' title='bbox 120 583 257 626; x_wconf 88' lang='lat' dir='ltr'><strong>potest,</strong></span> <span class='ocrx_word' id='word_1_74' title='bbox 280 584 321 615; x_wconf 91' lang='lat' dir='ltr'><strong>ut</strong></span> <span class='ocrx_word' id='word_1_75' title='bbox 344 585 494 616; x_wconf 86' lang='lat' dir='ltr'><strong>constat</strong></span> <span class='ocrx_word' id='word_1_76' title='bbox 513 591 559 616; x_wconf 85' lang='lat' dir='ltr'><strong>ex</strong></span> <span class='ocrx_word' id='word_1_77' title='bbox 585 580 772 615; x_wconf 87' lang='lat' dir='ltr'><strong>terminis.</strong></span> <span class='ocrx_word' id='word_1_78' title='bbox 800 580 898 628; x_wconf 89' lang='lat' dir='ltr'><strong>Ergo</strong></span> <span class='ocrx_word' id='word_1_79' title='bbox 929 581 1149 626; x_wconf 81' lang='lat' dir='ltr'><strong>ignorantia</strong></span> <span class='ocrx_word' id='word_1_80' title='bbox 1175 580 1404 616; x_wconf 83' lang='lat' dir='ltr'><strong>antecedens</strong></span> 
     </span>
     <span class='ocr_line' id='line_1_10' title="bbox 119 632 1402 679; baseline 0.001 -12"><span class='ocrx_word' id='word_1_81' title='bbox 119 636 249 668; x_wconf 86' lang='lat' dir='ltr'><strong>causat</strong></span> <span class='ocrx_word' id='word_1_82' title='bbox 264 633 490 679; x_wconf 87' lang='lat' dir='ltr'><strong>simpliciter</strong></span> <span class='ocrx_word' id='word_1_83' title='bbox 510 632 827 668; x_wconf 89' lang='lat' dir='ltr'><strong>involuntarium.</strong></span> <span class='ocrx_word' id='word_1_84' title='bbox 847 633 982 677; x_wconf 89' lang='lat' dir='ltr'><strong>—l-ll,</strong></span> <span class='ocrx_word' id='word_1_85' title='bbox 1006 633 1074 674; x_wconf 92' lang='lat' dir='ltr'><strong>Qu.</strong></span> <span class='ocrx_word' id='word_1_86' title='bbox 1097 633 1156 677; x_wconf 90' lang='lat' dir='ltr'><strong>VI,</strong></span> <span class='ocrx_word' id='word_1_87' title='bbox 1178 632 1402 670; x_wconf 76' lang='lat' dir='ltr'><strong>Artic.V111.</strong></span> 
     </span>
     <span class='ocr_line' id='line_1_11' title="bbox 119 684 1405 731; baseline 0.001 -12"><span class='ocrx_word' id='word_1_88' title='bbox 119 684 340 731; x_wconf 86' lang='lat' dir='ltr'><strong>Ignorantia</strong></span> <span class='ocrx_word' id='word_1_89' title='bbox 354 685 571 721; x_wconf 79' lang='lat' dir='ltr'><strong>antecedens</strong></span> <span class='ocrx_word' id='word_1_90' title='bbox 592 684 732 720; x_wconf 88' lang='lat' dir='ltr'><strong>dieitur</strong></span> <span class='ocrx_word' id='word_1_91' title='bbox 757 685 874 720; x_wconf 89' lang='lat' dir='ltr'><strong>etiam</strong></span> <span class='ocrx_word' id='word_1_92' title='bbox 901 684 1156 729; x_wconf 76' lang='lat' dir='ltr'><strong>invincibilis,</strong></span> <span class='ocrx_word' id='word_1_93' title='bbox 1181 685 1271 731; x_wconf 92' lang='lat' dir='ltr'><strong>quia</strong></span> <span class='ocrx_word' id='word_1_94' title='bbox 1297 684 1405 720; x_wconf 89' lang='lat' dir='ltr'><strong>adhi-</strong></span> 
     </span>
     <span class='ocr_line' id='line_1_12' title="bbox 118 737 1404 784; baseline 0.002 -13"><span class='ocrx_word' id='word_1_95' title='bbox 118 737 207 772; x_wconf 86' lang='lat' dir='ltr'><strong>bitis</strong></span> <span class='ocrx_word' id='word_1_96' title='bbox 227 738 405 773; x_wconf 87' lang='lat' dir='ltr'><strong>omnibus</strong></span> <span class='ocrx_word' id='word_1_97' title='bbox 427 737 565 773; x_wconf 88' lang='lat' dir='ltr'><strong>mediis</strong></span> <span class='ocrx_word' id='word_1_98' title='bbox 582 748 667 784; x_wconf 82' lang='lat' dir='ltr'><strong>quae</strong></span> <span class='ocrx_word' id='word_1_99' title='bbox 695 737 865 773; x_wconf 90' lang='lat' dir='ltr'><strong>humano</strong></span> <span class='ocrx_word' id='word_1_100' title='bbox 892 737 1008 773; x_wconf 92' lang='lat' dir='ltr'><strong>modo</strong></span> <span class='ocrx_word' id='word_1_101' title='bbox 1037 737 1212 773; x_wconf 87' lang='lat' dir='ltr'><strong>adhiberi</strong></span> <span class='ocrx_word' id='word_1_102' title='bbox 1230 742 1404 784; x_wconf 86' lang='lat' dir='ltr'><strong>possunt,</strong></span> 
     </span>
     <span class='ocr_line' id='line_1_13' title="bbox 119 789 1406 837; baseline 0.001 -14"><span class='ocrx_word' id='word_1_103' title='bbox 119 789 255 835; x_wconf 82' lang='lat' dir='ltr'><strong>expelli</strong></span> <span class='ocrx_word' id='word_1_104' title='bbox 276 801 351 825; x_wconf 92' lang='lat' dir='ltr'><strong>non</strong></span> <span class='ocrx_word' id='word_1_105' title='bbox 379 794 525 837; x_wconf 80' lang='lat' dir='ltr'><strong>potest3</strong></span> <span class='ocrx_word' id='word_1_106' title='bbox 545 809 587 816; x_wconf 89' lang='lat'>—</span> <span class='ocrx_word' id='word_1_107' title='bbox 609 789 709 825; x_wconf 88' lang='lat' dir='ltr'><strong>unde</strong></span> <span class='ocrx_word' id='word_1_108' title='bbox 743 801 788 825; x_wconf 87' lang='lat' dir='ltr'><strong>ex</strong></span> <span class='ocrx_word' id='word_1_109' title='bbox 809 790 957 825; x_wconf 88' lang='lat' dir='ltr'><strong>ratione</strong></span> <span class='ocrx_word' id='word_1_110' title='bbox 978 790 1157 836; x_wconf 89' lang='lat' dir='ltr'><strong>opposita</strong></span> <span class='ocrx_word' id='word_1_111' title='bbox 1187 790 1406 837; x_wconf 89' lang='lat' dir='ltr'><strong>ignorantia</strong></span> 
     </span>
     <span class='ocr_line' id='line_1_14' title="bbox 119 841 1405 890; baseline 0 -14"><span class='ocrx_word' id='word_1_112' title='bbox 119 852 342 888; x_wconf 81' lang='lat' dir='ltr'><strong>consequens</strong></span> <span class='ocrx_word' id='word_1_113' title='bbox 360 847 416 878; x_wconf 88' lang='lat' dir='ltr'><strong>est</strong></span> <span class='ocrx_word' id='word_1_114' title='bbox 445 853 595 890; x_wconf 87' lang='lat' dir='ltr'><strong>semper</strong></span> <span class='ocrx_word' id='word_1_115' title='bbox 622 841 834 887; x_wconf 75' lang='lat' dir='ltr'><strong>vincibilis,</strong></span> <span class='ocrx_word' id='word_1_116' title='bbox 854 842 942 877; x_wconf 91' lang='lat' dir='ltr'><strong>talis</strong></span> <span class='ocrx_word' id='word_1_117' title='bbox 972 842 1116 878; x_wconf 83' lang='lat' dir='ltr'><strong>scilicet</strong></span> <span class='ocrx_word' id='word_1_118' title='bbox 1151 852 1237 889; x_wconf 79' lang='lat' dir='ltr'><strong>quae</strong></span> <span class='ocrx_word' id='word_1_119' title='bbox 1270 841 1405 888; x_wconf 87' lang='lat' dir='ltr'><strong>expelli</strong></span> 
     </span>
     <span class='ocr_line' id='line_1_15' title="bbox 119 893 1405 940; baseline 0.001 -11"><span class='ocrx_word' id='word_1_120' title='bbox 119 898 257 940; x_wconf 89' lang='lat' dir='ltr'><strong>potest,</strong></span> <span class='ocrx_word' id='word_1_121' title='bbox 281 895 418 930; x_wconf 92' lang='lat' dir='ltr'><strong>mediis</strong></span> <span class='ocrx_word' id='word_1_122' title='bbox 438 895 511 930; x_wconf 91' lang='lat' dir='ltr'><strong>illis</strong></span> <span class='ocrx_word' id='word_1_123' title='bbox 540 893 723 930; x_wconf 88' lang='lat' dir='ltr'><strong>adhibitis</strong></span> <span class='ocrx_word' id='word_1_124' title='bbox 761 905 847 940; x_wconf 84' lang='lat' dir='ltr'><strong>quae</strong></span> <span class='ocrx_word' id='word_1_125' title='bbox 868 894 1038 930; x_wconf 89' lang='lat' dir='ltr'><strong>humano</strong></span> <span class='ocrx_word' id='word_1_126' title='bbox 1077 894 1196 930; x_wconf 90' lang='lat' dir='ltr'><strong>modo</strong></span> <span class='ocrx_word' id='word_1_127' title='bbox 1232 893 1405 930; x_wconf 85' lang='lat' dir='ltr'><strong>adhiberi</strong></span> 
     </span>
     <span class='ocr_line' id='line_1_16' title="bbox 120 948 508 993; baseline 0.003 -11"><span class='ocrx_word' id='word_1_128' title='bbox 120 952 335 992; x_wconf 88' lang='lat' dir='ltr'><strong>possunt,et</strong></span> <span class='ocrx_word' id='word_1_129' title='bbox 356 948 508 993; x_wconf 89' lang='lat' dir='ltr'><strong>debent,</strong></span> 
     </span>
    </p>

    <p class='ocr_par' dir='ltr' id='par_1_3' title="bbox 120 999 1411 1831">
     <span class='ocr_line' id='line_1_17' title="bbox 164 999 1406 1047; baseline 0.001 -13"><span class='ocrx_word' id='word_1_130' title='bbox 164 999 242 1034; x_wconf 87' lang='lat' dir='ltr'><strong>VII.</strong></span> <span class='ocrx_word' id='word_1_131' title='bbox 263 1000 696 1046; x_wconf 80' lang='lat' dir='ltr'><strong>Quaestioaltera.Atqui</strong></span> <span class='ocrx_word' id='word_1_132' title='bbox 715 1000 920 1046; x_wconf 71' lang='lat' dir='ltr'><strong>quaestioni</strong></span> <span class='ocrx_word' id='word_1_133' title='bbox 936 999 981 1035; x_wconf 90' lang='lat' dir='ltr'><strong>de</strong></span> <span class='ocrx_word' id='word_1_134' title='bbox 996 1000 1214 1047; x_wconf 87' lang='lat' dir='ltr'><strong>ignorantia</strong></span> <span class='ocrx_word' id='word_1_135' title='bbox 1230 1003 1406 1046; x_wconf 90' lang='lat' dir='ltr'><strong>respectu</strong></span> 
     </span>
     <span class='ocr_line' id='line_1_18' title="bbox 120 1050 1406 1098; baseline 0.001 -13"><span class='ocrx_word' id='word_1_136' title='bbox 120 1056 274 1086; x_wconf 87' lang='lat' dir='ltr'><strong>actuum</strong></span> <span class='ocrx_word' id='word_1_137' title='bbox 294 1052 502 1087; x_wconf 91' lang='lat' dir='ltr'><strong>voluntatis</strong></span> <span class='ocrx_word' id='word_1_138' title='bbox 521 1052 760 1088; x_wconf 91' lang='lat' dir='ltr'><strong>strictissime</strong></span> <span class='ocrx_word' id='word_1_139' title='bbox 779 1053 1018 1088; x_wconf 85' lang='lat' dir='ltr'><strong>connectitur</strong></span> <span class='ocrx_word' id='word_1_140' title='bbox 1038 1052 1202 1098; x_wconf 86' lang='lat' dir='ltr'><strong>quaestio</strong></span> <span class='ocrx_word' id='word_1_141' title='bbox 1222 1051 1343 1087; x_wconf 89' lang='lat' dir='ltr'><strong>altera</strong></span> <span class='ocrx_word' id='word_1_142' title='bbox 1360 1050 1406 1086; x_wconf 92' lang='lat' dir='ltr'><strong>de</strong></span> 
     </span>
     <span class='ocr_line' id='line_1_19' title="bbox 120 1104 1407 1152; baseline 0.001 -14"><span class='ocrx_word' id='word_1_143' title='bbox 120 1114 257 1147; x_wconf 77' lang='lat' dir='ltr'><strong>errore,</strong></span> <span class='ocrx_word' id='word_1_144' title='bbox 280 1104 345 1150; x_wconf 90' lang='lat' dir='ltr'><strong>qui</strong></span> <span class='ocrx_word' id='word_1_145' title='bbox 363 1108 418 1139; x_wconf 89' lang='lat' dir='ltr'><strong>est</strong></span> <span class='ocrx_word' id='word_1_146' title='bbox 437 1105 581 1151; x_wconf 91' lang='lat' dir='ltr'><strong>species</strong></span> <span class='ocrx_word' id='word_1_147' title='bbox 608 1104 787 1151; x_wconf 79' lang='lat' dir='ltr'><strong>quaedam</strong></span> <span class='ocrx_word' id='word_1_148' title='bbox 814 1104 1044 1152; x_wconf 81' lang='lat' dir='ltr'><strong>ignorantiae</strong></span> <span class='ocrx_word' id='word_1_149' title='bbox 1065 1109 1163 1139; x_wconf 87' lang='lat' dir='ltr'><strong>etex</strong></span> <span class='ocrx_word' id='word_1_150' title='bbox 1187 1104 1407 1151; x_wconf 87' lang='lat' dir='ltr'><strong>ignorantia</strong></span> 
     </span>
     <span class='ocr_line' id='line_1_20' title="bbox 121 1155 1407 1204; baseline 0 -13"><span class='ocrx_word' id='word_1_151' title='bbox 121 1155 292 1201; x_wconf 85' lang='lat' dir='ltr'><strong>procedit</strong></span> <span class='ocrx_word' id='word_1_152' title='bbox 313 1157 366 1202; x_wconf 89' lang='lat' dir='ltr'><strong>(L.</strong></span> <span class='ocrx_word' id='word_1_153' title='bbox 405 1158 450 1192; x_wconf 83' lang='lat'><strong>40</strong></span> <span class='ocrx_word' id='word_1_154' title='bbox 476 1157 569 1202; x_wconf 88' lang='lat' dir='ltr'><strong>VII).</strong></span> <span class='ocrx_word' id='word_1_155' title='bbox 611 1157 658 1192; x_wconf 89' lang='lat' dir='ltr'><strong>Ut</strong></span> <span class='ocrx_word' id='word_1_156' title='bbox 684 1162 812 1192; x_wconf 89' lang='lat' dir='ltr'><strong>autem</strong></span> <span class='ocrx_word' id='word_1_157' title='bbox 851 1157 1089 1204; x_wconf 88' lang='lat' dir='ltr'><strong>intelligatur</strong></span> <span class='ocrx_word' id='word_1_158' title='bbox 1113 1167 1246 1192; x_wconf 92' lang='lat' dir='ltr'><strong>sensus</strong></span> <span class='ocrx_word' id='word_1_159' title='bbox 1284 1166 1407 1202; x_wconf 83' lang='lat' dir='ltr'><strong>quaes-</strong></span> 
     </span>
     <span class='ocr_line' id='line_1_21' title="bbox 123 1208 1407 1256; baseline 0.002 -14"><span class='ocrx_word' id='word_1_160' title='bbox 123 1209 250 1253; x_wconf 90' lang='lat' dir='ltr'><strong>tionis,</strong></span> <span class='ocrx_word' id='word_1_161' title='bbox 288 1209 534 1245; x_wconf 88' lang='lat' dir='ltr'><strong>recolendum</strong></span> <span class='ocrx_word' id='word_1_162' title='bbox 573 1214 629 1245; x_wconf 91' lang='lat' dir='ltr'><strong>est</strong></span> <span class='ocrx_word' id='word_1_163' title='bbox 661 1209 764 1255; x_wconf 93' lang='lat' dir='ltr'><strong>quod</strong></span> <span class='ocrx_word' id='word_1_164' title='bbox 793 1210 970 1245; x_wconf 88' lang='lat' dir='ltr'><strong>voluntas</strong></span> <span class='ocrx_word' id='word_1_165' title='bbox 1011 1210 1187 1256; x_wconf 90' lang='lat' dir='ltr'><strong>sequitur</strong></span> <span class='ocrx_word' id='word_1_166' title='bbox 1216 1208 1407 1255; x_wconf 86' lang='lat' dir='ltr'><strong>judicium</strong></span> 
     </span>
     <span class='ocr_line' id='line_1_22' title="bbox 121 1261 1406 1297; baseline 0.001 -2"><span class='ocrx_word' id='word_1_167' title='bbox 121 1261 281 1296; x_wconf 90' lang='lat' dir='ltr'><strong>rationis</strong></span> <span class='ocrx_word' id='word_1_168' title='bbox 302 1262 401 1297; x_wconf 89' lang='lat' dir='ltr'><strong>eirca</strong></span> <span class='ocrx_word' id='word_1_169' title='bbox 421 1262 635 1297; x_wconf 89' lang='lat' dir='ltr'><strong>bonitatem</strong></span> <span class='ocrx_word' id='word_1_170' title='bbox 654 1262 714 1297; x_wconf 87' lang='lat' dir='ltr'><strong>vel</strong></span> <span class='ocrx_word' id='word_1_171' title='bbox 732 1262 920 1297; x_wconf 90' lang='lat' dir='ltr'><strong>malitiam</strong></span> <span class='ocrx_word' id='word_1_172' title='bbox 943 1262 1128 1297; x_wconf 87' lang='lat' dir='ltr'><strong>actionis:</strong></span> <span class='ocrx_word' id='word_1_173' title='bbox 1159 1262 1256 1297; x_wconf 92' lang='lat' dir='ltr'><strong>ratio</strong></span> <span class='ocrx_word' id='word_1_174' title='bbox 1278 1265 1406 1297; x_wconf 90' lang='lat' dir='ltr'><strong>autem</strong></span> 
     </span>
     <span class='ocr_line' id='line_1_23' title="bbox 121 1313 1408 1361; baseline 0.002 -14"><span class='ocrx_word' id='word_1_175' title='bbox 121 1314 159 1347; x_wconf 92' lang='lat' dir='ltr'><strong>in</strong></span> <span class='ocrx_word' id='word_1_176' title='bbox 176 1314 286 1349; x_wconf 85' lang='lat' dir='ltr'><strong>nobis</strong></span> <span class='ocrx_word' id='word_1_177' title='bbox 306 1314 384 1349; x_wconf 91' lang='lat' dir='ltr'><strong>salli</strong></span> <span class='ocrx_word' id='word_1_178' title='bbox 410 1318 548 1361; x_wconf 87' lang='lat' dir='ltr'><strong>potest,</strong></span> <span class='ocrx_word' id='word_1_179' title='bbox 567 1319 603 1350; x_wconf 89' lang='lat' dir='ltr'><strong>et</strong></span> <span class='ocrx_word' id='word_1_180' title='bbox 629 1318 909 1360; x_wconf 87' lang='lat' dir='ltr'><strong>consequenter</strong></span> <span class='ocrx_word' id='word_1_181' title='bbox 942 1314 1115 1360; x_wconf 87' lang='lat' dir='ltr'><strong>judicare</strong></span> <span class='ocrx_word' id='word_1_182' title='bbox 1147 1313 1291 1360; x_wconf 89' lang='lat' dir='ltr'><strong>aliquid</strong></span> <span class='ocrx_word' id='word_1_183' title='bbox 1327 1324 1408 1349; x_wconf 90' lang='lat' dir='ltr'><strong>esse</strong></span> 
     </span>
     <span class='ocr_line' id='line_1_24' title="bbox 123 1365 1408 1413; baseline 0.001 -13"><span class='ocrx_word' id='word_1_184' title='bbox 123 1365 338 1401; x_wconf 83' lang='lat' dir='ltr'><strong>faciendum</strong></span> <span class='ocrx_word' id='word_1_185' title='bbox 377 1366 479 1412; x_wconf 90' lang='lat' dir='ltr'><strong>quod</strong></span> <span class='ocrx_word' id='word_1_186' title='bbox 528 1377 604 1402; x_wconf 93' lang='lat' dir='ltr'><strong>non</strong></span> <span class='ocrx_word' id='word_1_187' title='bbox 650 1366 761 1402; x_wconf 88' lang='lat' dir='ltr'><strong>debet</strong></span> <span class='ocrx_word' id='word_1_188' title='bbox 799 1367 895 1411; x_wconf 84' lang='lat' dir='ltr'><strong>fieri,</strong></span> <span class='ocrx_word' id='word_1_189' title='bbox 937 1367 996 1402; x_wconf 83' lang='lat' dir='ltr'><strong>vel</strong></span> <span class='ocrx_word' id='word_1_190' title='bbox 1033 1366 1178 1413; x_wconf 90' lang='lat' dir='ltr'><strong>aliquid</strong></span> <span class='ocrx_word' id='word_1_191' title='bbox 1213 1377 1290 1401; x_wconf 90' lang='lat' dir='ltr'><strong>non</strong></span> <span class='ocrx_word' id='word_1_192' title='bbox 1327 1376 1408 1402; x_wconf 87' lang='lat' dir='ltr'><strong>esse</strong></span> 
     </span>
     <span class='ocr_line' id='line_1_25' title="bbox 123 1417 1409 1465; baseline 0 -12"><span class='ocrx_word' id='word_1_193' title='bbox 123 1417 353 1462; x_wconf 83' lang='lat' dir='ltr'><strong>faciendum,</strong></span> <span class='ocrx_word' id='word_1_194' title='bbox 391 1419 493 1465; x_wconf 91' lang='lat' dir='ltr'><strong>quod</strong></span> <span class='ocrx_word' id='word_1_195' title='bbox 525 1423 652 1454; x_wconf 85' lang='lat' dir='ltr'><strong>tamen</strong></span> <span class='ocrx_word' id='word_1_196' title='bbox 685 1419 767 1454; x_wconf 87' lang='lat' dir='ltr'><strong>fieri</strong></span> <span class='ocrx_word' id='word_1_197' title='bbox 807 1419 1005 1454; x_wconf 84' lang='lat' dir='ltr'><strong>moraliter</strong></span> <span class='ocrx_word' id='word_1_198' title='bbox 1039 1423 1180 1465; x_wconf 84' lang='lat' dir='ltr'><strong>potest.</strong></span> <span class='ocrx_word' id='word_1_199' title='bbox 1217 1419 1409 1460; x_wconf 86' lang='lat' dir='ltr'><strong>Quaeritur</strong></span> 
     </span>
     <span class='ocr_line' id='line_1_26' title="bbox 124 1471 1410 1518; baseline 0.002 -14"><span class='ocrx_word' id='word_1_200' title='bbox 124 1480 214 1516; x_wconf 89' lang='lat' dir='ltr'><strong>ergo</strong></span> <span class='ocrx_word' id='word_1_201' title='bbox 235 1475 364 1505; x_wconf 89' lang='lat' dir='ltr'><strong>utrum</strong></span> <span class='ocrx_word' id='word_1_202' title='bbox 399 1471 577 1507; x_wconf 85' lang='lat' dir='ltr'><strong>voluntas</strong></span> <span class='ocrx_word' id='word_1_203' title='bbox 613 1472 666 1506; x_wconf 89' lang='lat' dir='ltr'><strong>ita</strong></span> <span class='ocrx_word' id='word_1_204' title='bbox 701 1474 878 1506; x_wconf 88' lang='lat' dir='ltr'><strong>teneatur</strong></span> <span class='ocrx_word' id='word_1_205' title='bbox 904 1471 1012 1518; x_wconf 90' lang='lat' dir='ltr'><strong>sequi</strong></span> <span class='ocrx_word' id='word_1_206' title='bbox 1033 1472 1222 1507; x_wconf 91' lang='lat' dir='ltr'><strong>rationem</strong></span> <span class='ocrx_word' id='word_1_207' title='bbox 1258 1475 1314 1516; x_wconf 90' lang='lat' dir='ltr'><strong>ut,</strong></span> <span class='ocrx_word' id='word_1_208' title='bbox 1336 1471 1367 1506; x_wconf 90' lang='lat' dir='ltr'><strong>si</strong></span> <span class='ocrx_word' id='word_1_209' title='bbox 1387 1481 1410 1507; x_wconf 86' lang='lat' dir='ltr'><strong>a</strong></span> 
     </span>
     <span class='ocr_line' id='line_1_27' title="bbox 124 1522 1411 1566; baseline 0.002 -10"><span class='ocrx_word' id='word_1_210' title='bbox 124 1522 270 1557; x_wconf 90' lang='lat' dir='ltr'><strong>ratione</strong></span> <span class='ocrx_word' id='word_1_211' title='bbox 291 1523 367 1558; x_wconf 88' lang='lat' dir='ltr'><strong>sive</strong></span> <span class='ocrx_word' id='word_1_212' title='bbox 385 1528 488 1559; x_wconf 86' lang='lat' dir='ltr'><strong>recta</strong></span> <span class='ocrx_word' id='word_1_213' title='bbox 509 1524 586 1559; x_wconf 88' lang='lat' dir='ltr'><strong>sive</strong></span> <span class='ocrx_word' id='word_1_214' title='bbox 619 1527 769 1558; x_wconf 88' lang='lat' dir='ltr'><strong>errante</strong></span> <span class='ocrx_word' id='word_1_215' title='bbox 788 1523 990 1566; x_wconf 79' lang='lat' dir='ltr'><strong>discordet,</strong></span> <span class='ocrx_word' id='word_1_216' title='bbox 1010 1524 1059 1559; x_wconf 91' lang='lat' dir='ltr'><strong>sit</strong></span> <span class='ocrx_word' id='word_1_217' title='bbox 1082 1523 1183 1559; x_wconf 91' lang='lat' dir='ltr'><strong>mala</strong></span> <span class='ocrx_word' id='word_1_218' title='bbox 1212 1523 1411 1559; x_wconf 89' lang='lat' dir='ltr'><strong>moraliter</strong></span> 
     </span>
     <span class='ocr_line' id='line_1_28' title="bbox 123 1575 1408 1622; baseline 0.001 -13"><span class='ocrx_word' id='word_1_219' title='bbox 123 1578 161 1609; x_wconf 87' lang='lat' dir='ltr'><strong>et</strong></span> <span class='ocrx_word' id='word_1_220' title='bbox 177 1579 453 1621; x_wconf 88' lang='lat' dir='ltr'><strong>consequenter</strong></span> <span class='ocrx_word' id='word_1_221' title='bbox 466 1576 686 1622; x_wconf 90' lang='lat' dir='ltr'><strong>culpabilis:</strong></span> <span class='ocrx_word' id='word_1_222' title='bbox 702 1575 817 1621; x_wconf 92' lang='lat' dir='ltr'><strong>quod,</strong></span> <span class='ocrx_word' id='word_1_223' title='bbox 839 1580 881 1610; x_wconf 90' lang='lat' dir='ltr'><strong>ut</strong></span> <span class='ocrx_word' id='word_1_224' title='bbox 900 1576 1101 1622; x_wconf 81' lang='lat' dir='ltr'><strong>Angelicus</strong></span> <span class='ocrx_word' id='word_1_225' title='bbox 1121 1576 1265 1622; x_wconf 91' lang='lat' dir='ltr'><strong>optime</strong></span> <span class='ocrx_word' id='word_1_226' title='bbox 1286 1580 1408 1619; x_wconf 91' lang='lat' dir='ltr'><strong>notat,</strong></span> 
     </span>
     <span class='ocr_line' id='line_1_29' title="bbox 124 1625 1408 1674; baseline 0.002 -13"><span class='ocrx_word' id='word_1_227' title='bbox 124 1625 226 1661; x_wconf 89' lang='lat' dir='ltr'><strong>idem</strong></span> <span class='ocrx_word' id='word_1_228' title='bbox 244 1631 300 1662; x_wconf 77' lang='lat' dir='ltr'><strong>est</strong></span> <span class='ocrx_word' id='word_1_229' title='bbox 319 1638 362 1663; x_wconf 82' lang='lat' dir='ltr'><strong>ae</strong></span> <span class='ocrx_word' id='word_1_230' title='bbox 381 1638 552 1673; x_wconf 78' lang='lat' dir='ltr'><strong>quaerere</strong></span> <span class='ocrx_word' id='word_1_231' title='bbox 572 1632 702 1662; x_wconf 90' lang='lat' dir='ltr'><strong>utrum</strong></span> <span class='ocrx_word' id='word_1_232' title='bbox 732 1628 963 1663; x_wconf 87' lang='lat' dir='ltr'><strong>conscientia</strong></span> <span class='ocrx_word' id='word_1_233' title='bbox 982 1639 1115 1663; x_wconf 93' lang='lat' dir='ltr'><strong>errans</strong></span> <span class='ocrx_word' id='word_1_234' title='bbox 1136 1628 1278 1674; x_wconf 89' lang='lat' dir='ltr'><strong>obliget</strong></span> <span class='ocrx_word' id='word_1_235' title='bbox 1293 1638 1302 1672; x_wconf 84' lang='lat'>;</span> <span class='ocrx_word' id='word_1_236' title='bbox 1318 1638 1408 1663; x_wconf 89' lang='lat' dir='ltr'><strong>nam</strong></span> 
     </span>
     <span class='ocr_line' id='line_1_30' title="bbox 124 1679 1408 1726; baseline 0.002 -12"><span class='ocrx_word' id='word_1_237' title='bbox 124 1679 359 1714; x_wconf 88' lang='lat' dir='ltr'><strong>conscientia</strong></span> <span class='ocrx_word' id='word_1_238' title='bbox 377 1680 576 1716; x_wconf 89' lang='lat' dir='ltr'><strong>moraliter</strong></span> <span class='ocrx_word' id='word_1_239' title='bbox 606 1684 761 1726; x_wconf 88' lang='lat' dir='ltr'><strong>sumpta</strong></span> <span class='ocrx_word' id='word_1_240' title='bbox 783 1691 860 1715; x_wconf 91' lang='lat' dir='ltr'><strong>non</strong></span> <span class='ocrx_word' id='word_1_241' title='bbox 880 1684 938 1715; x_wconf 89' lang='lat' dir='ltr'><strong>est</strong></span> <span class='ocrx_word' id='word_1_242' title='bbox 955 1679 1059 1715; x_wconf 91' lang='lat' dir='ltr'><strong>aliud</strong></span> <span class='ocrx_word' id='word_1_243' title='bbox 1077 1690 1192 1726; x_wconf 89' lang='lat' dir='ltr'><strong>quam</strong></span> <span class='ocrx_word' id='word_1_244' title='bbox 1216 1680 1408 1716; x_wconf 84' lang='lat' dir='ltr'><strong>dictamen</strong></span> 
     </span>
     <span class='ocr_line' id='line_1_31' title="bbox 125 1731 1410 1779; baseline 0.002 -14"><span class='ocrx_word' id='word_1_245' title='bbox 125 1731 299 1776; x_wconf 89' lang='lat' dir='ltr'><strong>rationis,</strong></span> <span class='ocrx_word' id='word_1_246' title='bbox 319 1743 386 1767; x_wconf 91' lang='lat' dir='ltr'><strong>seu</strong></span> <span class='ocrx_word' id='word_1_247' title='bbox 413 1732 620 1779; x_wconf 89' lang='lat' dir='ltr'><strong>applicatio</strong></span> <span class='ocrx_word' id='word_1_248' title='bbox 643 1732 814 1768; x_wconf 86' lang='lat' dir='ltr'><strong>scientiae</strong></span> <span class='ocrx_word' id='word_1_249' title='bbox 836 1732 883 1768; x_wconf 90' lang='lat' dir='ltr'><strong>ad</strong></span> <span class='ocrx_word' id='word_1_250' title='bbox 905 1732 1117 1779; x_wconf 88' lang='lat' dir='ltr'><strong>peculiares</strong></span> <span class='ocrx_word' id='word_1_251' title='bbox 1144 1732 1233 1768; x_wconf 79' lang='lat' dir='ltr'><strong>vitae</strong></span> <span class='ocrx_word' id='word_1_252' title='bbox 1253 1732 1410 1768; x_wconf 90' lang='lat' dir='ltr'><strong>moralis</strong></span> 
     </span>
     <span class='ocr_line' id='line_1_32' title="bbox 125 1784 1314 1831; baseline 0.001 -12"><span class='ocrx_word' id='word_1_253' title='bbox 125 1788 247 1828; x_wconf 82' lang='lat' dir='ltr'><strong>actus,</strong></span> <span class='ocrx_word' id='word_1_254' title='bbox 269 1788 311 1819; x_wconf 90' lang='lat' dir='ltr'><strong>ut</strong></span> <span class='ocrx_word' id='word_1_255' title='bbox 332 1784 477 1820; x_wconf 90' lang='lat' dir='ltr'><strong>dictum</strong></span> <span class='ocrx_word' id='word_1_256' title='bbox 495 1789 554 1820; x_wconf 88' lang='lat' dir='ltr'><strong>est</strong></span> <span class='ocrx_word' id='word_1_257' title='bbox 575 1786 647 1829; x_wconf 87' lang='lat'><strong>(13,</strong></span> <span class='ocrx_word' id='word_1_258' title='bbox 670 1785 732 1831; x_wconf 89' lang='lat' dir='ltr'><strong>ll).</strong></span> <span class='ocrx_word' id='word_1_259' title='bbox 762 1785 829 1820; x_wconf 89' lang='lat' dir='ltr'><strong>Cui</strong></span> <span class='ocrx_word' id='word_1_260' title='bbox 851 1785 1057 1830; x_wconf 78' lang='lat' dir='ltr'><strong>quaestioni</strong></span> <span class='ocrx_word' id='word_1_261' title='bbox 1078 1784 1314 1831; x_wconf 85' lang='lat' dir='ltr'><strong>respondeo:</strong></span> 
     </span>
    </p>

    <p class='ocr_par' dir='ltr' id='par_1_4' title="bbox 124 1836 1413 2416">
     <span class='ocr_line' id='line_1_33' title="bbox 170 1836 1411 1874; baseline 0.002 -3"><span class='ocrx_word' id='word_1_262' title='bbox 170 1836 468 1872; x_wconf 82' lang='lat' dir='ltr'><strong>V111.Voluntas</strong></span> <span class='ocrx_word' id='word_1_263' title='bbox 485 1838 709 1874; x_wconf 88' lang='lat' dir='ltr'><strong>discordans</strong></span> <span class='ocrx_word' id='word_1_264' title='bbox 729 1847 751 1873; x_wconf 89' lang='lat' dir='ltr'><strong>a</strong></span> <span class='ocrx_word' id='word_1_265' title='bbox 770 1838 923 1873; x_wconf 83' lang='lat' dir='ltr'><strong>ratione</strong></span> <span class='ocrx_word' id='word_1_266' title='bbox 942 1837 1024 1873; x_wconf 86' lang='lat' dir='ltr'><strong>sive</strong></span> <span class='ocrx_word' id='word_1_267' title='bbox 1037 1840 1146 1873; x_wconf 83' lang='lat' dir='ltr'><strong>recta</strong></span> <span class='ocrx_word' id='word_1_268' title='bbox 1157 1838 1238 1873; x_wconf 87' lang='lat' dir='ltr'><strong>sive</strong></span> <span class='ocrx_word' id='word_1_269' title='bbox 1255 1840 1411 1873; x_wconf 85' lang='lat' dir='ltr'><strong>errante</strong></span> 
     </span>
     <span class='ocr_line' id='line_1_34' title="bbox 125 1890 1410 1937; baseline 0 -12"><span class='ocrx_word' id='word_1_270' title='bbox 125 1899 274 1934; x_wconf 87' lang='lat' dir='ltr'><strong>semper</strong></span> <span class='ocrx_word' id='word_1_271' title='bbox 290 1893 350 1925; x_wconf 85' lang='lat' dir='ltr'><strong>est</strong></span> <span class='ocrx_word' id='word_1_272' title='bbox 377 1891 578 1926; x_wconf 85' lang='lat' dir='ltr'><strong>moraliter</strong></span> <span class='ocrx_word' id='word_1_273' title='bbox 603 1891 717 1926; x_wconf 89' lang='lat' dir='ltr'><strong>mala.</strong></span> <span class='ocrx_word' id='word_1_274' title='bbox 742 1890 944 1925; x_wconf 86' lang='lat' dir='ltr'><strong>Probatur.</strong></span> <span class='ocrx_word' id='word_1_275' title='bbox 966 1890 1018 1925; x_wconf 88' lang='lat' dir='ltr'><strong>De</strong></span> <span class='ocrx_word' id='word_1_276' title='bbox 1042 1890 1190 1925; x_wconf 88' lang='lat' dir='ltr'><strong>ratione</strong></span> <span class='ocrx_word' id='word_1_277' title='bbox 1216 1891 1410 1937; x_wconf 86' lang='lat' dir='ltr'><strong>appetitus</strong></span> 
     </span>
     <span class='ocr_line' id='line_1_35' title="bbox 129 1942 1411 1988; baseline 0.002 -13"><span class='ocrx_word' id='word_1_278' title='bbox 129 1946 209 1975; x_wconf 89' lang='lat' dir='ltr'><strong>tum</strong></span> <span class='ocrx_word' id='word_1_279' title='bbox 230 1942 402 1977; x_wconf 89' lang='lat' dir='ltr'><strong>sensitivi</strong></span> <span class='ocrx_word' id='word_1_280' title='bbox 418 1946 501 1977; x_wconf 92' lang='lat' dir='ltr'><strong>tum</strong></span> <span class='ocrx_word' id='word_1_281' title='bbox 517 1942 738 1978; x_wconf 90' lang='lat' dir='ltr'><strong>intellectivi</strong></span> <span class='ocrx_word' id='word_1_282' title='bbox 756 1945 812 1977; x_wconf 89' lang='lat' dir='ltr'><strong>est</strong></span> <span class='ocrx_word' id='word_1_283' title='bbox 832 1946 875 1976; x_wconf 93' lang='lat' dir='ltr'><strong>ut</strong></span> <span class='ocrx_word' id='word_1_284' title='bbox 895 1942 1040 1977; x_wconf 87' lang='lat' dir='ltr'><strong>feratur</strong></span> <span class='ocrx_word' id='word_1_285' title='bbox 1063 1942 1101 1977; x_wconf 92' lang='lat' dir='ltr'><strong>in</strong></span> <span class='ocrx_word' id='word_1_286' title='bbox 1119 1942 1313 1988; x_wconf 82' lang='lat' dir='ltr'><strong>objectum</strong></span> <span class='ocrx_word' id='word_1_287' title='bbox 1333 1953 1411 1978; x_wconf 91' lang='lat' dir='ltr'><strong>non</strong></span> 
     </span>
     <span class='ocr_line' id='line_1_36' title="bbox 126 1993 1410 2042; baseline 0.001 -14"><span class='ocrx_word' id='word_1_288' title='bbox 126 1994 254 2039; x_wconf 90' lang='lat' dir='ltr'><strong>prouti</strong></span> <span class='ocrx_word' id='word_1_289' title='bbox 273 1999 329 2030; x_wconf 84' lang='lat' dir='ltr'><strong>est</strong></span> <span class='ocrx_word' id='word_1_290' title='bbox 343 1994 381 2029; x_wconf 90' lang='lat' dir='ltr'><strong>in</strong></span> <span class='ocrx_word' id='word_1_291' title='bbox 401 2005 440 2030; x_wconf 90' lang='lat' dir='ltr'><strong>se</strong></span> <span class='ocrx_word' id='word_1_292' title='bbox 460 1998 497 2030; x_wconf 91' lang='lat' dir='ltr'><strong>et</strong></span> <span class='ocrx_word' id='word_1_293' title='bbox 518 2005 539 2030; x_wconf 91' lang='lat' dir='ltr'><strong>a</strong></span> <span class='ocrx_word' id='word_1_294' title='bbox 558 1999 667 2040; x_wconf 89' lang='lat' dir='ltr'><strong>parte</strong></span> <span class='ocrx_word' id='word_1_295' title='bbox 685 1995 752 2039; x_wconf 89' lang='lat' dir='ltr'><strong>rei,</strong></span> <span class='ocrx_word' id='word_1_296' title='bbox 775 1993 840 2029; x_wconf 90' lang='lat' dir='ltr'><strong>sed</strong></span> <span class='ocrx_word' id='word_1_297' title='bbox 858 1994 1131 2040; x_wconf 87' lang='lat' dir='ltr'><strong>reduplicative</strong></span> <span class='ocrx_word' id='word_1_298' title='bbox 1151 1999 1193 2029; x_wconf 92' lang='lat' dir='ltr'><strong>ut</strong></span> <span class='ocrx_word' id='word_1_299' title='bbox 1212 1995 1410 2042; x_wconf 85' lang='lat' dir='ltr'><strong>cognitum</strong></span> 
     </span>
     <span class='ocr_line' id='line_1_37' title="bbox 126 2046 1411 2093; baseline 0.001 -12"><span class='ocrx_word' id='word_1_300' title='bbox 126 2046 200 2091; x_wconf 89' lang='lat' dir='ltr'><strong>(Ps.</strong></span> <span class='ocrx_word' id='word_1_301' title='bbox 221 2047 279 2090; x_wconf 81' lang='lat'><strong>48,</strong></span> <span class='ocrx_word' id='word_1_302' title='bbox 301 2047 344 2088; x_wconf 90' lang='lat' dir='ltr'><strong>l).</strong></span> <span class='ocrx_word' id='word_1_303' title='bbox 363 2047 461 2093; x_wconf 87' lang='lat' dir='ltr'><strong>Ergo</strong></span> <span class='ocrx_word' id='word_1_304' title='bbox 482 2047 511 2081; x_wconf 93' lang='lat' dir='ltr'><strong>si</strong></span> <span class='ocrx_word' id='word_1_305' title='bbox 534 2047 631 2082; x_wconf 85' lang='lat' dir='ltr'><strong>ratio</strong></span> <span class='ocrx_word' id='word_1_306' title='bbox 652 2057 718 2082; x_wconf 92' lang='lat' dir='ltr'><strong>seu</strong></span> <span class='ocrx_word' id='word_1_307' title='bbox 752 2047 988 2082; x_wconf 88' lang='lat' dir='ltr'><strong>conscientia</strong></span> <span class='ocrx_word' id='word_1_308' title='bbox 1025 2051 1089 2081; x_wconf 87' lang='lat' dir='ltr'><strong>aut</strong></span> <span class='ocrx_word' id='word_1_309' title='bbox 1111 2050 1211 2082; x_wconf 88' lang='lat' dir='ltr'><strong>recte</strong></span> <span class='ocrx_word' id='word_1_310' title='bbox 1229 2051 1294 2082; x_wconf 89' lang='lat' dir='ltr'><strong>aut</strong></span> <span class='ocrx_word' id='word_1_311' title='bbox 1315 2046 1411 2082; x_wconf 90' lang='lat' dir='ltr'><strong>falso</strong></span> 
     </span>
     <span class='ocr_line' id='line_1_38' title="bbox 124 2097 1411 2144; baseline 0.001 -11"><span class='ocrx_word' id='word_1_312' title='bbox 124 2097 269 2144; x_wconf 80' lang='lat' dir='ltr'><strong>J&#39;udicct</strong></span> <span class='ocrx_word' id='word_1_313' title='bbox 289 2099 458 2144; x_wconf 87' lang='lat' dir='ltr'><strong>aliquam</strong></span> <span class='ocrx_word' id='word_1_314' title='bbox 477 2109 556 2134; x_wconf 89' lang='lat' dir='ltr'><strong>rem</strong></span> <span class='ocrx_word' id='word_1_315' title='bbox 591 2109 671 2135; x_wconf 89' lang='lat' dir='ltr'><strong>esse</strong></span> <span class='ocrx_word' id='word_1_316' title='bbox 692 2099 892 2134; x_wconf 83' lang='lat' dir='ltr'><strong>moraliter</strong></span> <span class='ocrx_word' id='word_1_317' title='bbox 911 2098 1068 2143; x_wconf 90' lang='lat' dir='ltr'><strong>malam,</strong></span> <span class='ocrx_word' id='word_1_318' title='bbox 1090 2104 1127 2134; x_wconf 91' lang='lat' dir='ltr'><strong>et</strong></span> <span class='ocrx_word' id='word_1_319' title='bbox 1160 2098 1411 2134; x_wconf 90' lang='lat' dir='ltr'><strong>nihilominus</strong></span> 
     </span>
     <span class='ocr_line' id='line_1_39' title="bbox 125 2150 1410 2197; baseline 0.002 -13"><span class='ocrx_word' id='word_1_320' title='bbox 125 2150 302 2185; x_wconf 86' lang='lat' dir='ltr'><strong>voluntas</strong></span> <span class='ocrx_word' id='word_1_321' title='bbox 355 2151 393 2185; x_wconf 90' lang='lat' dir='ltr'><strong>in</strong></span> <span class='ocrx_word' id='word_1_322' title='bbox 429 2150 527 2186; x_wconf 88' lang='lat' dir='ltr'><strong>hanc</strong></span> <span class='ocrx_word' id='word_1_323' title='bbox 562 2161 643 2186; x_wconf 90' lang='lat' dir='ltr'><strong>rem</strong></span> <span class='ocrx_word' id='word_1_324' title='bbox 682 2150 827 2186; x_wconf 85' lang='lat' dir='ltr'><strong>feratur</strong></span> <span class='ocrx_word' id='word_1_325' title='bbox 865 2151 1100 2197; x_wconf 91' lang='lat' dir='ltr'><strong>appetitione</strong></span> <span class='ocrx_word' id='word_1_326' title='bbox 1141 2156 1177 2186; x_wconf 92' lang='lat' dir='ltr'><strong>et</strong></span> <span class='ocrx_word' id='word_1_327' title='bbox 1212 2150 1410 2196; x_wconf 87' lang='lat' dir='ltr'><strong>electione,</strong></span> 
     </span>
     <span class='ocr_line' id='line_1_40' title="bbox 125 2208 1411 2253; baseline 0.001 -10"><span class='ocrx_word' id='word_1_328' title='bbox 125 2208 302 2244; x_wconf 87' lang='lat' dir='ltr'><strong>voluntas</strong></span> <span class='ocrx_word' id='word_1_329' title='bbox 331 2208 453 2243; x_wconf 84' lang='lat' dir='ltr'><strong>fertur</strong></span> <span class='ocrx_word' id='word_1_330' title='bbox 472 2209 510 2242; x_wconf 91' lang='lat' dir='ltr'><strong>in</strong></span> <span class='ocrx_word' id='word_1_331' title='bbox 548 2209 694 2244; x_wconf 91' lang='lat' dir='ltr'><strong>malum</strong></span> <span class='ocrx_word' id='word_1_332' title='bbox 715 2208 928 2244; x_wconf 86' lang='lat' dir='ltr'><strong>formaliter</strong></span> <span class='ocrx_word' id='word_1_333' title='bbox 955 2212 997 2243; x_wconf 89' lang='lat' dir='ltr'><strong>ut</strong></span> <span class='ocrx_word' id='word_1_334' title='bbox 1018 2218 1133 2244; x_wconf 89' lang='lat' dir='ltr'><strong>suum</strong></span> <span class='ocrx_word' id='word_1_335' title='bbox 1171 2209 1317 2244; x_wconf 90' lang='lat' dir='ltr'><strong>malum</strong></span> <span class='ocrx_word' id='word_1_336' title='bbox 1337 2213 1411 2253; x_wconf 87' lang='lat' dir='ltr'><strong>est,</strong></span> 
     </span>
     <span class='ocr_line' id='line_1_41' title="bbox 127 2260 1413 2307; baseline 0.001 -12"><span class='ocrx_word' id='word_1_337' title='bbox 127 2271 264 2306; x_wconf 89' lang='lat' dir='ltr'><strong>nempe</strong></span> <span class='ocrx_word' id='word_1_338' title='bbox 284 2265 326 2296; x_wconf 89' lang='lat' dir='ltr'><strong>ut</strong></span> <span class='ocrx_word' id='word_1_339' title='bbox 347 2261 420 2296; x_wconf 86' lang='lat' dir='ltr'><strong>tale</strong></span> <span class='ocrx_word' id='word_1_340' title='bbox 437 2261 649 2307; x_wconf 87' lang='lat' dir='ltr'><strong>cognitum,</strong></span> <span class='ocrx_word' id='word_1_341' title='bbox 672 2262 848 2306; x_wconf 87' lang='lat' dir='ltr'><strong>quamvis</strong></span> <span class='ocrx_word' id='word_1_342' title='bbox 869 2271 891 2296; x_wconf 91' lang='lat' dir='ltr'><strong>a</strong></span> <span class='ocrx_word' id='word_1_343' title='bbox 907 2265 1014 2307; x_wconf 91' lang='lat' dir='ltr'><strong>parte</strong></span> <span class='ocrx_word' id='word_1_344' title='bbox 1033 2261 1087 2296; x_wconf 90' lang='lat' dir='ltr'><strong>rei</strong></span> <span class='ocrx_word' id='word_1_345' title='bbox 1108 2260 1413 2307; x_wconf 87' lang='lat' dir='ltr'><strong>quodjudicatur</strong></span> 
     </span>
     <span class='ocr_line' id='line_1_42' title="bbox 128 2312 1412 2359; baseline -0.002 -11"><span class='ocrx_word' id='word_1_346' title='bbox 128 2312 274 2348; x_wconf 92' lang='lat' dir='ltr'><strong>malum</strong></span> <span class='ocrx_word' id='word_1_347' title='bbox 305 2312 355 2347; x_wconf 88' lang='lat' dir='ltr'><strong>sit</strong></span> <span class='ocrx_word' id='word_1_348' title='bbox 375 2313 520 2348; x_wconf 85' lang='lat' dir='ltr'><strong>bonum</strong></span> <span class='ocrx_word' id='word_1_349' title='bbox 541 2313 792 2348; x_wconf 87' lang='lat' dir='ltr'><strong>materialiter</strong></span> <span class='ocrx_word' id='word_1_350' title='bbox 825 2317 1001 2359; x_wconf 84' lang='lat' dir='ltr'><strong>respectu</strong></span> <span class='ocrx_word' id='word_1_351' title='bbox 1027 2312 1149 2359; x_wconf 88' lang='lat' dir='ltr'><strong>ipsius</strong></span> <span class='ocrx_word' id='word_1_352' title='bbox 1185 2313 1412 2348; x_wconf 80' lang='lat' dir='ltr'><strong>voluntatis.</strong></span> 
     </span>
     <span class='ocr_line' id='line_1_43' title="bbox 126 2365 1413 2416; baseline -0.001 -15"><span class='ocrx_word' id='word_1_353' title='bbox 126 2365 243 2416; x_wconf 39' lang='lat' dir='ltr'><strong>fitqui</strong></span> <span class='ocrx_word' id='word_1_354' title='bbox 262 2365 379 2401; x_wconf 88' lang='lat' dir='ltr'><strong>libere</strong></span> <span class='ocrx_word' id='word_1_355' title='bbox 400 2365 493 2401; x_wconf 88' lang='lat' dir='ltr'><strong>velle</strong></span> <span class='ocrx_word' id='word_1_356' title='bbox 514 2365 660 2401; x_wconf 89' lang='lat' dir='ltr'><strong>malum</strong></span> <span class='ocrx_word' id='word_1_357' title='bbox 680 2369 738 2401; x_wconf 88' lang='lat' dir='ltr'><strong>est</strong></span> <span class='ocrx_word' id='word_1_358' title='bbox 758 2366 857 2401; x_wconf 86' lang='lat' dir='ltr'><strong>actio</strong></span> <span class='ocrx_word' id='word_1_359' title='bbox 881 2365 984 2401; x_wconf 91' lang='lat' dir='ltr'><strong>mala</strong></span> <span class='ocrx_word' id='word_1_360' title='bbox 1002 2365 1201 2401; x_wconf 89' lang='lat' dir='ltr'><strong>moraliter</strong></span> <span class='ocrx_word' id='word_1_361' title='bbox 1219 2369 1258 2400; x_wconf 90' lang='lat' dir='ltr'><strong>et</strong></span> <span class='ocrx_word' id='word_1_362' title='bbox 1285 2365 1413 2412; x_wconf 83' lang='lat' dir='ltr'><strong>culpa-</strong></span> 
     </span>
    </p>
   </div>
  </div>
 </body>
</html>
