1554 2569
431 265 610 313 LIBER
658 265 981 315 SECUNDUS

463 375 517 406 DE
551 375 727 407 ACTIBUS
762 376 949 407 HUMANIS

111 485 307 532 Prologus.
331 487 603 523 Demonstrata
624 488 828 524 existentia
848 488 974 523 ultimi
993 488 1079 524 finis
1099 487 1281 524 humanae
1299 488 1346 523 vi·

66 542 127 583 tae,
144 539 302 586 eJ'usque
323 543 463 576 natura
483 540 693 585 declarata,
709 541 884 589 sequitur
897 545 939 576 ut
959 541 1133 577 dicamus
1149 540 1193 576 de
1215 544 1351 579 natum

65 591 282 628 mediorum
311 593 450 640 quibus
479 593 529 630 ad
555 593 736 630 ultimum
763 595 878 631 finem
910 593 1027 630 homo
1055 595 1237 640 pervenit.
1262 594 1354 636 Quae

65 643 194 680 media
215 648 306 681 sunt
333 646 505 682 actiones
524 646 702 683 humanoe
727 647 774 693 (2,
796 647 837 692 I).
861 647 927 682 Hic
951 650 1095 690 autem,
1114 650 1155 680 ut
1177 646 1246 681 sert
1271 646 1353 692 ipsa

65 700 204 733 natura
223 698 347 734 nostri
374 700 603 745 argumenti,
633 700 842 747 accipimus
871 699 1062 734 humanas
1089 700 1258 734 actiones
1280 708 1354 733 non

65 749 231 796 physice,
253 753 368 797 prout
389 752 428 788 in
450 752 535 787 aliis
560 752 815 799 philosophiae
842 751 1030 799 partibus,
1053 751 1119 788 sed
1141 751 1352 792 moraliter,

66 803 193 849 prouti
222 813 361 850 nempe
389 807 477 840 sunt
502 804 672 841 honestae
698 804 756 841 vel
775 809 920 852 turpes.
951 805 1068 840 Porro
1094 804 1263 839 actiones
1285 803 1354 838 hu-

66 865 192 892 manae
218 857 271 891 sic
296 861 462 904 acceptae
487 857 626 894 debent
653 857 889 894 considerari
917 861 953 893 10
985 858 1026 892 in
1051 857 1188 903 seipsis
1200 868 1214 901 ,·
1244 857 1282 891 20
1314 856 1354 891 in

65 918 195 944 earum
218 909 417 956 principio
440 910 672 955 intrinseco;
697 913 735 946 3ο
757 912 799 946 in
825 911 1038 947 earumdem
1065 910 1265 956 principio
1296 919 1354 945 ex-

9 975 12 977 *
67 960 257 998 trinseeo:
290 966 326 997 et
357 962 457 999 hanc
489 961 716 1000 divisionem
752 963 969 999 naturalem
1007 964 1044 998 in
1081 963 1152 998 hoc
1187 961 1353 998 secundo

65 1012 209 1050 Ethicae
229 1015 339 1051 Libro
361 1016 572 1063 sequimur.

505 1115 670 1155 CAPUT
708 1116 912 1155 PRIMUM

220 1207 271 1237 nn
298 1207 457 1237 Ac‘rmus
485 1208 657 1237 numnis
687 1209 725 1237 m
755 1208 894 1237 smpsrs
925 1206 1198 1237 coxsmnnAris

114 1290 312 1336 Prologus.
332 1292 448 1326 Actus
468 1289 630 1326 humani
647 1290 848 1326 moraliter
866 1289 1098 1326 considerati
1114 1289 1170 1325 vel
1190 1287 1280 1324 boni
1299 1288 1357 1324 vel

67 1342 160 1378 mali
179 1343 359 1379 dicuntur
377 1343 417 1379 in
438 1354 518 1379 esse
538 1344 671 1388 moris,
688 1343 760 1379 hoc
780 1347 836 1379 est
857 1343 1009 1379 honesti
1025 1342 1084 1378 vel
1104 1346 1245 1387 turpes.
1267 1340 1356 1376 Pri-

67 1405 126 1431 mo
139 1405 230 1442 ergo
246 1395 331 1431 loco
349 1396 616 1443 investiganda
630 1400 687 1432 est
701 1395 803 1432 ratio
825 1395 941 1443 hujus
955 1395 1124 1442 vulgaris
1140 1393 1355 1437 divisionis;

67 1450 106 1483 20
131 1448 257 1494 posita
278 1452 408 1484 autem
434 1449 594 1485 veritate
622 1448 735 1495 huJ'us
765 1448 973 1493 divisionis,
998 1459 1018 1484 e
1045 1448 1205 1493 vestigio
1235 1446 1356 1482 oritur

67 1501 230 1547 quaestio
245 1500 291 1537 de
304 1500 460 1538 criterio
474 1501 706 1537 moralitatis
719 1505 874 1538 actuum
893 1501 1170 1536 humanorum.
1186 1499 1356 1546 Denique

69 1554 107 1588 30
141 1552 187 1589 de
215 1553 438 1600 hujusmodi
468 1554 616 1591 actibus
649 1553 912 1590 definiendum
945 1557 1014 1597 est,
1045 1555 1175 1588 utrum
1208 1552 1357 1599 possint

68 1616 150 1642 esse
179 1605 451 1653 indifferentes,
477 1607 544 1655 qui
574 1607 715 1643 scilicet
744 1610 918 1654 expertes
945 1605 1021 1642 sint
1049 1604 1293 1649 moralitatis,
1321 1607 1357 1640 et

68 1661 345 1706 consequenter
364 1658 582 1696 honestatis
607 1663 645 1695 ct
667 1659 918 1706 turpitudinis
944 1658 1117 1694 moralis.
1140 1656 1356 1693 Secundum

69 1715 199 1746 autem
226 1711 431 1748 articulum
455 1712 494 1748 in
522 1712 618 1749 alios
638 1712 933 1756 subdividimus,
954 1715 996 1748 ut
1022 1721 1068 1748 ex
1094 1710 1266 1747 dicendis
1286 1709 1357 1745 erit

69 1764 329 1803 manifestum.

487 1865 740 1902 AnrlcULns
774 1864 942 1900 PRIMUS

688 1948 736 1992 (9)

4 2052 6 2054 »
71 1999 95 2056 ll
228 2025 282 2061 De
303 2024 468 2061 bonitate
486 2029 519 2061 et
536 2024 690 2060 malitia
710 2023 904 2059 actionum
929 2025 1196 2058 humanarum.

118 2124 147 2162 1.
175 2126 226 2162 De
254 2126 429 2162 bonitate
458 2129 498 2162 et
523 2125 674 2161 malitia
699 2125 896 2160 actionum
920 2123 1176 2159 humanarum
1206 2125 1359 2167 oportet

11 2176 23 2215 ’.
72 2179 180 2224 loqui
196 2179 488 2224 proportionata
508 2179 611 2215 sicut.
633 2179 678 2214 de
698 2177 797 2213 hono
817 2181 858 2213 et
877 2178 977 2213 malo
996 2177 1037 2212 in
1056 2176 1184 2212 rebus.
1208 2177 1283 2211 Hoc
1302 2179 1360 2211 est

14 2240 23 2273 ξ
73 2231 305 2279 principium
320 2231 423 2278 quod
440 2241 520 2278 prae
538 2234 665 2267 mente
684 2230 817 2266 haberi
834 2228 945 2265 debet
960 2231 997 2264 et
1016 2228 1120 2276 quod
1140 2229 1175 2264 S.
1192 2227 1359 2264 Thomas

6 2294 18 2326 '.
75 2283 240 2320 inculcat
257 2284 339 2320 1-11.
361 2284 431 2327 Qu.
450 2284 576 2320 XVIII.
598 2283 713 2319 Artic.
735 2283 764 2319 1.
786 2286 828 2317 ut
848 2282 1015 2318 sciamus
1037 2280 1206 2317 radicem
1227 2279 1358 2329 primi-

4 2334 26 2369 *i
76 2336 198 2372 tivum
213 2335 304 2371 boni
325 2339 362 2371 et
389 2336 481 2371 mali
501 2335 606 2383 quod
625 2339 683 2371 est
706 2335 745 2371 in
771 2334 919 2371 actibus
944 2333 1137 2370 humanis.
1161 2333 1206 2368 Et
1230 2343 1360 2369 revera

8 2394 30 2414 ,ἲ

4 2433 32 2470 ρ.

0 2469 47 2569 ἃ

77 2387 117 2425 hi
143 2389 321 2424 entitates
349 2388 529 2435 quaedam
555 2392 657 2426 sunt.
685 2388 782 2424 sicut
810 2390 848 2424 et
871 2397 931 2424 res
960 2389 1110 2428 ceterae.
1141 2385 1244 2421 Sicut
1269 2395 1358 2433 ergo
