1584 2569
381 163 461 191 Αιιτ.
487 164 526 190 ιι.
552 162 597 191 nn
615 163 759 191 omem:
783 163 981 191 soctmns
999 164 1129 192 mvims
1361 155 1429 192 223

147 234 247 284 cipia
263 246 273 280 3
287 234 461 281 sequitur
473 234 577 281 quod
594 236 755 272 societas
766 246 845 271 esse
860 234 996 272 debeat
1009 240 1076 271 aut
1092 246 1189 283 opus
1202 239 1353 272 natura·
1363 241 1429 271 aut

148 298 245 335 opus
264 287 453 323 libertatis
484 287 678 332 humanae,
699 292 976 335 consequenter
1000 292 1067 324 aut
1086 288 1342 325 necessarium
1364 293 1431 324 aut

148 340 325 385 liberum,
346 339 419 375 nisi
439 339 536 375 forte
556 340 626 376 sub
643 339 791 376 diverso
807 339 989 387 adspectu
1009 341 1058 376 sit
1077 344 1283 387 utrumque
1300 340 1427 376 simul.

192 393 239 429 11.
262 393 425 430 Theoi-ia
451 393 558 439 pacti
583 403 652 430 seu
672 396 898 431 contractus
917 394 1085 431 socialis.
1118 393 1355 441 Imaginatus
1375 398 1432 430 est

145 446 353 491 Rousseau,
374 445 550 483 homines
570 446 610 482 in
630 447 778 495 origine
800 446 975 483 libertate
998 446 1180 494 praeditos
1200 446 1264 483 sed
1285 447 1432 483 ratione

146 498 364 543 destitutos,
387 498 506 536 vitam
525 498 735 536 silvestrem
755 510 799 536 ac
823 499 1046 548 solivagam,
1066 510 1173 536 more
1202 500 1427 544 bestiarum,

146 551 314 589 duxisse.
343 552 463 594 Quem
488 552 727 600 primitivum
758 556 901 589 statum
930 551 1133 589 hominum
1157 557 1268 589 vocat
1291 556 1430 588 statum

144 608 308 650 naluroe,
329 608 368 640 et
383 604 491 640 addit
506 615 595 641 eum
610 605 733 653 magis
751 616 832 642 esse
848 605 997 641 homini
1014 608 1326 650 consentaneum,
1342 605 1433 652 quia

146 657 270 705 magis
286 657 384 695 favet
411 657 494 704 ejus
513 657 696 703 libertati,
718 662 755 694 et
775 659 892 695 statui
921 658 1052 695 sociali
1078 669 1122 695 ac
1147 657 1246 695 civili
1275 661 1430 705 antepo-

146 710 329 747 nendum.
367 710 509 747 Tamen
537 715 756 759 temporum
788 710 950 748 decursu
982 715 1020 748 et
1045 711 1205 747 rationis
1236 713 1432 757 compotes

146 763 270 800 effecti
288 763 466 800 homines
491 774 513 799 a
533 767 636 800 statu
653 763 820 800 naturali
839 763 957 800 libere
977 767 1226 808 recesserunt,
1251 772 1295 800 ac
1312 762 1432 799 libero

144 820 344 853 contractu
362 816 420 853 vel
448 820 559 864 pacto
580 817 803 853 societatem
823 817 1004 862 inierunt,
1035 827 1151 863 quam
1176 816 1294 852 libere
1322 825 1430 862 aeque

146 868 289 906 solvere
301 873 462 916 possunt
481 873 519 905 et
533 868 580 906 ad
602 869 818 906 naturalem
837 873 982 906 statum
1002 868 1139 906 redire.
1155 889 1199 896 -
1218 867 1428 916 Spedalieri

145 922 184 958 in
199 932 268 958 suo
281 921 394 958 Libro
409 921 554 958 Diricti
566 921 776 959 dell’Uomo
794 922 1010 958 doctrinam
1025 921 1071 958 de
1086 926 1198 967 pacto
1219 921 1361 962 sociali
1383 920 1430 957 ad

145 974 453 1011 constituendam
481 975 703 1011 societatem
732 974 917 1019 admittit,
945 985 1030 1011 eam
1062 978 1191 1011 tamen
1219 977 1432 1021 temperare

145 1032 307 1064 conatur
323 1026 500 1064 addendo
521 1027 720 1065 hominem
740 1038 787 1065 ex
806 1027 890 1074 lege
906 1032 1055 1065 naturae
1076 1026 1196 1065 teneri
1212 1025 1261 1063 ad
1278 1030 1434 1075 pactum

145 1079 239 1116 illud
257 1080 494 1128 ponendum.

191 1133 258 1170 111.
269 1133 425 1170 critica.
442 1132 605 1169 Theoi-ia
620 1133 813 1170 Rousseau
825 1133 918 1170 satis
930 1131 1074 1170 arridet
1091 1131 1262 1170 sensistis
1277 1130 1338 1168 vel
1355 1139 1434 1167 ma·

147 1185 339 1222 terialistis
358 1189 499 1222 nostrae
520 1186 658 1232 aetatis‚
687 1187 900 1233 praesertim
924 1196 970 1222 ex
987 1196 1033 1223 ea
1049 1189 1156 1233 parte
1179 1195 1266 1232 quae
1282 1184 1444 1231 respicit

146 1237 325 1276 socialem
346 1239 630 1284 auctoritatem,
659 1238 704 1275 de
730 1249 807 1286 qua
831 1239 871 1275 in
898 1238 1077 1286 praesenti
1108 1237 1206 1273 nihil
1224 1241 1281 1274 est
1308 1236 1433 1273 dicen·

147 1291 252 1328 dum.
285 1292 463 1328 Attamen
495 1291 743 1328 manifestum
764 1295 821 1328 est
846 1290 949 1339 quod
982 1290 1046 1327 illa
1077 1290 1227 1327 theoria
1252 1290 1291 1325 in
1312 1288 1434 1324 trihns

147 1344 392 1392 potissimum
410 1349 553 1392 peccat,
567 1355 704 1392 nempe
721 1345 760 1382 in
777 1355 847 1381 suo
862 1344 1066 1393 principio,
1082 1344 1121 1381 in
1133 1353 1203 1381 suo
1218 1351 1436 1392 progressu,

144 1396 187 1432 'in
208 1407 276 1433 suo
298 1397 418 1433 exitu.

193 1449 239 1486 In
256 1461 325 1486 suo
336 1450 540 1496 principio
559 1461 568 1486 2
590 1460 681 1487 nam
702 1454 833 1486 utrum
850 1449 1028 1486 homines
1047 1448 1232 1497 primitivi
1258 1446 1439 1485 naturali·

152 1506 209 1538 ter
226 1503 344 1539 vitam
360 1502 572 1551 solivagam
589 1513 634 1540 ac
652 1502 864 1540 silvestrem
882 1502 1075 1547 duxerint,
1096 1501 1259 1548 quaestio
1277 1505 1333 1538 est
1352 1510 1438 1547 quae

153 1566 199 1592 ex
218 1555 381 1593 historia
398 1560 466 1593 aut
494 1567 540 1594 ex
574 1556 745 1593 hominis
782 1561 920 1592 natura
951 1554 1170 1592 definienda
1192 1559 1261 1591 est.
1285 1555 1331 1590 At
1349 1563 1438 1590 vero

152 1609 345 1646 Rousseau
361 1619 440 1646 non
462 1619 509 1646 ex
528 1609 704 1655 historia,
722 1620 801 1646 non
817 1619 864 1647 ex
883 1609 1053 1646 hominis
1072 1612 1212 1645 natura
1230 1608 1332 1655 (quae
1350 1606 1439 1642 huic

152 1662 350 1709 systemati
369 1667 500 1710 aperte
524 1661 804 1708 adversantur),
829 1661 895 1699 sed
915 1661 1119 1698 arbitraria
1141 1671 1298 1710 prorsus
1319 1659 1437 1706 hypo-

154 1714 251 1752 thesi
263 1715 376 1762 fingit
387 1715 563 1752 homines
580 1715 797 1763 primitivos
810 1715 850 1751 in
862 1719 966 1751 statu
979 1714 1111 1762 exlege
1133 1718 1171 1751 et
1188 1713 1322 1749 ferino.
1338 1712 1436 1759 Ergo

154 1776 232 1803 non
259 1766 306 1803 de
325 1768 482 1804 homine
512 1768 620 1813 reali,
653 1767 719 1804 sed
749 1766 796 1804 de
824 1767 982 1804 homine
1001 1776 1159 1814 prorsus
1180 1765 1438 1813 phantastico,

155 1829 222 1855 seu
237 1820 276 1855 in
287 1830 356 1855 sua
369 1820 555 1856 existente
565 1820 843 1867 imaginatione
854 1819 1051 1857 Rousseau
1060 1817 1287 1857 concludere
1298 1820 1442 1866 potest,

156 1871 286 1919 illique
305 1871 497 1920 applicare
512 1882 625 1909 suum
646 1876 801 1920 pactum
818 1872 970 1908 sociale.

199 1924 247 1961 In
269 1935 338 1962 suo
361 1935 569 1972 proqressu
591 1936 603 1961 :
623 1925 766 1962 etenim
792 1924 969 1962 homines
988 1923 1102 1971 fingit
1129 1933 1208 1961 non
1233 1923 1440 1969 hominen

154 1978 332 2015 homines
350 1978 522 2026 quidem,
551 1978 643 2026 quia
661 1988 725 2015 eos
748 1982 791 2014 ut
811 1978 904 2015 tales
923 1977 1130 2025 supponit3
1151 1987 1229 2013 non
1249 1975 1441 2023 homines,

154 2032 246 2078 quia
270 2031 353 2067 vult
382 2042 447 2068 eos
477 2031 627 2068 ratione
655 2030 872 2068 destitutos.
898 2031 1039 2078 Aperta
1062 2039 1152 2067 sane
1171 2029 1440 2067 contradictio.

154 2083 297 2121 Deinde
319 2083 470 2120 homini
489 2084 715 2132 simpliciter
736 2083 894 2120 animali
913 2081 1088 2120 concedit
1115 2082 1308 2118 Rousseau
1328 2082 1442 2119 ratio-

155 2147 245 2174 nem
260 2135 478 2183 advenisse3
499 2147 591 2185 ergo
611 2137 710 2173 ratio
730 2147 807 2173 non
830 2134 935 2172 aliud
955 2145 1086 2173 revera
1102 2139 1159 2172 est
1176 2135 1216 2171 in
1237 2134 1311 2171 hoc
1327 2138 1441 2183 syste-

156 2194 272 2235 mate,
289 2199 407 2237 quam
434 2189 638 2237 explicatio
658 2190 849 2227 facultatis
868 2188 1085 2234 sensitivae3
1108 2191 1146 2225 et
1162 2191 1442 2235 consequenter

157 2241 276 2278 homo
304 2253 434 2279 revera
453 2242 581 2279 differt
599 2253 623 2280 a
650 2242 763 2279 bruto
783 2252 862 2278 non
887 2241 927 2278 in
946 2241 1085 2289 specie,
1106 2239 1172 2277 sed
1195 2239 1442 2277 solummodo

158 2293 454 2341 accidentaliter,
482 2305 527 2332 eo
556 2294 673 2332 modo
705 2304 782 2342 quo
801 2293 1024 2342 elephantes
1043 2292 1226 2330 differunt
1251 2293 1300 2329 ab
1319 2293 1440 2341 equis,

158 2352 197 2383 et
226 2347 315 2395 equi
348 2347 530 2384 differunt
558 2357 581 2386 a
608 2347 780 2393 canibus,
809 2350 897 2393 etc„
927 2350 971 2383 ut
995 2345 1258 2384 materialistae
1289 2344 1443 2393 stupide

159 2400 408 2438 contendunt.
427 2401 567 2438 Verum
592 2406 649 2438 est
669 2400 774 2448 quod
792 2400 986 2438 Rousseau
1011 2398 1188 2437 concedit
1210 2399 1293 2436 suis
1318 2398 1443 2436 homi-
