1584 2569
217 115 280 147 193
322 122 382 146 ms
402 122 565 147 NATURAE.
593 122 662 148 Lm.
693 122 733 146 ¹1.
762 121 840 146 CAr.
866 121 891 147 l.
920 119 963 145 m:
989 119 1179 146 sommam
1204 120 1399 146 DORSTICA

213 193 346 239 civilis,
373 193 630 240 humanaeque
651 193 852 236 libertatis,
881 197 917 227 et
945 192 1060 228 totius
1084 192 1328 238 moralitatis,
1350 196 1392 228 ut
1419 203 1504 240 gra-

214 248 334 284 datim
360 247 437 282 suis
467 247 504 281 in
530 245 622 282 locis
643 244 993 281 demonstrabimus
1017 255 1025 281 ε
1058 255 1159 281 nunc
1185 244 1390 281 refellenda
1412 250 1502 281 sunt

212 301 296 337 haec
311 300 499 348 principia
517 300 554 335 in
575 309 708 334 eorum
727 297 984 346 applicatione
1002 297 1049 333 ad
1068 298 1376 334 matrimonium.

259 354 306 390 11.
332 353 511 398 Quaestio.
543 351 652 393 Quod
681 351 931 388 matrimonia
960 351 1310 399 impraesentiarum
1345 352 1440 387 fiant
1460 351 1500 387 in

213 407 392 444 societate
419 405 533 449 civili,
555 415 667 441 nemo
687 409 801 452 negat
822 415 830 439 :
857 415 934 440 non
958 405 1060 440 enim
1080 403 1350 441 constituenda
1371 408 1427 440 est
1456 403 1504 440 de

213 470 310 497 novo
328 459 489 495 societas
507 458 690 502 humana,
712 458 810 493 sicut
832 457 869 492 in
896 457 1093 503 primitiva
1112 467 1240 492 rerum
1259 456 1419 504 origine,
1437 455 1502 493 sed

213 513 421 551 constituta
441 517 510 556 est,
531 516 568 547 et
588 512 626 546 in
644 521 689 546 ea
709 509 825 546 homo
848 510 952 555 vivit,
972 515 1009 545 et
1026 510 1275 546 matrimonia
1295 509 1501 546 contrahit.

215 565 287 603 Sed
308 565 496 612 quaeritur
515 574 563 600 an
589 563 840 599 matrimonia
860 564 956 599 fiant
981 574 1006 599 a
1026 564 1207 599 societate
1236 562 1350 607 civili,
1380 563 1433 598 ita
1461 566 1504 597 ut

212 620 273 667 jus
298 618 437 654 habeat
457 627 537 652 sese
560 617 597 651 in
619 616 692 651 illis
713 614 954 652 immiscendi
978 620 1016 651 et
1037 614 1263 662 disponendi
1294 615 1339 651 de
1369 625 1504 651 eorum

213 671 408 708 validitate
428 674 465 705 et
482 667 718 706 invaliditate
735 670 750 703 ⁶?
767 668 821 704 En
843 668 1020 715 quaestio,
1044 669 1105 704 cui
1123 667 1351 704 definiendae
1373 668 1411 703 in
1432 667 1505 704 hoc

215 723 375 761 articulo
402 722 623 758 incumbere
647 721 844 758 dehemus.
871 721 967 763 Quia
989 731 1077 757 vero
1103 731 1211 757 error
1226 719 1441 764 confundit,
1463 724 1506 755 ut

214 779 362 822 vincat;
403 775 584 822 quaedarn
626 779 715 810 sunt
760 772 1032 822 praemittenda
1079 773 1125 809 ad
1168 771 1505 809 determinandum

214 835 359 866 statum
377 828 616 875 quaestionis,
638 838 801 873 eamque
825 826 990 862 dilucide
1008 825 1245 862 solvendam.

260 884 325 920 111.
357 884 624 919 Praenotamen
651 881 829 927 primum.
859 880 1027 916 Societas
1055 879 1266 915 domestica
1303 878 1508 926 dupliciter

214 935 446 973 considerari
466 939 591 982 potest
607 938 644 969 et
664 933 789 977 debet,
811 934 910 968 sicut
931 932 1196 968 consideratur
1215 932 1295 979 ipse
1314 930 1430 966 homo
1452 931 1506 966 in—

215 988 393 1025 dividuus
405 999 414 1032 3
425 987 554 1033 primo
570 986 739 1034 quidem,
757 987 795 1022 in
811 996 880 1021 sua
896 985 1170 1022 constitutione
1186 984 1223 1019 vi
1237 983 1477 1019 matrimonii
1494 993 1502 1018 :

214 1041 388 1085 secundo,
411 1041 448 1076 in
469 1040 546 1075 suis
574 1039 795 1075 extrinsecis
816 1037 1065 1074 relationibus
1089 1048 1176 1073 cum
1204 1036 1303 1072 civili
1325 1037 1507 1072 societate

217 1097 257 1131 in
281 1105 356 1141 qua
376 1094 480 1129 vivit.
503 1093 595 1134 Quoe
620 1091 776 1139 quidem
805 1091 1008 1127 relationes
1040 1101 1086 1126 ex
1103 1090 1236 1125 ordine
1254 1089 1507 1125 conviventiae

216 1154 252 1184 et
269 1151 415 1183 mutuae
444 1144 686 1193 perfectionis
704 1144 938 1180 familiarum
959 1141 1182 1179 immediate
1196 1141 1445 1187 definiuntur,
1465 1145 1507 1177 ut

217 1201 360 1236 scilicet
381 1199 536 1247 pacifice
553 1198 756 1234 convivant
775 1202 812 1233 et
836 1197 882 1232 de
908 1197 1008 1232 bono
1027 1196 1224 1232 communi
1246 1196 1474 1243 participent
1495 1205 1504 1229 :

217 1254 264 1290 ad
298 1252 400 1299 quod
434 1250 720 1299 procurandum
759 1260 892 1286 omnes
933 1250 970 1284 in
1005 1250 1186 1285 societate
1220 1249 1402 1292 viventes,
1436 1247 1507 1283 sub

217 1306 314 1342 civili
334 1309 522 1353 potestate
544 1303 652 1339 illum
679 1302 853 1338 ordinem
881 1306 1142 1346 conservante,
1165 1305 1411 1337 concurrunt.
1434 1300 1506 1336 Hu-

220 1357 398 1404 iusmodi,
418 1356 622 1392 relationes
642 1360 828 1391 vocantur
850 1356 1000 1401 effectus
1021 1354 1165 1399 civiles,
1184 1353 1401 1400 cuiusmodi
1419 1357 1508 1388 sunt

218 1411 320 1448 modi
358 1409 644 1446 transmittendi
684 1408 965 1452 haereditatem,
998 1407 1198 1444 exercendi
1238 1407 1507 1443 auctoritatem

220 1470 419 1512 paternam
442 1464 478 1498 in
500 1463 614 1507 filios,
644 1472 689 1498 ne
708 1462 885 1509 proprios
913 1461 1055 1496 limites
1073 1460 1246 1504 excedat,
1274 1465 1311 1495 et
1337 1460 1413 1496 alia
1441 1459 1508 1495 hu-

215 1516 399 1565 jusmodi,
425 1525 512 1561 quae
533 1525 620 1550 cum
641 1515 775 1550 ordine
802 1514 954 1561 publico
978 1513 1161 1549 servando
1188 1513 1318 1549 stricte
1349 1522 1507 1548 connec-

218 1574 362 1605 tuntur.

264 1622 323 1657 IV.
343 1622 610 1657 Praenotamen
623 1620 803 1655 alterum.
831 1618 913 1654 Non
931 1622 987 1654 est
1004 1617 1166 1664 quaestio
1184 1622 1315 1652 utrum
1342 1620 1513 1663 potestas

218 1674 337 1710 civilis
357 1674 419 1720 jus
440 1672 578 1708 habeat
598 1672 636 1706 in
655 1671 947 1707 matrimonium
975 1669 1101 1717 quoad
1122 1669 1277 1706 effectus
1297 1669 1423 1705 civiles
1443 1679 1449 1703 :
1468 1668 1506 1704 lii

218 1729 320 1763 enim
339 1737 425 1762 cum
446 1726 649 1773 respiciant
666 1725 869 1761 relationes
890 1725 1121 1761 extrinsecas
1141 1724 1333 1759 societatis
1360 1721 1508 1759 domes·

219 1781 303 1816 tiene
332 1790 419 1815 cum
450 1779 551 1814 bono
584 1789 650 1813 seu
687 1777 820 1814 ordine
851 1778 1061 1821 communi,
1096 1777 1141 1812 de
1168 1786 1244 1823 quo
1271 1780 1409 1812 natura
1441 1785 1508 1811 sua

222 1843 350 1869 curam
374 1832 469 1879 gerit
495 1830 614 1867 civilis
643 1835 831 1878 potestas,
859 1829 1007 1866 nullum
1041 1828 1201 1865 dubium
1231 1833 1287 1864 est
1314 1827 1415 1874 quod
1445 1828 1508 1874 jus

221 1885 314 1921 illud
330 1885 366 1919 iu
388 1884 569 1920 societate
589 1884 741 1928 existat,
761 1887 797 1919 et
815 1882 918 1929 quod
936 1882 1004 1919 sub
1023 1882 1096 1918 hoc
1113 1881 1294 1928 adspectu
1312 1881 1510 1916 matrimo-

220 1939 341 1982 nium,
364 1948 429 1972 seu
451 1937 574 1972 verius
595 1936 757 1973 societas
774 1935 997 1980 domestica,
1020 1946 1041 1971 a
1061 1935 1243 1971 societate
1270 1933 1425 1981 politica
1449 1932 1509 1969 de·

221 1990 396 2039 pendeat.
417 1988 504 2032 Sed,
534 1993 578 2024 ut
597 1989 757 2036 quisque
778 1998 845 2035 per
864 1999 902 2024 se
928 1987 1042 2031 videt,
1072 1987 1153 2022 haec
1174 1986 1429 2033 dependentia
1453 1989 1510 2020 est

222 2043 390 2078 totaliter
415 2043 639 2085 extrinseca,
668 2051 968 2089 praesupponens
995 2039 1287 2076 matrimonium
1317 2039 1397 2082 jam
1421 2048 1510 2073 con-

224 2099 387 2130 tractum
408 2099 444 2130 et
461 2095 683 2130 societatem
697 2093 948 2129 domesticam
963 2093 1044 2140 Jam
1062 2093 1310 2128 constitutam
1329 2101 1336 2125 :
1358 2091 1388 2125 si
1406 2090 1509 2126 enim

222 2158 298 2184 non
325 2147 517 2191 existeret,
544 2147 626 2193 jam
655 2146 777 2182 nullas
805 2146 1007 2181 relationes
1036 2144 1082 2180 ad
1107 2144 1327 2180 societatem
1359 2142 1507 2178 civilem

223 2198 363 2234 habere
381 2203 521 2246 posset.

273 2252 308 2288 t'.
332 2252 598 2287 Praenotamen
617 2252 792 2287 tertium.
816 2251 1001 2287 Concessa
1022 2250 1138 2296 igitur
1158 2248 1378 2284 auctoritati
1405 2246 1503 2283 civili

226 2309 415 2353 potestate
435 2303 633 2351 regulandi
651 2304 882 2340 extrinsecas
899 2302 1103 2339 relationes
1123 2312 1188 2337 seu
1209 2301 1337 2337 civile-s
1354 2299 1509 2336 effectus

227 2358 479 2403 matrimonii,
498 2357 660 2405 quaestio
678 2367 794 2403 quam
815 2357 854 2392 in
876 2355 1053 2403 praesenti
1073 2356 1265 2401 agitamus
1285 2363 1362 2389 non
1383 2356 1509 2400 potes*
