1554 2569
161 141 241 166 ART.
270 141 323 166 xv.
349 141 469 168 uranu
493 141 692 169 REATITUDO
719 142 850 170 nsum
874 142 996 170 rossi-r
1021 143 1059 169 m
1085 143 1155 170 nc
1181 142 1267 170 VITA
1316 134 1360 168 23

69 213 173 260 patio
215 212 468 250 beatitudinis
511 215 707 262 perfectae,
756 217 792 251 et
833 214 944 262 qu'us
992 216 1174 251 naturam
1222 213 1362 251 melius

69 266 296 302 definiemus
311 266 351 302 in
365 266 437 302 hoc
450 266 533 313 ipso
552 268 726 305 articulo.
743 267 864 315 Igitur
881 267 931 304 ad
945 266 1170 304 solvendum
1185 266 1346 303 dubium

69 318 273 355 dicendum
296 321 354 355 est
381 321 419 354 10
438 319 485 356 de
508 320 746 359 heatitudine
775 319 970 368 perfecta3
991 321 1030 355 2⁰
1057 318 1102 356 de
1124 319 1362 358 beatitudine

69 371 319 417 imperfecta;
339 374 378 409 3⁰
398 371 444 409 de
465 372 580 420 hujus
601 371 854 410 beatitudinis
875 377 1031 410 natura.

115 424 163 460 11.
184 424 391 462 Beatitudo
409 425 585 471 perfecta
603 436 680 463 non
698 429 829 472 potest
845 426 980 462 haberi
996 426 1038 462 in
1054 425 1128 463 hac
1146 426 1243 463 vita.
1267 426 1374 469 Nota,

69 476 174 523 quod
205 477 401 524 loquimur
429 478 476 514 de
504 483 639 515 nostra
662 478 846 525 praesenti
871 478 962 522 vita,
987 489 1063 514 non
1090 477 1216 526 qualis
1246 488 1268 514 a
1285 478 1376 522 Deo⁴

69 530 152 566 fieri
172 534 315 577 posset,
336 531 402 568 sed
423 531 550 579 qualis
564 542 665 568 nunc
679 535 734 568 est
747 531 793 568 de
812 531 927 569 sacto.
949 531 1142 568 Probatur
1152 531 1363 578 propositio

68 583 217 619 ratione
237 586 275 619 et
294 583 420 620 verbis
437 585 474 621 S.
494 583 652 621 Thomae
672 585 750 627 I-II‚
773 583 843 626 Qu.
872 583 913 627 V,
945 584 1026 620 Art.
1059 584 1123 620 111.
1147 582 1364 626 Beatitudo‚

67 645 156 671 cum
173 635 220 672 sit
240 636 452 683 perrectum
477 640 515 674 et
533 637 725 674 sufficiens
746 636 906 681 bonum,
931 647 1045 673 omne
1066 634 1215 673 malum
1239 636 1367 673 exclu-

69 687 138 730 dit,
160 692 197 725 et
215 699 330 726 omne
357 689 591 727 desiderium
616 690 762 737 implet.
790 691 833 726 In
853 689 925 726 bac
948 692 1078 726 autem
1099 689 1177 726 vita
1196 699 1276 725 non
1302 699 1368 737 po—

69 743 143 777 test
162 752 277 778 omne
294 742 443 779 malum
466 742 617 780 excludi
637 753 645 779 :
673 743 806 779 multis
827 742 930 779 enim
956 742 1070 778 malis
1098 752 1267 790 praesens
1292 743 1370 777 vita

69 794 255 841 subjacet,
286 805 373 843 quae
401 796 514 833 vitari
547 806 623 832 non
653 800 830 843 possunt,
858 800 895 832 et
928 796 1160 844 ignorantiae
1186 806 1233 832 ex
1260 800 1369 843 parte

69 847 298 893 intellectus,
331 852 368 885 et
392 849 624 886 inordinatae
653 848 849 886 affectioni
874 858 919 885 ex
949 853 1058 896 parte
1091 849 1300 896 appetitus,
1334 853 1368 884 et

70 900 351 947 multiplicibus
379 901 672 948 poenalitatibus
699 913 745 938 ex
772 905 880 950 parte
904 902 1090 950 corporis,
1121 906 1164 938 ut
1188 903 1369 949 Augusti-

70 963 142 989 nus
168 955 417 1001 prosequitur
443 955 521 991 XIX
548 954 605 991 De
634 954 798 991 Civitate
816 954 902 992 Dei.
929 954 1021 1000 Cap.
1055 954 1084 990 V
1104 958 1151 996 ‚et
1185 965 1290 1002 seqq.
1325 975 1368 980 —m

69 1005 253 1043 Similiter
269 1007 387 1043 etiam
405 1007 496 1044 boni
523 1007 756 1044 desiderium
783 1008 822 1043 in
849 1007 922 1043 hac
948 1007 1027 1043 vita
1051 1007 1185 1043 satiari
1211 1018 1289 1044 non
1307 1019 1369 1055 po-

69 1063 145 1097 test
167 1071 176 1096 :
203 1061 432 1098 naturaliter
456 1061 560 1097 enim
587 1060 706 1097 homo
734 1060 927 1097 desiderat
952 1061 1262 1109 permanentiam
1286 1061 1368 1108 ejus

70 1113 176 1160 boni,
208 1113 312 1162 quod
336 1114 467 1152 habet.
500 1115 606 1152 Bona
638 1119 769 1151 autem
796 1114 998 1162 praesentis
1030 1114 1118 1151 vitae
1148 1114 1371 1150 transitoria

72 1170 175 1213 sunt,
192 1178 281 1204 cum
308 1171 346 1204 et
366 1168 450 1216 ipsa
465 1168 544 1205 vita
568 1171 752 1211 transeat,
775 1178 893 1215 quam
917 1167 1149 1205 naturaliter
1175 1166 1371 1204 desidera-

72 1230 174 1266 muS,
197 1224 234 1256 et
262 1230 381 1267 quam
410 1224 595 1269 perpetuo
622 1230 848 1268 permanere
869 1220 1067 1266 vellemus,
1094 1220 1185 1267 quia
1212 1224 1369 1256 natura-

70 1273 160 1309 liter
179 1272 299 1309 homo
327 1273 468 1320 refugit
494 1278 674 1310 mortem.
704 1272 811 1310 Unde
837 1273 1077 1320 impossibile
1106 1277 1178 1318 est,
1205 1273 1309 1320 quod
1332 1274 1370 1308 in

71 1326 145 1363 hac
163 1327 241 1362 vita
257 1336 346 1362 vera
365 1326 564 1362 beatitudo
586 1325 790 1362 habeatur.
816 1325 932 1373 CuJ‘us
953 1325 1212 1362 conclusionis
1232 1325 1371 1361 veritas

70 1379 125 1415 ita
149 1382 285 1427 aperta
314 1381 385 1425 est,
409 1383 465 1422 ut,
487 1379 659 1426 quotidie
690 1389 755 1415 ore
788 1378 965 1415 omnium
992 1378 1197 1415 hominum
1224 1379 1371 1426 procla-

71 1434 210 1469 metur.

117 1485 183 1522 111.
199 1485 338 1532 Aliqua
354 1489 486 1523 tamen
499 1486 701 1523 beatitudo
712 1485 836 1521 inbac
846 1486 966 1521 etiam
979 1485 1063 1521 vita
1076 1487 1208 1530 potest
1218 1484 1365 1521 haberi.

70 1539 158 1576 Haec
173 1539 386 1586 propositio
400 1549 477 1575 non
499 1542 623 1587 potest
639 1538 923 1575 rationabiliter
937 1538 1083 1585 negari.
1104 1538 1254 1573 Etenim
1273 1538 1367 1573 sicut

71 1591 270 1629 beatitudo
290 1592 460 1639 perfecta
482 1591 659 1629 consistit
680 1592 719 1628 in
741 1591 805 1627 Dei
825 1591 1068 1638 possessione
1089 1602 1158 1638 per
1176 1590 1366 1638 cognitio-

71 1654 160 1681 nem
183 1649 220 1681 et
237 1655 426 1689 amorem,
447 1645 502 1682 ita
522 1644 747 1694 imperfecta
770 1643 968 1681 beatitudo
989 1644 1062 1680 erit
1082 1644 1262 1691 aliqualis
1283 1653 1367 1691 par-

73 1698 244 1746 ticipatio
266 1697 519 1735 beatitudinis
539 1697 730 1747 perfectas,
752 1696 826 1733 hoc
850 1701 909 1733 est
928 1696 1097 1744 cognitio
1117 1701 1154 1732 et
1175 1706 1286 1733 amor
1304 1697 1368 1731 Dei

71 1751 201 1797 prouti
222 1751 262 1787 in
279 1750 352 1787 hac
370 1751 449 1788 vita
468 1751 602 1789 haberi
622 1754 797 1799 possunt.
818 1751 934 1798 Atqui
955 1750 1127 1798 aliquam
1149 1750 1215 1785 Dei
1236 1750 1367 1796 cogni-

73 1805 218 1840 tionem
243 1809 281 1840 et
307 1803 477 1853 aliquem
498 1804 579 1852 ejus
609 1813 783 1840 amorem
809 1803 848 1839 in
875 1802 947 1839 hac
976 1803 1054 1839 vita
1082 1802 1216 1838 haberi
1240 1813 1367 1849 posse,

72 1856 230 1903 negabit
249 1856 420 1904 profecto
437 1866 552 1892 nemo
570 1857 638 1903 qui
653 1855 815 1892 rationis
834 1856 883 1891 sit
899 1865 1071 1903 compos.
1092 1854 1231 1901 Aliqua
1249 1855 1368 1900 igitur

74 1908 276 1946 beatitudo
297 1908 338 1945 in
367 1909 440 1945 bac
460 1909 578 1946 etiam
608 1909 687 1944 vita
718 1912 847 1955 potest
866 1908 1045 1944 obtineri.
1067 1927 1112 1933 —
1126 1907 1219 1949 Quae
1237 1907 1365 1943 omnia

74 1962 247 2011 generice
268 1961 372 1998 dicta
389 1961 587 2008 aliquanto
604 1960 837 1997 enucleatius
855 1959 1016 1996 dicenda
1033 1963 1136 1995 sunt.

121 2015 181 2051 lv.
193 2015 400 2052 Beatitudo
415 2024 501 2060 quae
513 2015 555 2051 in
567 2014 641 2051 hac
653 2014 738 2050 vita
751 2013 887 2050 haberi
899 2015 1041 2058 potest,
1057 2012 1180 2057 primo
1196 2014 1236 2048 et
1248 2022 1317 2058 per
1328 2022 1368 2048 se

74 2068 255 2106 consistit
273 2069 315 2104 in
329 2068 569 2114 perfectione
581 2068 705 2114 partis
718 2066 986 2111 intellectivae‚
1006 2066 1158 2102 scilicet
1172 2066 1214 2101 in
1231 2075 1369 2111 cogno-

74 2121 216 2159 scendo
231 2122 350 2158 Deum
366 2122 569 2167 ipsumque
587 2120 762 2158 amando.
780 2120 845 2155 Est
857 2122 992 2155 contra
1006 2118 1204 2165 epicureos
1220 2118 1369 2154 atheos-

76 2184 151 2221 que
182 2177 266 2211 tum
297 2175 477 2223 antiquos
501 2178 586 2211 tum
610 2177 856 2216 recentiores,
887 2171 953 2219 qui
984 2172 1105 2208 Deum
1130 2176 1321 2207 conantur
1349 2182 1369 2206 e

78 2226 208 2264 medio
235 2226 392 2274 pellere,
421 2231 465 2264 ut
496 2228 577 2264 sine
606 2227 744 2263 timore
776 2225 854 2261 ullo
883 2224 1146 2273 voluptatibus
1174 2224 1369 2271 corporeis

2 2275 7 2278 ’
76 2279 315 2330 indulgeant.
357 2280 547 2318 Probatur
586 2278 818 2328 propositio.
869 2277 1070 2314 Beatitudo
1110 2277 1214 2313 enim
1258 2277 1370 2314 debet

77 2333 202 2380 primo
219 2337 257 2370 et
267 2344 336 2382 per
352 2344 392 2372 se
411 2333 630 2371 beatificare
647 2332 859 2377 hominem,
875 2335 917 2367 ut
934 2330 1053 2368 homo
1067 2335 1138 2367 est.
1162 2331 1284 2366 Homo
1305 2341 1370 2367 au-

76 2387 156 2424 tom
183 2387 358 2437 specifice
387 2387 635 2425 constituitur
659 2397 728 2435 per
752 2386 955 2431 rationem,
983 2395 1061 2433 qua
1090 2383 1320 2421 discernitur
1345 2395 1367 2422 a
