<?xml version="1.0" encoding="UTF-8"?>
<!DOCTYPE html PUBLIC "-//W3C//DTD XHTML 1.0 Transitional//EN"
    "http://www.w3.org/TR/xhtml1/DTD/xhtml1-transitional.dtd">
<html xmlns="http://www.w3.org/1999/xhtml" xml:lang="en" lang="en">
 <head>
  <title>
</title>
<meta http-equiv="Content-Type" content="text/html;charset=utf-8" />
  <meta name='ocr-system' content='tesseract 3.04.00' />
  <meta name='ocr-capabilities' content='ocr_page ocr_carea ocr_par ocr_line ocrx_word'/>
</head>
<body>
  <div class='ocr_page' id='page_1' title='image "./summaphilosophic03zigluoft_0305.png"; bbox 0 0 1584 2569; ppageno 0'>
   <div class='ocr_carea' id='block_1_1' title="bbox 389 98 1406 138">
    <p class='ocr_par' dir='ltr' id='par_1_1' title="bbox 389 98 1406 138">
     <span class='ocr_line' id='line_1_1' title="bbox 389 98 1406 138; baseline -0.006 0"><span class='ocrx_word' id='word_1_1' title='bbox 389 111 473 138; x_wconf 70' lang='lat' dir='ltr'>ART-</span> <span class='ocrx_word' id='word_1_2' title='bbox 501 112 556 138; x_wconf 83' lang='lat'>111.</span> <span class='ocrx_word' id='word_1_3' title='bbox 583 111 627 138; x_wconf 79' lang='lat' dir='ltr'>DE</span> <span class='ocrx_word' id='word_1_4' title='bbox 651 111 850 138; x_wconf 70' lang='lat' dir='ltr'>Pornsrnz</span> <span class='ocrx_word' id='word_1_5' title='bbox 874 108 1142 138; x_wconf 65' lang='lat' dir='ltr'>tccmsmsrlck</span> <span class='ocrx_word' id='word_1_6' title='bbox 1339 98 1406 133; x_wconf 75' lang='lat'>295</span> 
     </span>
    </p>
   </div>
   <div class='ocr_carea' id='block_1_2' title="bbox 119 180 1426 2401">
    <p class='ocr_par' dir='ltr' id='par_1_2' title="bbox 119 180 1409 496">
     <span class='ocr_line' id='line_1_2' title="bbox 120 180 1408 230; baseline -0.004 -13"><span class='ocrx_word' id='word_1_7' title='bbox 120 191 207 217; x_wconf 87' lang='lat' dir='ltr'>nem</span> <span class='ocrx_word' id='word_1_8' title='bbox 232 191 362 219; x_wconf 85' lang='lat' dir='ltr'>rerum</span> <span class='ocrx_word' id='word_1_9' title='bbox 389 182 664 230; x_wconf 86' lang='lat' dir='ltr'>temporalium</span> <span class='ocrx_word' id='word_1_10' title='bbox 686 181 733 219; x_wconf 81' lang='lat' dir='ltr'>ad</span> <span class='ocrx_word' id='word_1_11' title='bbox 755 182 985 229; x_wconf 81' lang='lat' dir='ltr'>spiritualia,</span> <span class='ocrx_word' id='word_1_12' title='bbox 1013 191 1082 217; x_wconf 88' lang='lat' dir='ltr'>nec</span> <span class='ocrx_word' id='word_1_13' title='bbox 1103 180 1249 215; x_wconf 85' lang='lat' dir='ltr'>habent</span> <span class='ocrx_word' id='word_1_14' title='bbox 1274 189 1408 214; x_wconf 88' lang='lat' dir='ltr'>curam</span> 
     </span>
     <span class='ocr_line' id='line_1_3' title="bbox 119 231 1408 283; baseline -0.004 -13"><span class='ocrx_word' id='word_1_15' title='bbox 119 245 250 272; x_wconf 86' lang='lat' dir='ltr'>rerum</span> <span class='ocrx_word' id='word_1_16' title='bbox 273 234 547 283; x_wconf 84' lang='lat' dir='ltr'>spiritualium.</span> <span class='ocrx_word' id='word_1_17' title='bbox 569 237 667 283; x_wconf 83' lang='lat' dir='ltr'>Ergo</span> <span class='ocrx_word' id='word_1_18' title='bbox 695 237 768 272; x_wconf 86' lang='lat' dir='ltr'>ista</span> <span class='ocrx_word' id='word_1_19' title='bbox 792 246 885 272; x_wconf 91' lang='lat' dir='ltr'>cura</span> <span class='ocrx_word' id='word_1_20' title='bbox 905 234 1035 271; x_wconf 90' lang='lat' dir='ltr'>utendi</span> <span class='ocrx_word' id='word_1_21' title='bbox 1062 231 1337 280; x_wconf 78' lang='lat' dir='ltr'>temporalibus</span> <span class='ocrx_word' id='word_1_22' title='bbox 1361 231 1408 266; x_wconf 90' lang='lat' dir='ltr'>ad</span> 
     </span>
     <span class='ocr_line' id='line_1_4' title="bbox 120 285 1409 337; baseline -0.004 -14"><span class='ocrx_word' id='word_1_23' title='bbox 120 288 349 334; x_wconf 79' lang='lat' dir='ltr'>spiritualia,</span> <span class='ocrx_word' id='word_1_24' title='bbox 376 293 433 325; x_wconf 90' lang='lat' dir='ltr'>est</span> <span class='ocrx_word' id='word_1_25' title='bbox 461 291 666 337; x_wconf 87' lang='lat' dir='ltr'>potestatis</span> <span class='ocrx_word' id='word_1_26' title='bbox 686 289 963 327; x_wconf 72' lang='lat' dir='ltr'>ecclesiasticae.</span> <span class='ocrx_word' id='word_1_27' title='bbox 988 289 1085 335; x_wconf 85' lang='lat' dir='ltr'>Ergo</span> <span class='ocrx_word' id='word_1_28' title='bbox 1107 287 1138 322; x_wconf 91' lang='lat' dir='ltr'>si</span> <span class='ocrx_word' id='word_1_29' title='bbox 1153 285 1409 322; x_wconf 87' lang='lat' dir='ltr'>necessarium</span> 
     </span>
     <span class='ocr_line' id='line_1_5' title="bbox 120 338 1408 384; baseline -0.004 -7"><span class='ocrx_word' id='word_1_30' title='bbox 120 341 170 377; x_wconf 86' lang='lat' dir='ltr'>sit</span> <span class='ocrx_word' id='word_1_31' title='bbox 190 341 239 378; x_wconf 90' lang='lat' dir='ltr'>ad</span> <span class='ocrx_word' id='word_1_32' title='bbox 259 342 589 379; x_wconf 78' lang='lat' dir='ltr'>conservationem</span> <span class='ocrx_word' id='word_1_33' title='bbox 612 348 648 379; x_wconf 86' lang='lat' dir='ltr'>et</span> <span class='ocrx_word' id='word_1_34' title='bbox 677 342 1053 380; x_wconf 78' lang='lat' dir='ltr'>administrationem</span> <span class='ocrx_word' id='word_1_35' title='bbox 1080 350 1208 376; x_wconf 86' lang='lat' dir='ltr'>rerum</span> <span class='ocrx_word' id='word_1_36' title='bbox 1230 338 1408 384; x_wconf 85' lang='lat' dir='ltr'>spiritua-</span> 
     </span>
     <span class='ocr_line' id='line_1_6' title="bbox 119 390 1408 443; baseline -0.004 -14"><span class='ocrx_word' id='word_1_37' title='bbox 119 393 216 430; x_wconf 88' lang='lat' dir='ltr'>lium</span> <span class='ocrx_word' id='word_1_38' title='bbox 238 394 449 442; x_wconf 81' lang='lat' dir='ltr'>aliqnando</span> <span class='ocrx_word' id='word_1_39' title='bbox 459 396 515 431; x_wconf 87' lang='lat' dir='ltr'>uti</span> <span class='ocrx_word' id='word_1_40' title='bbox 530 396 722 433; x_wconf 89' lang='lat' dir='ltr'>materiali</span> <span class='ocrx_word' id='word_1_41' title='bbox 739 395 867 443; x_wconf 84' lang='lat' dir='ltr'>gladio</span> <span class='ocrx_word' id='word_1_42' title='bbox 885 400 923 431; x_wconf 82' lang='lat' dir='ltr'>et</span> <span class='ocrx_word' id='word_1_43' title='bbox 944 393 1172 431; x_wconf 80' lang='lat' dir='ltr'>auctoritate</span> <span class='ocrx_word' id='word_1_44' title='bbox 1190 390 1408 438; x_wconf 78' lang='lat' dir='ltr'>temporali,</span> 
     </span>
     <span class='ocr_line' id='line_1_7' title="bbox 120 446 531 496; baseline -0.002 -14"><span class='ocrx_word' id='word_1_45' title='bbox 120 447 225 494; x_wconf 89' lang='lat' dir='ltr'>Papa</span> <span class='ocrx_word' id='word_1_46' title='bbox 244 446 318 484; x_wconf 88' lang='lat' dir='ltr'>hoc</span> <span class='ocrx_word' id='word_1_47' title='bbox 338 448 492 496; x_wconf 87' lang='lat' dir='ltr'>poterit.</span> <span class='ocrx_word' id='word_1_48' title='bbox 514 462 531 481; x_wconf 81' lang='lat'>›</span> 
     </span>
    </p>

    <p class='ocr_par' dir='ltr' id='par_1_3' title="bbox 122 498 1412 643">
     <span class='ocr_line' id='line_1_8' title="bbox 168 498 1412 548; baseline -0.005 -11"><span class='ocrx_word' id='word_1_49' title='bbox 168 500 248 537; x_wconf 83' lang='lat' dir='ltr'>vn.</span> <span class='ocrx_word' id='word_1_50' title='bbox 268 500 534 538; x_wconf 74' lang='lat' dir='ltr'>corollarium.</span> <span class='ocrx_word' id='word_1_51' title='bbox 558 502 680 538; x_wconf 85' lang='lat' dir='ltr'>Rectae</span> <span class='ocrx_word' id='word_1_52' title='bbox 700 502 819 548; x_wconf 84' lang='lat' dir='ltr'>igitur</span> <span class='ocrx_word' id='word_1_53' title='bbox 837 501 977 537; x_wconf 91' lang='lat' dir='ltr'>rationi</span> <span class='ocrx_word' id='word_1_54' title='bbox 1009 503 1140 546; x_wconf 87' lang='lat' dir='ltr'>aperte</span> <span class='ocrx_word' id='word_1_55' title='bbox 1162 498 1412 534; x_wconf 76' lang='lat' dir='ltr'>adversantur</span> 
     </span>
     <span class='ocr_line' id='line_1_9' title="bbox 124 551 1408 602; baseline -0.004 -13"><span class='ocrx_word' id='word_1_56' title='bbox 124 557 327 600; x_wconf 90' lang='lat' dir='ltr'>sequentes</span> <span class='ocrx_word' id='word_1_57' title='bbox 354 555 625 602; x_wconf 82' lang='lat' dir='ltr'>proportiones</span> <span class='ocrx_word' id='word_1_58' title='bbox 651 554 846 592; x_wconf 79' lang='lat' dir='ltr'>damnatae</span> <span class='ocrx_word' id='word_1_59' title='bbox 870 555 909 590; x_wconf 92' lang='lat' dir='ltr'>in</span> <span class='ocrx_word' id='word_1_60' title='bbox 935 552 1093 601; x_wconf 76' lang='lat' dir='ltr'>Syllabo</span> <span class='ocrx_word' id='word_1_61' title='bbox 1117 552 1259 600; x_wconf 84' lang='lat' dir='ltr'>pluries</span> <span class='ocrx_word' id='word_1_62' title='bbox 1278 551 1408 591; x_wconf 79' lang='lat' dir='ltr'>citato,</span> 
     </span>
     <span class='ocr_line' id='line_1_10' title="bbox 122 606 292 643; baseline 0.006 -1"><span class='ocrx_word' id='word_1_63' title='bbox 122 606 265 643; x_wconf 89' lang='lat' dir='ltr'>scilicet</span> <span class='ocrx_word' id='word_1_64' title='bbox 283 617 292 643; x_wconf 72' lang='grc' dir='ltr'>ε</span> 
     </span>
    </p>

    <p class='ocr_par' dir='ltr' id='par_1_4' title="bbox 123 654 1411 760">
     <span class='ocr_line' id='line_1_11' title="bbox 172 654 1411 707; baseline -0.003 -12"><span class='ocrx_word' id='word_1_65' title='bbox 172 673 188 692; x_wconf 79' lang='grc' dir='ltr'>ι</span> <span class='ocrx_word' id='word_1_66' title='bbox 216 659 384 696; x_wconf 84' lang='lat' dir='ltr'>Ecclesia</span> <span class='ocrx_word' id='word_1_67' title='bbox 404 671 482 697; x_wconf 91' lang='lat' dir='ltr'>non</span> <span class='ocrx_word' id='word_1_68' title='bbox 502 660 618 697; x_wconf 88' lang='lat' dir='ltr'>habet</span> <span class='ocrx_word' id='word_1_69' title='bbox 629 661 802 697; x_wconf 76' lang='lat' dir='ltr'>nativum</span> <span class='ocrx_word' id='word_1_70' title='bbox 819 670 864 697; x_wconf 76' lang='lat' dir='ltr'>ac</span> <span class='ocrx_word' id='word_1_71' title='bbox 876 659 1094 707; x_wconf 85' lang='lat' dir='ltr'>legitimum</span> <span class='ocrx_word' id='word_1_72' title='bbox 1107 657 1170 706; x_wconf 84' lang='lat' dir='ltr'>jus</span> <span class='ocrx_word' id='word_1_73' title='bbox 1188 654 1411 704; x_wconf 80' lang='lat' dir='ltr'>acquirendi</span> 
     </span>
     <span class='ocr_line' id='line_1_12' title="bbox 123 712 613 760; baseline 0.008 -13"><span class='ocrx_word' id='word_1_74' title='bbox 123 722 167 748; x_wconf 89' lang='lat' dir='ltr'>ac</span> <span class='ocrx_word' id='word_1_75' title='bbox 186 712 410 760; x_wconf 87' lang='lat' dir='ltr'>possidendi</span> <span class='ocrx_word' id='word_1_76' title='bbox 427 727 443 746; x_wconf 73' lang='grc' dir='ltr'><strong><em>ι</em></strong></span> <span class='ocrx_word' id='word_1_77' title='bbox 466 713 613 759; x_wconf 85' lang='lat' dir='ltr'>(XXVI).</span> 
     </span>
    </p>

    <p class='ocr_par' dir='ltr' id='par_1_5' title="bbox 123 761 1413 917">
     <span class='ocr_line' id='line_1_13' title="bbox 171 761 1412 811; baseline -0.002 -13"><span class='ocrx_word' id='word_1_78' title='bbox 171 779 190 798; x_wconf 83' lang='lat'><strong>«</strong></span> <span class='ocrx_word' id='word_1_79' title='bbox 212 765 315 802; x_wconf 85' lang='lat' dir='ltr'>Sacri</span> <span class='ocrx_word' id='word_1_80' title='bbox 336 766 513 803; x_wconf 82' lang='lat' dir='ltr'>Ecclesiae</span> <span class='ocrx_word' id='word_1_81' title='bbox 540 767 706 803; x_wconf 83' lang='lat' dir='ltr'>ministri</span> <span class='ocrx_word' id='word_1_82' title='bbox 733 768 1003 811; x_wconf 83' lang='lat' dir='ltr'>Romanusque</span> <span class='ocrx_word' id='word_1_83' title='bbox 1034 763 1209 801; x_wconf 82' lang='lat' dir='ltr'>Pontifex</span> <span class='ocrx_word' id='word_1_84' title='bbox 1232 763 1280 799; x_wconf 87' lang='lat' dir='ltr'>ab</span> <span class='ocrx_word' id='word_1_85' title='bbox 1307 761 1412 798; x_wconf 90' lang='lat' dir='ltr'>omni</span> 
     </span>
     <span class='ocr_line' id='line_1_14' title="bbox 123 815 1413 864; baseline -0.003 -10"><span class='ocrx_word' id='word_1_86' title='bbox 123 828 254 854; x_wconf 89' lang='lat' dir='ltr'>rerum</span> <span class='ocrx_word' id='word_1_87' title='bbox 280 818 554 864; x_wconf 81' lang='lat' dir='ltr'>temporalium</span> <span class='ocrx_word' id='word_1_88' title='bbox 592 830 683 856; x_wconf 89' lang='lat' dir='ltr'>cura</span> <span class='ocrx_word' id='word_1_89' title='bbox 716 829 761 855; x_wconf 89' lang='lat' dir='ltr'>ac</span> <span class='ocrx_word' id='word_1_90' title='bbox 793 819 966 855; x_wconf 87' lang='lat' dir='ltr'>dominio</span> <span class='ocrx_word' id='word_1_91' title='bbox 989 822 1079 854; x_wconf 85' lang='lat' dir='ltr'>sunt</span> <span class='ocrx_word' id='word_1_92' title='bbox 1104 816 1261 854; x_wconf 88' lang='lat' dir='ltr'>omnino</span> <span class='ocrx_word' id='word_1_93' title='bbox 1290 815 1413 852; x_wconf 84' lang='lat' dir='ltr'>exclu-</span> 
     </span>
     <span class='ocr_line' id='line_1_15' title="bbox 126 869 458 917; baseline 0.003 -11"><span class='ocrx_word' id='word_1_94' title='bbox 126 869 240 906; x_wconf 90' lang='lat' dir='ltr'>dendi</span> <span class='ocrx_word' id='word_1_95' title='bbox 256 884 275 904; x_wconf 77' lang='lat' dir='ltr'>n</span> <span class='ocrx_word' id='word_1_96' title='bbox 291 872 458 917; x_wconf 88' lang='lat' dir='ltr'>(XXVII).</span> 
     </span>
    </p>

    <p class='ocr_par' dir='ltr' id='par_1_6' title="bbox 125 920 1417 1392">
     <span class='ocr_line' id='line_1_16' title="bbox 174 920 1415 972; baseline -0.002 -12"><span class='ocrx_word' id='word_1_97' title='bbox 174 937 191 956; x_wconf 87' lang='lat'><strong>‹</strong></span> <span class='ocrx_word' id='word_1_98' title='bbox 211 923 456 971; x_wconf 81' lang='lat' dir='ltr'>Abrogandae</span> <span class='ocrx_word' id='word_1_99' title='bbox 477 927 565 961; x_wconf 86' lang='lat' dir='ltr'>sunt</span> <span class='ocrx_word' id='word_1_100' title='bbox 584 924 688 972; x_wconf 82' lang='lat' dir='ltr'>leges</span> <span class='ocrx_word' id='word_1_101' title='bbox 706 934 792 971; x_wconf 86' lang='lat' dir='ltr'>quae</span> <span class='ocrx_word' id='word_1_102' title='bbox 816 924 865 961; x_wconf 88' lang='lat' dir='ltr'>ad</span> <span class='ocrx_word' id='word_1_103' title='bbox 888 923 1158 970; x_wconf 84' lang='lat' dir='ltr'>religiosarum</span> <span class='ocrx_word' id='word_1_104' title='bbox 1180 920 1415 957; x_wconf 82' lang='lat' dir='ltr'>familiarum</span> 
     </span>
     <span class='ocr_line' id='line_1_17' title="bbox 126 974 1415 1024; baseline -0.004 -11"><span class='ocrx_word' id='word_1_105' title='bbox 126 980 270 1013; x_wconf 78' lang='lat' dir='ltr'>statum</span> <span class='ocrx_word' id='word_1_106' title='bbox 295 977 517 1022; x_wconf 88' lang='lat' dir='ltr'>tutandum,</span> <span class='ocrx_word' id='word_1_107' title='bbox 540 987 750 1024; x_wconf 88' lang='lat' dir='ltr'>earumque</span> <span class='ocrx_word' id='word_1_108' title='bbox 767 977 857 1024; x_wconf 84' lang='lat' dir='ltr'>jura</span> <span class='ocrx_word' id='word_1_109' title='bbox 882 980 920 1012; x_wconf 90' lang='lat' dir='ltr'>et</span> <span class='ocrx_word' id='word_1_110' title='bbox 940 976 1067 1012; x_wconf 80' lang='lat' dir='ltr'>officia</span> <span class='ocrx_word' id='word_1_111' title='bbox 1093 976 1282 1023; x_wconf 85' lang='lat' dir='ltr'>pertinent</span> <span class='ocrx_word' id='word_1_112' title='bbox 1302 985 1311 1019; x_wconf 86' lang='lat'><strong>;</strong></span> <span class='ocrx_word' id='word_1_113' title='bbox 1336 974 1415 1009; x_wconf 89' lang='lat' dir='ltr'>imo</span> 
     </span>
     <span class='ocr_line' id='line_1_18' title="bbox 125 1028 1415 1077; baseline -0.002 -11"><span class='ocrx_word' id='word_1_114' title='bbox 125 1033 253 1077; x_wconf 87' lang='lat' dir='ltr'>potest</span> <span class='ocrx_word' id='word_1_115' title='bbox 271 1029 379 1066; x_wconf 83' lang='lat' dir='ltr'>civile</span> <span class='ocrx_word' id='word_1_116' title='bbox 405 1030 634 1077; x_wconf 81' lang='lat' dir='ltr'>gubernium</span> <span class='ocrx_word' id='word_1_117' title='bbox 654 1030 701 1066; x_wconf 89' lang='lat' dir='ltr'>iis</span> <span class='ocrx_word' id='word_1_118' title='bbox 723 1029 904 1066; x_wconf 88' lang='lat' dir='ltr'>omnibus</span> <span class='ocrx_word' id='word_1_119' title='bbox 925 1028 1112 1066; x_wconf 86' lang='lat' dir='ltr'>auxilium</span> <span class='ocrx_word' id='word_1_120' title='bbox 1133 1031 1330 1075; x_wconf 79' lang='lat' dir='ltr'>praestare,</span> <span class='ocrx_word' id='word_1_121' title='bbox 1353 1029 1415 1073; x_wconf 87' lang='lat' dir='ltr'>qui</span> 
     </span>
     <span class='ocr_line' id='line_1_19' title="bbox 127 1080 1417 1130; baseline -0.003 -12"><span class='ocrx_word' id='word_1_122' title='bbox 127 1094 149 1118; x_wconf 90' lang='lat' dir='ltr'>a</span> <span class='ocrx_word' id='word_1_123' title='bbox 165 1086 341 1130; x_wconf 87' lang='lat' dir='ltr'>suscepto</span> <span class='ocrx_word' id='word_1_124' title='bbox 368 1083 559 1130; x_wconf 84' lang='lat' dir='ltr'>religiosae</span> <span class='ocrx_word' id='word_1_125' title='bbox 579 1083 666 1119; x_wconf 83' lang='lat' dir='ltr'>vitae</span> <span class='ocrx_word' id='word_1_126' title='bbox 685 1083 864 1119; x_wconf 87' lang='lat' dir='ltr'>instituto</span> <span class='ocrx_word' id='word_1_127' title='bbox 882 1082 1041 1119; x_wconf 83' lang='lat' dir='ltr'>deficere</span> <span class='ocrx_word' id='word_1_128' title='bbox 1063 1092 1107 1117; x_wconf 89' lang='lat' dir='ltr'>ac</span> <span class='ocrx_word' id='word_1_129' title='bbox 1126 1080 1313 1117; x_wconf 88' lang='lat' dir='ltr'>solemnia</span> <span class='ocrx_word' id='word_1_130' title='bbox 1328 1082 1417 1115; x_wconf 87' lang='lat' dir='ltr'>vota</span> 
     </span>
     <span class='ocr_line' id='line_1_20' title="bbox 126 1132 1415 1184; baseline -0.002 -14"><span class='ocrx_word' id='word_1_131' title='bbox 126 1135 303 1183; x_wconf 84' lang='lat' dir='ltr'>frangere</span> <span class='ocrx_word' id='word_1_132' title='bbox 323 1134 464 1172; x_wconf 84' lang='lat' dir='ltr'>velint:</span> <span class='ocrx_word' id='word_1_133' title='bbox 491 1136 711 1182; x_wconf 84' lang='lat' dir='ltr'>pariterque</span> <span class='ocrx_word' id='word_1_134' title='bbox 737 1139 877 1184; x_wconf 88' lang='lat' dir='ltr'>potest,</span> <span class='ocrx_word' id='word_1_135' title='bbox 900 1134 1101 1182; x_wconf 86' lang='lat' dir='ltr'>religiosas</span> <span class='ocrx_word' id='word_1_136' title='bbox 1121 1133 1275 1170; x_wconf 87' lang='lat' dir='ltr'>easdem</span> <span class='ocrx_word' id='word_1_137' title='bbox 1303 1132 1415 1169; x_wconf 76' lang='lat' dir='ltr'>fami-</span> 
     </span>
     <span class='ocr_line' id='line_1_21' title="bbox 127 1185 1416 1236; baseline -0.002 -12"><span class='ocrx_word' id='word_1_138' title='bbox 127 1188 213 1233; x_wconf 90' lang='lat' dir='ltr'>lias,</span> <span class='ocrx_word' id='word_1_139' title='bbox 244 1188 402 1236; x_wconf 87' lang='lat' dir='ltr'>perinde</span> <span class='ocrx_word' id='word_1_140' title='bbox 429 1199 471 1225; x_wconf 86' lang='lat' dir='ltr'>ae</span> <span class='ocrx_word' id='word_1_141' title='bbox 498 1187 722 1236; x_wconf 85' lang='lat' dir='ltr'>collegiatas</span> <span class='ocrx_word' id='word_1_142' title='bbox 748 1188 936 1225; x_wconf 83' lang='lat' dir='ltr'>Ecclesias</span> <span class='ocrx_word' id='word_1_143' title='bbox 958 1191 996 1224; x_wconf 89' lang='lat' dir='ltr'>et</span> <span class='ocrx_word' id='word_1_144' title='bbox 1022 1187 1207 1224; x_wconf 85' lang='lat' dir='ltr'>beneficia</span> <span class='ocrx_word' id='word_1_145' title='bbox 1230 1185 1416 1233; x_wconf 89' lang='lat' dir='ltr'>simplicia</span> 
     </span>
     <span class='ocr_line' id='line_1_22' title="bbox 127 1238 1417 1289; baseline -0.003 -12"><span class='ocrx_word' id='word_1_146' title='bbox 127 1241 245 1278; x_wconf 88' lang='lat' dir='ltr'>etiarn</span> <span class='ocrx_word' id='word_1_147' title='bbox 263 1241 361 1288; x_wconf 84' lang='lat' dir='ltr'>J&#39;uris</span> <span class='ocrx_word' id='word_1_148' title='bbox 385 1243 611 1288; x_wconf 88' lang='lat' dir='ltr'>patronatus</span> <span class='ocrx_word' id='word_1_149' title='bbox 633 1241 785 1289; x_wconf 88' lang='lat' dir='ltr'>penitus</span> <span class='ocrx_word' id='word_1_150' title='bbox 803 1242 1040 1288; x_wconf 85' lang='lat' dir='ltr'>extinguere,</span> <span class='ocrx_word' id='word_1_151' title='bbox 1064 1240 1295 1285; x_wconf 87' lang='lat' dir='ltr'>illorumque</span> <span class='ocrx_word' id='word_1_152' title='bbox 1315 1238 1417 1274; x_wconf 91' lang='lat' dir='ltr'>bona</span> 
     </span>
     <span class='ocr_line' id='line_1_23' title="bbox 129 1291 1417 1342; baseline -0.004 -12"><span class='ocrx_word' id='word_1_153' title='bbox 129 1298 166 1330; x_wconf 92' lang='lat' dir='ltr'>et</span> <span class='ocrx_word' id='word_1_154' title='bbox 183 1294 329 1331; x_wconf 84' lang='lat' dir='ltr'>reditus</span> <span class='ocrx_word' id='word_1_155' title='bbox 349 1294 467 1331; x_wconf 84' lang='lat' dir='ltr'>civilis</span> <span class='ocrx_word' id='word_1_156' title='bbox 487 1295 692 1342; x_wconf 86' lang='lat' dir='ltr'>potestatis</span> <span class='ocrx_word' id='word_1_157' title='bbox 717 1293 1042 1332; x_wconf 82' lang='lat' dir='ltr'>administrationi</span> <span class='ocrx_word' id='word_1_158' title='bbox 1061 1297 1099 1329; x_wconf 91' lang='lat' dir='ltr'>et</span> <span class='ocrx_word' id='word_1_159' title='bbox 1120 1292 1277 1329; x_wconf 86' lang='lat' dir='ltr'>arbitrio</span> <span class='ocrx_word' id='word_1_160' title='bbox 1300 1291 1417 1337; x_wconf 82' lang='lat' dir='ltr'>subji-</span> 
     </span>
     <span class='ocr_line' id='line_1_24' title="bbox 128 1347 658 1392; baseline 0.002 -9"><span class='ocrx_word' id='word_1_161' title='bbox 128 1358 213 1383; x_wconf 89' lang='lat' dir='ltr'>cere</span> <span class='ocrx_word' id='word_1_162' title='bbox 233 1352 270 1384; x_wconf 89' lang='lat' dir='ltr'>et</span> <span class='ocrx_word' id='word_1_163' title='bbox 283 1347 477 1384; x_wconf 89' lang='lat' dir='ltr'>vindicare</span> <span class='ocrx_word' id='word_1_164' title='bbox 499 1362 516 1380; x_wconf 68' lang='lat'>³&gt;</span> <span class='ocrx_word' id='word_1_165' title='bbox 538 1347 658 1392; x_wconf 81' lang='lat' dir='ltr'><strong>(LIII).</strong></span> 
     </span>
    </p>

    <p class='ocr_par' dir='ltr' id='par_1_7' title="bbox 131 1398 1420 1607">
     <span class='ocr_line' id='line_1_25' title="bbox 176 1398 1419 1446; baseline -0.004 -9"><span class='ocrx_word' id='word_1_166' title='bbox 176 1400 275 1437; x_wconf 85' lang='lat' dir='ltr'><strong>VIII.</strong></span> <span class='ocrx_word' id='word_1_167' title='bbox 294 1401 485 1437; x_wconf 67' lang='lat' dir='ltr'>Romanus</span> <span class='ocrx_word' id='word_1_168' title='bbox 506 1401 684 1437; x_wconf 65' lang='lat' dir='ltr'>Pontifex</span> <span class='ocrx_word' id='word_1_169' title='bbox 699 1403 830 1446; x_wconf 80' lang='lat' dir='ltr'>potest</span> <span class='ocrx_word' id='word_1_170' title='bbox 849 1410 934 1436; x_wconf 81' lang='lat' dir='ltr'>esse</span> <span class='ocrx_word' id='word_1_171' title='bbox 953 1400 1072 1436; x_wconf 86' lang='lat' dir='ltr'>etiam</span> <span class='ocrx_word' id='word_1_172' title='bbox 1092 1400 1181 1442; x_wconf 78' lang='lat' dir='ltr'>Rex,</span> <span class='ocrx_word' id='word_1_173' title='bbox 1196 1409 1264 1434; x_wconf 78' lang='lat' dir='ltr'>seu</span> <span class='ocrx_word' id='word_1_174' title='bbox 1276 1398 1419 1433; x_wconf 71' lang='lat' dir='ltr'>hahere</span> 
     </span>
     <span class='ocr_line' id='line_1_26' title="bbox 131 1451 1420 1500; baseline -0.003 -10"><span class='ocrx_word' id='word_1_175' title='bbox 131 1454 340 1490; x_wconf 79' lang='lat' dir='ltr'>dominium</span> <span class='ocrx_word' id='word_1_176' title='bbox 360 1455 584 1500; x_wconf 80' lang='lat' dir='ltr'>temporale,</span> <span class='ocrx_word' id='word_1_177' title='bbox 605 1455 681 1491; x_wconf 90' lang='lat' dir='ltr'>imo</span> <span class='ocrx_word' id='word_1_178' title='bbox 699 1454 821 1498; x_wconf 86' lang='lat' dir='ltr'>decet,</span> <span class='ocrx_word' id='word_1_179' title='bbox 837 1463 882 1490; x_wconf 88' lang='lat' dir='ltr'>ac</span> <span class='ocrx_word' id='word_1_180' title='bbox 899 1454 1016 1489; x_wconf 80' lang='lat' dir='ltr'>etiam</span> <span class='ocrx_word' id='word_1_181' title='bbox 1036 1462 1192 1488; x_wconf 81' lang='lat' dir='ltr'>necesse</span> <span class='ocrx_word' id='word_1_182' title='bbox 1211 1454 1269 1487; x_wconf 76' lang='lat' dir='ltr'>est</span> <span class='ocrx_word' id='word_1_183' title='bbox 1286 1455 1330 1487; x_wconf 87' lang='lat' dir='ltr'>ut</span> <span class='ocrx_word' id='word_1_184' title='bbox 1355 1451 1420 1486; x_wconf 79' lang='lat' dir='ltr'>ha-</span> 
     </span>
     <span class='ocr_line' id='line_1_27' title="bbox 131 1505 1420 1556; baseline -0.005 -11"><span class='ocrx_word' id='word_1_185' title='bbox 131 1507 235 1544; x_wconf 82' lang='lat' dir='ltr'>beat.</span> <span class='ocrx_word' id='word_1_186' title='bbox 268 1507 459 1543; x_wconf 82' lang='lat' dir='ltr'>Probatur</span> <span class='ocrx_word' id='word_1_187' title='bbox 494 1507 720 1552; x_wconf 81' lang='lat' dir='ltr'>singillatim</span> <span class='ocrx_word' id='word_1_188' title='bbox 752 1506 967 1556; x_wconf 86' lang='lat' dir='ltr'>propositio</span> <span class='ocrx_word' id='word_1_189' title='bbox 1001 1505 1131 1554; x_wconf 85' lang='lat' dir='ltr'>quoad</span> <span class='ocrx_word' id='word_1_190' title='bbox 1164 1514 1297 1541; x_wconf 87' lang='lat' dir='ltr'>omnes</span> <span class='ocrx_word' id='word_1_191' title='bbox 1329 1513 1420 1539; x_wconf 84' lang='lat' dir='ltr'>suas</span> 
     </span>
     <span class='ocr_line' id='line_1_28' title="bbox 132 1562 273 1607; baseline 0.007 -12"><span class='ocrx_word' id='word_1_192' title='bbox 132 1562 273 1607; x_wconf 81' lang='lat' dir='ltr'>parteS.</span> 
     </span>
    </p>

    <p class='ocr_par' dir='ltr' id='par_1_8' title="bbox 132 1608 1426 2349">
     <span class='ocr_line' id='line_1_29' title="bbox 176 1608 1416 1655; baseline -0.003 -7"><span class='ocrx_word' id='word_1_193' title='bbox 176 1612 316 1648; x_wconf 78' lang='lat' dir='ltr'>Potest.</span> <span class='ocrx_word' id='word_1_194' title='bbox 340 1611 412 1655; x_wconf 85' lang='lat' dir='ltr'>Qui</span> <span class='ocrx_word' id='word_1_195' title='bbox 426 1612 530 1648; x_wconf 87' lang='lat' dir='ltr'>enim</span> <span class='ocrx_word' id='word_1_196' title='bbox 548 1611 588 1648; x_wconf 91' lang='lat' dir='ltr'>id</span> <span class='ocrx_word' id='word_1_197' title='bbox 609 1610 832 1647; x_wconf 84' lang='lat' dir='ltr'>inficiantur</span> <span class='ocrx_word' id='word_1_198' title='bbox 850 1614 917 1647; x_wconf 88' lang='lat' dir='ltr'>aut</span> <span class='ocrx_word' id='word_1_199' title='bbox 931 1609 1136 1648; x_wconf 71' lang='lat' dir='ltr'>acatholici</span> <span class='ocrx_word' id='word_1_200' title='bbox 1154 1611 1242 1645; x_wconf 88' lang='lat' dir='ltr'>sunt</span> <span class='ocrx_word' id='word_1_201' title='bbox 1259 1619 1336 1645; x_wconf 91' lang='lat' dir='ltr'>non</span> <span class='ocrx_word' id='word_1_202' title='bbox 1357 1608 1416 1644; x_wconf 89' lang='lat' dir='ltr'>ad-</span> 
     </span>
     <span class='ocr_line' id='line_1_30' title="bbox 132 1661 1422 1712; baseline -0.004 -11"><span class='ocrx_word' id='word_1_203' title='bbox 132 1665 326 1701; x_wconf 89' lang='lat' dir='ltr'>mittentes</span> <span class='ocrx_word' id='word_1_204' title='bbox 347 1675 484 1712; x_wconf 89' lang='lat' dir='ltr'>nempe</span> <span class='ocrx_word' id='word_1_205' title='bbox 505 1665 542 1700; x_wconf 92' lang='lat' dir='ltr'>in</span> <span class='ocrx_word' id='word_1_206' title='bbox 569 1666 743 1701; x_wconf 79' lang='lat' dir='ltr'>Romano</span> <span class='ocrx_word' id='word_1_207' title='bbox 764 1664 946 1700; x_wconf 80' lang='lat' dir='ltr'>Pontissce</span> <span class='ocrx_word' id='word_1_208' title='bbox 967 1673 1190 1710; x_wconf 90' lang='lat' dir='ltr'>supremam</span> <span class='ocrx_word' id='word_1_209' title='bbox 1208 1672 1285 1709; x_wconf 90' lang='lat' dir='ltr'>qua</span> <span class='ocrx_word' id='word_1_210' title='bbox 1303 1661 1422 1708; x_wconf 88' lang='lat' dir='ltr'>pollet</span> 
     </span>
     <span class='ocr_line' id='line_1_31' title="bbox 135 1714 1422 1764; baseline -0.004 -10"><span class='ocrx_word' id='word_1_211' title='bbox 135 1718 404 1754; x_wconf 87' lang='lat' dir='ltr'>auctoritatem</span> <span class='ocrx_word' id='word_1_212' title='bbox 425 1716 667 1764; x_wconf 87' lang='lat' dir='ltr'>spiritualem</span> <span class='ocrx_word' id='word_1_213' title='bbox 688 1717 726 1751; x_wconf 90' lang='lat' dir='ltr'>in</span> <span class='ocrx_word' id='word_1_214' title='bbox 747 1717 936 1762; x_wconf 75' lang='lat' dir='ltr'>regimine</span> <span class='ocrx_word' id='word_1_215' title='bbox 956 1716 1148 1760; x_wconf 70' lang='lat' dir='ltr'>Ecclesiae,</span> <span class='ocrx_word' id='word_1_216' title='bbox 1161 1719 1226 1751; x_wconf 88' lang='lat' dir='ltr'>aut</span> <span class='ocrx_word' id='word_1_217' title='bbox 1242 1714 1422 1751; x_wconf 84' lang='lat' dir='ltr'>catholici</span> 
     </span>
     <span class='ocr_line' id='line_1_32' title="bbox 135 1767 1423 1814; baseline -0.004 -8"><span class='ocrx_word' id='word_1_218' title='bbox 135 1773 224 1806; x_wconf 88' lang='lat' dir='ltr'>sunt</span> <span class='ocrx_word' id='word_1_219' title='bbox 243 1775 280 1806; x_wconf 89' lang='lat' dir='ltr'>et</span> <span class='ocrx_word' id='word_1_220' title='bbox 303 1780 385 1806; x_wconf 90' lang='lat' dir='ltr'>esse</span> <span class='ocrx_word' id='word_1_221' title='bbox 408 1770 553 1807; x_wconf 87' lang='lat' dir='ltr'>volunt.</span> <span class='ocrx_word' id='word_1_222' title='bbox 583 1769 622 1805; x_wconf 90' lang='lat' dir='ltr'>Si</span> <span class='ocrx_word' id='word_1_223' title='bbox 647 1769 865 1813; x_wconf 87' lang='lat' dir='ltr'>acatholici,</span> <span class='ocrx_word' id='word_1_224' title='bbox 897 1779 974 1804; x_wconf 93' lang='lat' dir='ltr'>non</span> <span class='ocrx_word' id='word_1_225' title='bbox 1004 1767 1110 1804; x_wconf 86' lang='lat' dir='ltr'>video</span> <span class='ocrx_word' id='word_1_226' title='bbox 1137 1779 1205 1803; x_wconf 85' lang='lat' dir='ltr'>cur</span> <span class='ocrx_word' id='word_1_227' title='bbox 1233 1767 1423 1814; x_wconf 84' lang='lat' dir='ltr'>denegent</span> 
     </span>
     <span class='ocr_line' id='line_1_33' title="bbox 136 1821 1423 1870; baseline -0.005 -10"><span class='ocrx_word' id='word_1_228' title='bbox 136 1825 309 1860; x_wconf 84' lang='lat' dir='ltr'>Romano</span> <span class='ocrx_word' id='word_1_229' title='bbox 328 1822 502 1860; x_wconf 88' lang='lat' dir='ltr'>Pontifici</span> <span class='ocrx_word' id='word_1_230' title='bbox 523 1824 737 1868; x_wconf 87' lang='lat' dir='ltr'>competere</span> <span class='ocrx_word' id='word_1_231' title='bbox 751 1832 863 1870; x_wconf 88' lang='lat' dir='ltr'>posse</span> <span class='ocrx_word' id='word_1_232' title='bbox 876 1821 1024 1868; x_wconf 81' lang='lat' dir='ltr'>regiam</span> <span class='ocrx_word' id='word_1_233' title='bbox 1044 1821 1309 1856; x_wconf 84' lang='lat' dir='ltr'>auctoritatem</span> <span class='ocrx_word' id='word_1_234' title='bbox 1327 1826 1423 1855; x_wconf 85' lang='lat' dir='ltr'>tem-</span> 
     </span>
     <span class='ocr_line' id='line_1_34' title="bbox 136 1873 1424 1924; baseline -0.003 -12"><span class='ocrx_word' id='word_1_235' title='bbox 136 1876 322 1924; x_wconf 87' lang='lat' dir='ltr'>poralem,</span> <span class='ocrx_word' id='word_1_236' title='bbox 350 1879 387 1912; x_wconf 89' lang='lat' dir='ltr'>et</span> <span class='ocrx_word' id='word_1_237' title='bbox 407 1885 493 1912; x_wconf 88' lang='lat' dir='ltr'>eam</span> <span class='ocrx_word' id='word_1_238' title='bbox 519 1875 644 1922; x_wconf 90' lang='lat' dir='ltr'>ipsam</span> <span class='ocrx_word' id='word_1_239' title='bbox 667 1874 880 1911; x_wconf 86' lang='lat' dir='ltr'>concedant</span> <span class='ocrx_word' id='word_1_240' title='bbox 907 1874 1081 1922; x_wconf 88' lang='lat' dir='ltr'>personis</span> <span class='ocrx_word' id='word_1_241' title='bbox 1102 1873 1223 1910; x_wconf 87' lang='lat' dir='ltr'>laicis.</span> <span class='ocrx_word' id='word_1_242' title='bbox 1256 1873 1293 1909; x_wconf 92' lang='lat' dir='ltr'>Si</span> <span class='ocrx_word' id='word_1_243' title='bbox 1319 1873 1424 1909; x_wconf 89' lang='lat' dir='ltr'>enim</span> 
     </span>
     <span class='ocr_line' id='line_1_35' title="bbox 135 1925 1424 1976; baseline -0.003 -11"><span class='ocrx_word' id='word_1_244' title='bbox 135 1929 250 1966; x_wconf 90' lang='lat' dir='ltr'>ceteri</span> <span class='ocrx_word' id='word_1_245' title='bbox 267 1928 443 1965; x_wconf 88' lang='lat' dir='ltr'>homines</span> <span class='ocrx_word' id='word_1_246' title='bbox 457 1938 567 1976; x_wconf 86' lang='lat' dir='ltr'>reges</span> <span class='ocrx_word' id='word_1_247' title='bbox 597 1937 682 1964; x_wconf 87' lang='lat' dir='ltr'>esse</span> <span class='ocrx_word' id='word_1_248' title='bbox 703 1929 877 1975; x_wconf 86' lang='lat' dir='ltr'>possunt,</span> <span class='ocrx_word' id='word_1_249' title='bbox 899 1937 968 1962; x_wconf 90' lang='lat' dir='ltr'>cur</span> <span class='ocrx_word' id='word_1_250' title='bbox 984 1937 1060 1962; x_wconf 90' lang='lat' dir='ltr'>non</span> <span class='ocrx_word' id='word_1_251' title='bbox 1082 1927 1276 1962; x_wconf 87' lang='lat' dir='ltr'>Romanus</span> <span class='ocrx_word' id='word_1_252' title='bbox 1294 1925 1424 1961; x_wconf 89' lang='lat' dir='ltr'>Ponti-</span> 
     </span>
     <span class='ocr_line' id='line_1_36' title="bbox 136 1980 1426 2029; baseline -0.005 -11"><span class='ocrx_word' id='word_1_253' title='bbox 136 1983 224 2019; x_wconf 75' lang='lat' dir='ltr'>fex?</span> <span class='ocrx_word' id='word_1_254' title='bbox 246 1982 293 2017; x_wconf 81' lang='lat' dir='ltr'>Et</span> <span class='ocrx_word' id='word_1_255' title='bbox 312 1981 344 2017; x_wconf 91' lang='lat' dir='ltr'>si</span> <span class='ocrx_word' id='word_1_256' title='bbox 364 1982 553 2029; x_wconf 84' lang='lat' dir='ltr'>repugnat</span> <span class='ocrx_word' id='word_1_257' title='bbox 574 1981 793 2017; x_wconf 86' lang='lat' dir='ltr'>Romanum</span> <span class='ocrx_word' id='word_1_258' title='bbox 817 1980 1042 2016; x_wconf 84' lang='lat' dir='ltr'>Pontificem</span> <span class='ocrx_word' id='word_1_259' title='bbox 1068 1989 1149 2014; x_wconf 84' lang='lat' dir='ltr'>esse</span> <span class='ocrx_word' id='word_1_260' title='bbox 1174 1988 1305 2025; x_wconf 84' lang='lat' dir='ltr'>regem</span> <span class='ocrx_word' id='word_1_261' title='bbox 1331 1980 1426 2013; x_wconf 86' lang='lat' dir='ltr'>tern-</span> 
     </span>
     <span class='ocr_line' id='line_1_37' title="bbox 135 2031 1426 2082; baseline -0.005 -10"><span class='ocrx_word' id='word_1_262' title='bbox 135 2035 321 2082; x_wconf 85' lang='lat' dir='ltr'>poralem,</span> <span class='ocrx_word' id='word_1_263' title='bbox 347 2045 415 2071; x_wconf 91' lang='lat' dir='ltr'>cur</span> <span class='ocrx_word' id='word_1_264' title='bbox 440 2044 518 2071; x_wconf 89' lang='lat' dir='ltr'>non</span> <span class='ocrx_word' id='word_1_265' title='bbox 539 2036 772 2081; x_wconf 83' lang='lat' dir='ltr'>repugnaret</span> <span class='ocrx_word' id='word_1_266' title='bbox 793 2033 910 2069; x_wconf 88' lang='lat' dir='ltr'>etiam</span> <span class='ocrx_word' id='word_1_267' title='bbox 932 2032 1016 2068; x_wconf 84' lang='lat' dir='ltr'>aliis</span> <span class='ocrx_word' id='word_1_268' title='bbox 1040 2031 1262 2067; x_wconf 87' lang='lat' dir='ltr'>hominihus</span> <span class='ocrx_word' id='word_1_269' title='bbox 1281 2032 1296 2065; x_wconf 74' lang='lat'>⁶?</span> <span class='ocrx_word' id='word_1_270' title='bbox 1317 2050 1362 2056; x_wconf 90' lang='lat'>-</span> <span class='ocrx_word' id='word_1_271' title='bbox 1389 2031 1426 2066; x_wconf 85' lang='lat' dir='ltr'>Si</span> 
     </span>
     <span class='ocr_line' id='line_1_38' title="bbox 135 2084 1425 2134; baseline -0.005 -10"><span class='ocrx_word' id='word_1_272' title='bbox 135 2087 328 2133; x_wconf 85' lang='lat' dir='ltr'>catholici,</span> <span class='ocrx_word' id='word_1_273' title='bbox 343 2087 512 2134; x_wconf 87' lang='lat' dir='ltr'>profecto</span> <span class='ocrx_word' id='word_1_274' title='bbox 523 2087 616 2133; x_wconf 90' lang='lat' dir='ltr'>ipsis</span> <span class='ocrx_word' id='word_1_275' title='bbox 630 2097 706 2123; x_wconf 87' lang='lat' dir='ltr'>non</span> <span class='ocrx_word' id='word_1_276' title='bbox 711 2086 774 2133; x_wconf 85' lang='lat' dir='ltr'>jus</span> <span class='ocrx_word' id='word_1_277' title='bbox 777 2085 990 2132; x_wconf 86' lang='lat' dir='ltr'>judicandi,</span> <span class='ocrx_word' id='word_1_278' title='bbox 1009 2084 1076 2121; x_wconf 87' lang='lat' dir='ltr'>scd</span> <span class='ocrx_word' id='word_1_279' title='bbox 1090 2084 1260 2120; x_wconf 84' lang='lat' dir='ltr'>officium</span> <span class='ocrx_word' id='word_1_280' title='bbox 1272 2094 1425 2120; x_wconf 86' lang='lat' dir='ltr'>sacrum</span> 
     </span>
     <span class='ocr_line' id='line_1_39' title="bbox 136 2137 1426 2187; baseline -0.003 -11"><span class='ocrx_word' id='word_1_281' title='bbox 136 2139 324 2178; x_wconf 91' lang='lat' dir='ltr'>incumbit</span> <span class='ocrx_word' id='word_1_282' title='bbox 339 2139 571 2186; x_wconf 87' lang='lat' dir='ltr'>suscipiendi</span> <span class='ocrx_word' id='word_1_283' title='bbox 590 2140 860 2187; x_wconf 84' lang='lat' dir='ltr'>magisterium</span> <span class='ocrx_word' id='word_1_284' title='bbox 874 2138 1080 2175; x_wconf 75' lang='lat' dir='ltr'>Catholicae</span> <span class='ocrx_word' id='word_1_285' title='bbox 1094 2137 1272 2173; x_wconf 74' lang='lat' dir='ltr'>Ecclesiae</span> <span class='ocrx_word' id='word_1_286' title='bbox 1290 2138 1426 2173; x_wconf 77' lang='lat' dir='ltr'>Roma-</span> 
     </span>
     <span class='ocr_line' id='line_1_40' title="bbox 137 2189 1426 2241; baseline -0.005 -11"><span class='ocrx_word' id='word_1_287' title='bbox 137 2194 253 2241; x_wconf 87' lang='lat' dir='ltr'>nique</span> <span class='ocrx_word' id='word_1_288' title='bbox 283 2193 497 2239; x_wconf 80' lang='lat' dir='ltr'>Pontifici53</span> <span class='ocrx_word' id='word_1_289' title='bbox 531 2202 648 2240; x_wconf 87' lang='lat' dir='ltr'>quem</span> <span class='ocrx_word' id='word_1_290' title='bbox 688 2192 880 2228; x_wconf 75' lang='lat' dir='ltr'>vicarium</span> <span class='ocrx_word' id='word_1_291' title='bbox 918 2191 1059 2227; x_wconf 84' lang='lat' dir='ltr'>Christi</span> <span class='ocrx_word' id='word_1_292' title='bbox 1103 2190 1268 2232; x_wconf 68' lang='lat' dir='ltr'>Domini,</span> <span class='ocrx_word' id='word_1_293' title='bbox 1312 2189 1426 2236; x_wconf 85' lang='lat' dir='ltr'>Regis</span> 
     </span>
     <span class='ocr_line' id='line_1_41' title="bbox 137 2241 1425 2294; baseline -0.004 -12"><span class='ocrx_word' id='word_1_294' title='bbox 137 2257 275 2294; x_wconf 87' lang='lat' dir='ltr'>nempe</span> <span class='ocrx_word' id='word_1_295' title='bbox 294 2248 442 2294; x_wconf 82' lang='lat' dir='ltr'>Regum</span> <span class='ocrx_word' id='word_1_296' title='bbox 463 2249 502 2285; x_wconf 81' lang='lat' dir='ltr'>et</span> <span class='ocrx_word' id='word_1_297' title='bbox 522 2245 674 2286; x_wconf 89' lang='lat' dir='ltr'>Domini</span> <span class='ocrx_word' id='word_1_298' title='bbox 694 2245 776 2281; x_wconf 86' lang='lat' dir='ltr'>coeli</span> <span class='ocrx_word' id='word_1_299' title='bbox 797 2248 836 2282; x_wconf 86' lang='lat' dir='ltr'>et</span> <span class='ocrx_word' id='word_1_300' title='bbox 854 2247 958 2281; x_wconf 87' lang='lat' dir='ltr'>terra</span> <span class='ocrx_word' id='word_1_301' title='bbox 978 2244 1171 2291; x_wconf 88' lang='lat' dir='ltr'>suscipere</span> <span class='ocrx_word' id='word_1_302' title='bbox 1195 2247 1232 2278; x_wconf 82' lang='lat' dir='ltr'>et-</span> <span class='ocrx_word' id='word_1_303' title='bbox 1255 2241 1425 2278; x_wconf 88' lang='lat' dir='ltr'>venerari</span> 
     </span>
     <span class='ocr_line' id='line_1_42' title="bbox 133 2303 329 2349; baseline -0.01 -13"><span class='ocrx_word' id='word_1_304' title='bbox 133 2303 329 2349; x_wconf 69' lang='lat' dir='ltr'>‚tenentun</span> 
     </span>
    </p>

    <p class='ocr_par' dir='ltr' id='par_1_9' title="bbox 186 2349 1426 2401">
     <span class='ocr_line' id='line_1_43' title="bbox 186 2349 1426 2401; baseline -0.006 -11"><span class='ocrx_word' id='word_1_305' title='bbox 186 2353 310 2390; x_wconf 82' lang='lat' dir='ltr'>Decet.</span> <span class='ocrx_word' id='word_1_306' title='bbox 331 2351 528 2401; x_wconf 88' lang='lat' dir='ltr'>Siquidem</span> <span class='ocrx_word' id='word_1_307' title='bbox 546 2353 743 2390; x_wconf 77' lang='lat' dir='ltr'>Romanus</span> <span class='ocrx_word' id='word_1_308' title='bbox 760 2350 931 2387; x_wconf 75' lang='lat' dir='ltr'>Pontifex</span> <span class='ocrx_word' id='word_1_309' title='bbox 950 2349 1139 2397; x_wconf 81' lang='lat' dir='ltr'>spirituali</span> <span class='ocrx_word' id='word_1_310' title='bbox 1161 2351 1349 2394; x_wconf 82' lang='lat' dir='ltr'>potestate</span> <span class='ocrx_word' id='word_1_311' title='bbox 1366 2357 1426 2383; x_wconf 73' lang='lat' dir='ltr'>au·</span> 
     </span>
    </p>
   </div>
  </div>
 </body>
</html>
