1584 2569
203 138 272 171 320
766 147 937 172 Arrffimx

201 218 448 264 affirmative.
465 217 507 253 In
522 223 709 265 conceptu
736 218 840 253 enim
857 217 1082 254 substantias
1097 217 1174 254 duo
1198 216 1492 265 distinguimus,

200 271 407 318 positivum
426 282 563 318 nempe
583 282 659 318 quo
688 271 904 307 substantia
927 271 1176 307 constituitur
1197 271 1235 307 in
1265 271 1413 307 ratione
1435 281 1493 306 es-

201 324 334 360 sentiae
355 325 415 360 cui
433 324 618 371 competit
638 334 704 371 per
720 334 758 360 se
776 324 953 369 existere,
978 329 1016 359 et
1034 325 1251 369 neyatz'mcm
1271 334 1347 370 quo
1368 323 1494 359 exclu-

202 376 306 412 ditur
324 387 347 412 a
369 376 585 412 substantia
605 377 702 412 ratio
732 375 921 413 existendi
949 376 989 412 in
1016 376 1091 412 alio
1115 377 1214 412 sicut
1243 376 1282 411 in
1310 375 1492 422 subjecto.

201 429 337 466 Procul
360 429 476 465 dubio
504 430 535 465 si
561 440 628 465 ens
652 432 709 465 est
738 429 955 465 substantia
975 429 1233 466 essensialiter
1258 428 1444 475 competit
1460 427 1494 464 ei

203 486 327 518 totum
345 482 563 528 negativum
577 480 697 528 (quod
714 482 754 517 in
766 481 1008 517 indivisibili
1026 485 1084 517 est
1101 482 1248 526 situm),
1262 491 1402 528 nempe
1416 491 1494 516 non

202 545 281 570 esse
303 535 341 570 in
362 534 437 569 allo
457 534 557 570 sicut
577 533 620 569 in
635 532 807 580 subjecto
824 544 832 569 :
855 544 964 569 secus
982 533 1084 569 enim
1099 538 1166 569 aut
1186 533 1282 569 nihil
1297 537 1408 577 esset,
1427 537 1495 568 aut

201 587 389 623 accidens.
411 588 457 622 At
471 586 819 633 quoadpositivum
836 586 1058 632 scilicetper
1070 597 1109 622 se
1119 597 1207 631 esse,
1220 586 1318 621 nihil
1330 585 1494 633 impedit

201 641 409 687 quominus
430 640 686 675 intensitatem
700 640 946 686 perfectionis
960 638 1144 675 admittat
1159 651 1168 683 3
1183 650 1225 675 eo
1244 638 1362 675 ferme
1377 637 1495 674 modo

202 703 278 739 quo
293 693 549 729 intensz'tatem
557 692 684 739 quoad
692 694 903 738 positivum
916 692 1106 728 certitudo
1119 691 1304 736 admittit,
1319 690 1496 738 quamvis

203 757 279 783 non
301 745 481 781 admittat
498 745 626 792 quoad
649 745 867 792 negativum
887 745 941 790 (L.
954 746 1012 789 40,
1038 745 1115 789 IV).
1131 744 1320 780 Audiatur
1330 744 1367 780 S.
1396 744 1495 779 Tho-

204 809 309 835 mas:
334 813 349 831 ι
373 798 453 834 Hoc
471 798 626 845 aliquid
645 803 771 846 potest
791 798 913 845 accipi
930 797 1146 845 dupliciter.
1168 797 1249 833 Uno
1278 796 1409 842 modo,
1425 806 1496 844 pro

204 861 446 898 quocumque
463 851 694 887 subsistente
710 863 719 895 3
739 851 814 887 alio
827 850 957 895 modo,
974 861 1043 898 pro
1055 850 1285 886 subsistente
1303 850 1495 896 completo

204 905 241 940 in
262 908 400 939 natura
420 903 582 950 alicujus
609 904 761 950 speciei.
788 903 918 939 Primo
946 902 1078 948 modo,
1109 902 1278 939 excludit
1307 902 1496 937 inhaeren-

203 958 296 993 tiam
314 956 520 992 accidentis
541 960 578 992 et
603 956 736 992 formae
754 955 978 992 materialis.
1002 955 1179 991 Secundo
1198 954 1314 990 modo
1327 954 1495 990 excludit

205 1008 532 1056 imperfectionem
555 1009 687 1055 partis.
711 1007 816 1044 Unde
837 1018 975 1044 manus
999 1013 1128 1055 posset
1151 1007 1226 1044 dici
1250 1007 1319 1044 hoc
1340 1007 1494 1053 aliquid

204 1062 326 1110 primo
348 1060 478 1104 modo,
501 1061 566 1096 sed
591 1072 668 1096 non
698 1060 865 1096 secundo
883 1060 1014 1097 modo.
1039 1060 1099 1096 Sic
1120 1061 1239 1107 Igitur
1256 1071 1344 1095 cum
1364 1060 1496 1095 anima

202 1115 374 1150 humana
401 1114 449 1148 sit
478 1124 567 1160 pars
598 1114 736 1160 speciei
769 1113 963 1157 humanae,
986 1116 1112 1159 potest
1138 1112 1212 1148 dici
1245 1112 1318 1148 hoc
1350 1110 1496 1158 aliquid

202 1168 329 1215 primo
348 1166 464 1202 modo
481 1167 589 1212 quasi
606 1166 813 1201 subsistens
827 1166 941 1212 (quod
957 1170 1120 1212 negatur
1135 1165 1179 1201 de
1201 1164 1397 1201 brutorum
1411 1165 1497 1200 ani-

203 1219 337 1256 mabus
354 1230 436 1266 quoe
446 1229 517 1265 per
529 1229 567 1254 se
581 1229 657 1254 uon
670 1218 883 1254 subsistunt
900 1218 1090 1265 complete
1107 1217 1312 1254 iuratione
1323 1217 1496 1254 substan-

204 1273 307 1316 tz'ae);
325 1271 390 1307 sed
411 1281 489 1306 non
501 1270 668 1306 secundo
684 1270 800 1306 modo
817 1281 824 1305 :
841 1271 895 1306 sic
909 1271 1012 1306 enim
1029 1270 1289 1316 compositum
1305 1281 1350 1305 ex
1367 1271 1498 1308 anima

205 1329 408 1371 etcorpore
423 1322 563 1358 dicitur
580 1322 649 1358 hoc
667 1323 860 1369 aliquid.»
874 1323 927 1367 (P.
945 1323 973 1367 Ι,
993 1322 1062 1363 Qu.
1082 1322 1215 1357 LXXV.
1228 1324 1306 1357 Art.
1326 1322 1371 1367 ΙΙ,
1388 1322 1494 1366 adi),

205 1379 295 1414 Post
322 1376 358 1411 S.
391 1375 579 1411 Thomam
613 1376 768 1411 remitto
797 1376 1001 1411 Auctorem
1031 1374 1078 1410 ad
1107 1375 1340 1419 Suaresium,
1363 1376 1428 1422 qui
1458 1376 1497 1410 in

209 1431 286 1465 suis
318 1428 661 1473 Disputationibus
681 1428 965 1475 metaphysicis,
986 1428 1135 1474 Disput.
1157 1427 1316 1473 XXXIII,
1347 1430 1498 1476 egregie

210 1482 361 1518 disserit
393 1481 439 1517 de
472 1481 688 1518 substantia
719 1482 912 1529 completa
939 1485 978 1518 et
1008 1480 1243 1527 incompleta
1273 1481 1312 1516 in
1348 1481 1498 1517 ratione

209 1534 559 1571 substantialitatis.

254 1588 343 1629 Quae
364 1597 450 1622 vero
471 1587 612 1621 Auctor
631 1585 739 1621 addit
759 1585 805 1621 de
824 1585 1026 1632 principio,
1040 1585 1198 1631 operari
1216 1586 1388 1631 sequitur
1407 1597 1495 1631 esse,

208 1640 308 1676 unde
326 1639 536 1686 probamus
553 1638 787 1685 completam
811 1638 869 1673 vel
897 1638 1173 1685 incompletam
1198 1639 1387 1673 rationem
1409 1640 1497 1674 sub-

208 1692 470 1729 stantialitatis
488 1690 534 1727 de
555 1690 656 1727 facili
673 1691 886 1726 solvuntur.
910 1691 1055 1731 Quaerit
1069 1691 1172 1726 enim
1190 1701 1197 1724 :
1222 1704 1237 1722 ε
1259 1691 1496 1738 Principium

208 1745 302 1781 illud
319 1745 478 1791 operari
489 1743 662 1789 sequitur
675 1754 750 1779 esse
763 1743 836 1779 boc
847 1742 963 1779 modo
977 1753 1129 1790 quoque
1145 1748 1344 1789 acceptum
1358 1747 1401 1778 ut
1416 1754 1498 1789 ope·

207 1798 296 1835 rari
315 1808 387 1844 per
408 1807 446 1833 se
472 1801 725 1843 consequatur
743 1796 957 1833 necessario
982 1795 1029 1831 ad
1049 1806 1124 1832 esse
1143 1806 1215 1842 per
1233 1806 1271 1832 se
1291 1796 1344 1831 ita
1363 1801 1406 1831 ut
1426 1796 1499 1832 hoc

212 1854 374 1897 nequeat
396 1859 476 1885 esse
502 1850 583 1884 sine
609 1848 674 1884 ino
701 1853 758 1885 est
785 1859 832 1884 ne
864 1847 1202 1884 demonstratum?
1234 1862 1250 1881 ›
1283 1848 1495 1893 (Scholion,

205 1914 297 1952 pag.
326 1903 422 1947 317.)
443 1921 489 1928 -—
509 1901 734 1948 Respondeo
765 1901 999 1948 principium
1031 1900 1125 1936 illud
1158 1911 1235 1936 non
1262 1901 1388 1937 solum
1418 1912 1499 1937 esse

210 1955 429 2003 plenissime
455 1953 777 1999 demonstratum,
798 1953 864 1989 sed
885 1954 1005 1990 teneri
1027 1964 1137 2000 posse
1155 1958 1197 1989 ut
1215 1964 1284 1999 per
1298 1965 1335 1989 se
1353 1959 1496 1990 notum.

208 2009 291 2045 Non
309 2008 411 2044 enirn
433 2007 588 2053 aliquid
606 2007 690 2053 aqit
714 2007 797 2043 nisi
821 2011 1006 2053 quatenus
1025 2007 1169 2042 existit.
1192 2006 1290 2053 Ergo
1309 2018 1353 2043 eo
1380 2007 1498 2043 modo

210 2072 286 2109 quo
307 2059 452 2106 aliquid
468 2060 506 2095 in
524 2070 562 2095 se
581 2059 698 2095 habet
711 2060 954 2096 existentiam
970 2063 1095 2106 potest
1114 2069 1226 2105 agere
1241 2070 1249 2103 3
1269 2069 1360 2106 ergo
1376 2059 1406 2095 si
1421 2070 1498 2095 non

210 2113 339 2150 existit
360 2113 432 2147 nisi
455 2111 717 2158 dependenter
737 2116 773 2148 et
794 2112 988 2148 indivisim
1007 2112 1052 2147 ab
1072 2111 1161 2155 alio,
1184 2116 1220 2146 et
1239 2111 1497 2158 dependenter

211 2170 248 2202 et
265 2164 459 2201 indivisim
472 2165 518 2200 ab
535 2165 608 2200 alio
621 2166 701 2212 agit
718 2165 770 2210 ;si
789 2176 857 2212 per
872 2175 910 2200 se
926 2165 1068 2208 existit,
1090 2175 1156 2211 per
1173 2175 1211 2199 se
1226 2175 1338 2211 agere
1356 2169 1496 2211 potest3

211 2218 243 2254 si
263 2217 392 2254 exIstit
409 2227 476 2264 per
493 2227 531 2252 se
553 2217 717 2263 perfecte
735 2217 773 2252 in
794 2217 943 2253 ratione
964 2221 1126 2261 naturae,
1148 2226 1216 2262 per
1234 2227 1272 2251 se
1290 2217 1329 2251 in
1350 2217 1500 2252 ratione

211 2275 360 2307 naturoe
381 2269 544 2316 perfecte
566 2279 677 2315 agere
698 2274 837 2316 potest,
868 2275 939 2305 etc.
960 2268 1065 2304 Unde
1086 2268 1231 2304 fallitur
1249 2269 1390 2305 Auctor
1409 2280 1497 2305 cum

213 2323 341 2368 addit3
364 2321 461 2364 Quid
480 2321 658 2369 prohibet
676 2322 821 2368 aliquid
842 2322 997 2368 quidem
1019 2333 1086 2368 per
1100 2332 1138 2357 se
1156 2322 1317 2357 existere
1334 2321 1498 2369 ideoque

214 2376 361 2417 operari
382 2385 509 2418 posse,
527 2375 590 2410 sed
612 2376 764 2411 nonnisi
783 2376 1032 2421 conjunctum
1045 2385 1131 2410 cum
1154 2374 1242 2411 alio.
1258 2375 1311 2410 ita
1328 2378 1371 2409 ut
1389 2374 1434 2410 ab
1453 2384 1498 2410 eo
