1584 2569
171 113 239 148 258
262 122 491 149 JUSNATURAE.
509 124 578 148 Lm.
599 124 638 149 11.
656 124 733 149 CAP.
748 124 788 149 11.
811 124 853 149 DE
874 124 1061 149 SOCIETATE
1081 125 1153 150 CIV.
1170 125 1207 150 IN
1227 125 1265 150 SE
1285 125 1456 150 sPECTArA

171 194 274 231 mala
304 206 312 231 :
347 195 426 231 haec
459 195 562 231 enim
592 206 613 230 a
642 196 715 231 Deo
745 195 984 242 infliguntur,
1019 207 1134 242 penes
1162 207 1278 243 quem
1308 196 1456 232 nunum

172 248 280 284 nobis
305 247 369 294 jus
396 251 470 293 est3
498 251 535 284 at
560 259 647 284 vero
675 247 817 283 subditi
842 249 904 295 jus
931 249 1105 285 strictum
1126 249 1270 285 habent
1292 253 1334 284 ut
1356 253 1457 284 recte

171 313 192 337 a
219 300 389 348 Principe
411 302 684 347 gubernentur,
707 304 821 347 atque
846 302 929 337 ideo
956 302 1154 349 patiuntur
1180 302 1323 349 injuste
1355 313 1378 338 a
1403 305 1458 347 ty-

169 365 304 397 ranno,
344 354 406 400 qui
447 355 612 390 maxime
657 353 857 400 culpabilis
906 358 975 400 est,
1022 355 1173 390 etiamsi
1215 353 1459 402 tyrannidem

170 409 345 442 exerceat
367 408 444 442 Deo
465 406 666 451 tolerante,
693 411 733 441 ut
757 407 901 442 dictum
929 412 985 443 est
1007 418 1135 455 supra.
1160 408 1328 454 Denique
1356 405 1460 454 quod

170 460 360 507 patienter
386 459 552 495 ferendae
580 459 653 494 sint
679 459 883 495 hominum
903 460 1101 506 injustitiae
1118 460 1373 496 libentissime
1394 460 1462 495 ad—

169 512 295 554 mitt0‚
334 511 398 548 sed
431 512 616 558 patientia
648 523 725 548 non
766 512 919 559 perimit
957 513 1178 549 facultatem
1217 514 1256 549 in
1294 513 1462 559 patiente

169 563 366 611 repetendi
393 565 593 611 proprium
610 564 693 610 jus;
726 569 762 600 et
786 566 816 600 si
837 565 909 601 hoc
930 576 1060 601 verum
1080 570 1136 601 est
1158 565 1257 601 inter
1287 566 1384 602 cives
1404 567 1444 603 in

170 617 359 663 dividuos,
378 618 450 652 erit
468 618 604 653 saltem
619 627 728 664 aeque
742 628 874 653 verum
889 619 928 653 in
946 619 1141 666 republica
1161 623 1334 665 respectu
1352 621 1457 666 prin-

168 672 278 718 cipis.
301 671 465 712 Quaestio
489 671 604 717 igitur
619 674 765 706 manet.

215 725 311 760 XIII.
325 724 455 759 Tertia
467 724 676 759 sententia.
691 723 795 760 Unde
813 724 878 760 alii
900 724 1030 759 dicunt
1043 724 1147 771 quod
1161 735 1276 770 penes
1294 725 1392 761 cives
1405 728 1462 761 est

166 777 228 822 jus
248 775 500 822 protestandi,
517 776 750 822 appellandi,
765 776 917 823 aliaque
935 776 1075 812 similia
1095 777 1222 812 media
1239 776 1460 813 adhibendi.

169 828 337 864 Perbelle
352 827 388 863 id
402 828 572 874 quidem.
597 828 669 863 Sed
692 839 698 863 :
724 830 759 862 1⁰
775 829 973 874 Tyrannus
991 828 1055 874 qui
1076 838 1142 874 per
1156 828 1258 875 leges
1272 834 1398 875 aperte
1414 831 1466 865 in-

166 883 291 928 justas
311 882 362 927 (in
383 881 454 916 hac
475 881 577 917 enim
593 881 809 928 hypothesi,
829 882 860 916 si
880 881 999 917 lector
1018 881 1114 917 bene
1126 881 1316 927 meminit,
1339 883 1463 917 exclu-

169 935 245 970 sive
275 935 490 979 loquimur)
521 934 666 969 bonum
696 945 901 970 commune
937 934 1118 978 destruit,
1149 938 1186 969 et
1211 934 1350 969 civium
1375 935 1464 980 jura

168 986 406 1035 pessumdat,
429 990 532 1022 certo
556 988 696 1023 certius
725 986 910 1033 impediet
933 987 1141 1032 quominus
1167 986 1265 1022 cives
1291 987 1464 1034 legaliter

168 1044 344 1086 repetant
359 1040 449 1085 jura
466 1040 632 1087 propria.
659 1041 703 1074 Et
723 1040 762 1075 in
784 1040 856 1075 hoc
879 1040 992 1075 casu?
1012 1039 1122 1074 Redit
1152 1039 1372 1084 difficultas,
1396 1051 1465 1075 cu-

166 1094 229 1139 jus
259 1093 489 1128 solutionem
525 1093 748 1139 quaerimus.
786 1113 826 1118 —
855 1095 893 1128 20
918 1093 1047 1127 Potest
1076 1103 1157 1127 esse
1187 1092 1396 1137 periculum
1426 1093 1463 1128 in

172 1156 293 1189 mora,
313 1148 354 1180 ut
375 1150 483 1190 puta,
506 1146 535 1180 si
556 1149 742 1191 tyrannus
760 1150 862 1180 certo
883 1145 1012 1180 tradat
1038 1144 1317 1190 rempublicam
1339 1149 1466 1180 extra-

170 1207 253 1234 neae
275 1198 546 1241 dominationi,
566 1197 622 1232 vel
648 1198 750 1244 leges
777 1197 916 1232 condat
937 1197 975 1231 in
997 1197 1241 1232 manifestam
1260 1198 1468 1244 perniciem

170 1251 324 1295 civium,
348 1254 385 1285 et
413 1250 487 1286 alia
513 1250 683 1285 similia:
710 1251 749 1285 in
776 1251 915 1297 quibus
935 1250 1088 1285 casibus
1115 1253 1181 1285 aut
1207 1250 1467 1285 resistendum

171 1308 240 1344 est,
264 1306 329 1338 aut
355 1303 696 1339 succumbendum.
725 1303 838 1338 Estne
865 1302 968 1338 licita
988 1303 1226 1338 resistentia?
1246 1303 1283 1338 Si
1310 1313 1387 1338 non
1408 1307 1466 1338 est

170 1357 287 1401 licita,
319 1366 408 1403 ergo
440 1355 644 1392 ridiculum
677 1359 733 1391 est
764 1356 827 1403 jus
860 1355 965 1402 quod
1000 1356 1143 1391 civibus
1175 1354 1396 1391 conceditur
1428 1357 1467 1391 in

173 1409 383 1456 Principem
405 1408 534 1455 quoad
558 1411 706 1444 rectum
726 1409 899 1455 regimen
920 1409 958 1443 in
982 1409 1182 1451 societate;
1206 1408 1236 1443 si
1265 1411 1321 1443 est
1350 1407 1466 1448 licita,

175 1472 265 1508 ergo
290 1461 452 1497 subditis
473 1461 692 1497 conceditur
721 1461 876 1507 aliquod
899 1461 962 1507 jus
989 1460 1093 1507 quod
1122 1471 1199 1496 non
1226 1465 1282 1496 est
1307 1460 1471 1507 simplex

173 1515 234 1560 jus
254 1514 505 1561 protestandi,
530 1514 759 1561 appellandi,
788 1518 858 1549 etc.
881 1534 926 1539 —-
946 1514 1066 1560 Igitur
1095 1524 1224 1549 assero
1248 1514 1287 1548 in
1308 1513 1471 1548 subditis

173 1568 349 1603 strictum
371 1567 543 1602 officium
574 1566 782 1602 adhibendi
806 1567 912 1612 prius
942 1567 1073 1602 omnia
1096 1566 1223 1601 media
1250 1567 1408 1612 pacifica
1428 1570 1471 1601 ut

175 1624 356 1667 tyrannus
377 1620 530 1655 recedat
551 1630 573 1655 a
590 1619 738 1666 legibus
758 1619 959 1655 manifeste
986 1619 1125 1665 iniquis
1145 1623 1181 1654 et
1202 1624 1332 1665 aperte
1351 1620 1468 1654 socie-

175 1672 243 1708 tati
263 1672 499 1716 exitialibus;
513 1674 580 1708 sed
598 1683 674 1708 non
688 1672 796 1707 video
815 1672 983 1707 solutam
1005 1672 1273 1718 quaestionem,
1295 1672 1332 1706 in
1349 1671 1470 1718 hypo·

173 1726 271 1760 thesi
293 1724 396 1772 quod
419 1725 482 1760 illa
505 1724 632 1760 media
653 1725 794 1760 suerint
815 1724 1039 1763 inefficacia.

222 1779 313 1814 XIV.
328 1779 469 1822 Quarta
483 1779 691 1813 sententia.
704 1778 846 1820 Quarto
859 1777 941 1813 loco
956 1775 1277 1812 animadvertitur
1289 1776 1394 1823 quod
1409 1787 1468 1811 re-

177 1831 348 1867 sistentia
379 1834 542 1878 tyranno
571 1831 719 1877 maJ'ora
751 1830 854 1866 mala
889 1830 1061 1865 societati
1097 1829 1206 1865 facile
1243 1830 1354 1876 parit.
1397 1831 1474 1865 Aut

176 1885 278 1920 enim
299 1884 517 1920 resistentia
534 1888 684 1919 armata
706 1894 783 1919 non
806 1883 998 1930 praevalet‚
1024 1885 1059 1918 et
1081 1887 1267 1929 tyrannus
1288 1893 1472 1928 provoca-

178 1943 236 1973 tus
257 1939 379 1984 mayis
399 1937 563 1981 desumit,
583 1940 624 1972 ut
641 1937 674 1973 S.
697 1936 864 1972 Thomas
886 1935 975 1971 dicit
996 1937 1010 1971 I
1029 1935 1084 1971 De
1103 1936 1297 1982 Reyimine
1313 1935 1473 1971 Princi-

175 2001 279 2036 pum,
305 1992 394 2037 Gap.
417 1990 480 2032 VI;
511 1994 576 2025 aut
600 1989 794 2036 praevalet,
821 1993 858 2024 et
878 1991 920 2023 ut
940 1988 1084 2024 ibidem
1119 1988 1155 2024 S.
1182 1989 1323 2024 Doctor
1349 1991 1470 2030 notat,

182 2057 196 2074 ι
222 2052 269 2078 ex
290 2041 362 2077 hoc
388 2042 471 2088 ipso
492 2042 721 2089 proveniunt
741 2041 938 2077 multoties
955 2040 1189 2087 gravissimae
1211 2040 1471 2075 dissensiones

177 2096 216 2130 in
236 2094 379 2142 populo
406 2094 482 2129 sive
510 2094 603 2130 dum
630 2095 668 2130 in
690 2098 896 2140 tyrannum
921 2093 1143 2140 insurgitur,
1168 2093 1244 2127 sive
1272 2092 1364 2127 dum
1386 2096 1474 2136 post

179 2146 431 2194 dejectionem
450 2147 616 2193 tyranni,
636 2157 728 2194 erga
745 2146 1028 2182 ordinationem
1048 2144 1248 2192 regiminis
1263 2144 1472 2180 multitudo

180 2203 381 2246 separatur
411 2199 449 2234 in
478 2203 620 2245 partes.
645 2199 836 2245 Contingit
857 2198 985 2242 etiam,
1009 2201 1048 2233 ut
1069 2197 1264 2233 interdum
1293 2196 1386 2232 dum
1408 2196 1476 2232 ali-

183 2253 287 2299 quus
312 2252 454 2288 auxilio
477 2251 683 2287 multitudo
706 2252 861 2298 expellit
882 2256 1101 2298 tyrannum,
1125 2250 1186 2285 ille
1208 2252 1396 2296 potestate
1419 2260 1476 2285 ac-

183 2307 289 2351 cepta
312 2304 555 2352 tyrannidem
577 2305 737 2350 arripiat
755 2314 764 2341 2
781 2307 818 2340 et
833 2304 971 2340 timens
993 2304 1071 2351 pati
1092 2302 1138 2339 ab
1161 2302 1234 2338 alio
1261 2302 1365 2350 quod
1394 2302 1475 2348 ipse

182 2359 220 2393 in
244 2357 363 2394 alium
378 2357 477 2401 fecit,
497 2357 661 2404 graviori
677 2357 859 2394 servitute
874 2356 1047 2393 subditos
1060 2356 1268 2403 opprimat.
1293 2370 1308 2387 2
1325 2373 1371 2381 «-
1392 2356 1476 2392 Haee
