1554 2569
166 154 209 189 16
232 161 361 188 mmm
386 158 456 186 mn.
484 161 509 185 1.
538 160 613 185 mr.
641 160 679 185 11.
707 159 751 185 m:
776 158 921 186 mres-a
940 160 1057 185 unum
1077 161 1166 185 mnis
1186 160 1339 186 nnumin
1361 161 1452 186 vim

164 235 326 282 quisque
359 233 568 280 cognoscit.
597 232 701 268 Unde
726 232 879 267 Boetius
904 232 982 267 Lib.
1011 233 1072 268 111.
1088 232 1143 268 De
1177 232 1448 278 consolatione,

166 297 279 334 prosa
301 287 373 330 VII,
397 289 495 321 recte
517 285 570 320 ait
593 295 600 320 :
624 298 639 316 ‹
661 284 757 327 Quid
778 287 907 319 autem
931 284 976 319 de
997 281 1168 330 corporis
1187 284 1451 332 voluptatibus

165 341 314 386 loquar,
349 348 512 385 quarum
554 337 776 384 appetentia
810 335 967 382 quidem
997 336 1111 383 plena
1141 341 1198 372 est
1229 337 1449 382 anxietatis,

165 392 320 427 satietas
345 401 432 426 vero
454 390 686 436 poenitentiae
700 388 718 424 ἱ)
739 390 908 431 Quantos
924 389 999 424 illas
1021 389 1189 434 morbos,
1212 400 1331 437 quam
1353 391 1449 425 into-

165 444 339 481 lerabiles
350 444 501 479 labores
515 443 625 490 quasi
641 443 849 489 quemdam
867 443 1031 478 fructum
1044 444 1225 490 nequitiae
1241 443 1451 479 fruentium

165 497 289 533 solent
301 496 440 532 referre
452 494 696 542 corporibus!
720 505 883 541 quarum
906 498 1032 531 motus
1050 495 1144 542 quid
1165 495 1452 542 habeatjucun·

165 551 296 586 ditatis
317 550 463 596 ignoro.
484 549 623 584 Tristes
641 559 727 584 vero
749 559 830 584 esse
852 548 1094 595 voluptatum
1114 550 1253 593 exitus,
1276 550 1451 596 quisquis

165 603 354 639 reminisci
374 601 578 637 libidinum
598 611 755 636 suarum
782 600 896 643 volet,
916 600 1124 647 intelliget3
1148 612 1248 647 quae,
1266 602 1297 637 si
1318 601 1451 637 beatos

164 656 311 692 efficere
331 658 500 702 possunt,
519 654 752 690 nihilcausae
765 658 834 696 est,
852 654 944 701 quin
966 653 1130 700 pecudes
1153 665 1307 702 quoque
1329 654 1452 690 beatae

164 719 245 744 esse
268 708 455 744 dicantur.
480 721 496 740 ι
518 707 572 743 Ib.
596 708 664 749 Qu.
687 707 733 750 ΙΙ,
754 707 870 742 Artic.
893 707 951 741 VI.

209 761 286 797 VII.
303 760 542 805 Impossibile
555 763 615 796 est
625 759 910 796 beatitudinem
923 759 1089 795 hominis
1101 760 1141 795 in
1155 760 1266 796 honis
1280 762 1451 806 corporis

165 813 390 850 consistere.
418 813 522 848 Bona
544 812 718 858 corporis
744 814 834 847 sunt
860 812 917 847 vel
947 812 1050 848 bona
1076 812 1273 848 sensibilia
1293 817 1452 848 externa

165 867 219 901 vel
245 866 371 912 ipsum
399 865 568 901 hominis
592 875 746 911 corpus.
772 865 970 900 Exteriora
996 869 1128 900 autem
1146 865 1247 901 bona
1266 876 1453 911 corporea

164 918 212 954 ad
251 918 397 954 bonum
429 918 551 964 ipsius
581 917 752 963 corporis
785 915 1028 953 ordinantur.
1044 917 1166 959 *Unde
1199 918 1231 953 si
1267 919 1453 964 probetur

166 969 443 1006 beatitudinem
475 981 552 1005 non
583 970 792 1005 consistere
820 970 859 1004 in
883 969 1057 1005 bonitate
1074 970 1247 1016 corporis
1274 970 1450 1015 humani,

165 1023 371 1070 probatum
391 1033 436 1057 ex
455 1022 705 1069 consequenti
726 1022 798 1057 erit
813 1022 851 1056 in
869 1021 974 1057 nullo
994 1021 1095 1057 bono
1117 1033 1303 1069 corporeo
1326 1024 1451 1059 beati-

165 1075 337 1111 tudinem
364 1075 577 1111 humanam
600 1075 807 1110 consistere
834 1084 959 1122 posse.
988 1075 1178 1111 Probatur
1196 1086 1286 1123 ergo
1308 1087 1450 1123 propo-

163 1128 249 1164 sitio
270 1127 397 1174 quoad
415 1128 626 1164 bonitatem
646 1128 831 1174 corporis.
855 1129 950 1163 Nam
968 1138 1043 1163 esse
1063 1128 1231 1163 hominis
1254 1140 1299 1164 ex
1322 1130 1453 1164 anima

163 1183 199 1216 et
224 1190 382 1226 corpore
410 1179 581 1224 resultat,
611 1190 679 1226 per
705 1190 790 1225 quae
808 1179 926 1215 homo
954 1180 1035 1226 ipse
1055 1180 1246 1215 definitur.
1271 1180 1451 1222 Quamvis

165 1237 290 1268 autem
311 1243 386 1267 esse
399 1233 570 1278 corporis
588 1231 803 1278 dependeat
822 1232 870 1267 ab
892 1233 1036 1275 anima,
1053 1242 1139 1280 quae
1153 1237 1210 1268 est
1230 1233 1312 1280 ejus
1326 1233 1450 1270 forma

163 1284 429 1320 substantialis
462 1286 536 1329 (Ps.
570 1286 624 1327 13,
654 1284 709 1328 V),
737 1294 812 1319 esse
838 1287 967 1320 tamen
1000 1284 1181 1321 humanae
1209 1286 1348 1321 animae
1374 1297 1450 1321 non

163 1337 352 1384 dependet
372 1348 393 1372 a
410 1347 583 1383 corpore,
604 1336 695 1383 quia
716 1337 796 1372 sine
817 1347 976 1384 corpore
997 1338 1079 1384 ipsa
1101 1349 1169 1384 per
1189 1349 1228 1373 se
1249 1338 1450 1373 immorta-

163 1390 248 1425 liter
274 1389 376 1431 vivit,
405 1393 446 1423 ut
473 1388 784 1424 demonstratum
805 1393 863 1424 est
889 1390 962 1433 (Ps.
986 1390 1020 1433 9,
1042 1390 1088 1424 VI
1112 1393 1148 1424 et
1170 1390 1292 1437 seqq.)
1312 1402 1320 1436 ;
1349 1401 1450 1436 prae-

164 1447 266 1477 terea
287 1442 415 1487 ipsum
429 1451 567 1487 corpus
583 1445 640 1476 est
658 1443 814 1488 propter
834 1441 1020 1486 animam,
1038 1442 1134 1477 sicut
1149 1442 1450 1478 instrumentum

163 1499 219 1529 est
242 1499 400 1540 propter
431 1493 617 1529 artificem
647 1494 713 1540 qui
745 1504 789 1529 eo
816 1494 938 1530 utitur
964 1494 1012 1530 ad
1037 1504 1127 1530 suas
1155 1495 1323 1531 actiones
1341 1507 1450 1531 exer-

162 1547 301 1583 :endas
322 1557 330 1582 :
355 1557 506 1592 semper
531 1547 633 1581 enim
659 1546 842 1582 inferiora
866 1547 915 1582 ad
936 1546 1127 1583 nobiliora
1151 1548 1393 1593 ordinantur,
1416 1554 1452 1584 et

162 1610 237 1635 non
269 1600 348 1634 vice
374 1610 496 1634 versa.
523 1599 627 1635 Unde
656 1600 788 1635 omnia
815 1599 918 1635 bona
943 1601 1115 1646 corporis
1145 1601 1375 1636 ordinantur
1403 1602 1451 1636 ad

163 1653 264 1688 bona
281 1652 436 1695 animas,
459 1652 555 1687 sicut
576 1651 624 1687 ad
646 1652 775 1687 finem.
800 1652 1040 1699 Impossibile
1056 1657 1186 1688 autem
1202 1656 1258 1689 est
1280 1658 1320 1689 ut
1340 1653 1449 1695 illud,

162 1704 265 1751 quod
286 1704 334 1740 ad
356 1704 460 1740 aliud
479 1704 691 1747 ordinatur,
715 1705 763 1740 sit
780 1705 939 1740 ultimus
961 1705 1047 1740 finis
1069 1706 1256 1752 ejusdem,
1279 1706 1378 1742 sicut
1406 1718 1451 1742 ex

165 1757 305 1793 tradita
325 1756 546 1792 definitione
570 1757 695 1792 ultimi
717 1757 804 1792 finis
825 1759 872 1803 (3,
892 1759 920 1802 I)
940 1760 1076 1793 notum
1096 1763 1166 1794 est.
1190 1759 1288 1806 Ergo
1310 1760 1451 1806 impos-

162 1810 270 1846 sibile
291 1810 465 1857 estquod
486 1810 525 1845 in
540 1808 650 1845 bonis
667 1810 837 1857 corporis
858 1811 1042 1846 consistat
1061 1812 1274 1849 beatitudo,
1292 1822 1376 1859 quae
1395 1816 1452 1849 est

162 1863 322 1899 ultimus
343 1864 430 1899 finis
451 1863 632 1899 humanae
652 1863 753 1899 vitae.
771 1884 816 1889 —
836 1862 935 1899 Ibid.
960 1865 1028 1906 Qu.
1052 1865 1096 1905 Il,
1117 1866 1234 1900 Artic.
1258 1866 1299 1901 V.

551 1976 803 2012 Aurianus
831 1976 1066 2013 SECUNDUS

780 2064 829 2108 (5)

189 2151 323 2187 Utrum
346 2149 535 2185 beatitudo
555 2149 724 2185 hominis
741 2150 926 2187 consistat
946 2150 986 2186 in
1008 2150 1139 2197 aliquo
1160 2160 1250 2187 oono
1273 2163 1425 2189 ammoe.
1484 2173 1501 2191 μ
1535 2143 1537 2145 ’

210 2240 239 2275 I.
269 2239 412 2275 Sensus
440 2239 680 2283 quaestionis.
706 2238 962 2275 Distinximus
990 2240 1038 2284 (4,
1056 2241 1082 2283 1)
1106 2239 1385 2277 beatitudinem
1413 2243 1452 2278 in

164 2291 403 2338 obstantiam,
427 2300 514 2337 quae
535 2294 592 2325 est
613 2301 672 2325 res
691 2301 809 2336 quam
831 2291 990 2338 adipisci
1012 2292 1291 2337 desideramus,
1313 2298 1350 2330 et
1369 2294 1453 2331 sub-

164 2344 340 2389 jectivam
364 2353 431 2377 seu
448 2342 665 2388 formalem,
686 2353 772 2389 quae
788 2347 846 2379 est
862 2343 1016 2390 adeptio
1038 2355 1102 2380 seu
1119 2346 1311 2390 possessio
1332 2346 1453 2382 beati-

164 2396 309 2433 tudinis
337 2394 548 2442 obJeetivae.
577 2395 690 2432 Nulla
716 2400 773 2432 est
794 2397 957 2436 Quaestio
976 2396 1021 2432 de
1039 2396 1274 2438 beatitudine
1295 2398 1452 2436 formali
