1584 2569
237 168 301 201 ¹88
352 175 409 200 ms
435 175 597 201 NATURAE.
626 176 683 201 Lm
711 176 747 201 11.
776 176 891 205 cust.
918 176 962 202 nu
987 176 1176 202 socinum
1201 176 1396 201 nomsssricA

233 248 420 283 minatam
443 248 469 283 B
491 248 562 284 sibi
583 248 620 283 in
642 248 936 284 matrimonium
963 248 1156 296 copulare.
1186 248 1283 296 Ergo
1311 248 1340 283 si
1368 249 1398 283 Α
1426 252 1462 283 et
1494 248 1521 282 B

232 301 480 337 matrimonio
514 302 745 349 junguntur,
793 301 912 337 libero
958 305 1157 337 contractu
1194 302 1434 349 J‘unguntur3
1469 301 1518 337 ita

232 363 370 401 nempe
388 358 429 389 ut
446 354 738 390 matrimonium
760 354 808 389 sit
827 365 912 390 vere
930 358 967 391 et
986 355 1141 402 proprie
1159 353 1283 390 dictus
1303 357 1501 390 contractu

232 407 332 442 inter
347 407 470 442 virum
492 412 528 442 et
542 407 758 452 mulierem,
781 407 907 454 ipsum
928 407 1222 443 matrimonium
1237 406 1505 443 contrahentes

231 459 385 494 Mutuus
405 464 535 495 autem
558 470 764 496 consensus
793 460 1106 496 contrahentium
1132 465 1189 496 est
1214 470 1329 496 causa
1355 459 1502 495 efficien

232 512 396 547 aliorum
417 517 697 557 contractuum,
721 513 786 559 qui
806 513 907 549 inter
923 513 1100 549 homines
1117 514 1228 548 fiunt.
1246 512 1345 560 Ergo
1363 516 1522 548 mutuus

231 575 439 600 consensus
466 567 675 612 conjugum
709 570 767 601 est
793 576 908 602 causa
933 565 1101 602 efficiens
1133 566 1387 601 matrimonii.
1417 564 1522 600 Unde

232 618 475 653 Innocentius
496 618 560 662 III,
577 618 667 665 Cap.
691 618 771 654 Tua
786 629 867 661 nos,
890 618 936 654 de
952 618 1215 665 [sponsalibus,
1239 619 1316 654 ait:
1337 618 1431 655 Sine
1450 629 1521 664 quo

233 672 440 715 (consensu)
457 676 576 706 cetera
591 676 775 718 nequeunt
790 671 915 717 foedus
924 672 1106 718 perficere
1121 671 1345 718 conjuqale;
1361 676 1398 707 et
1414 671 1522 706 Nico-

232 723 314 758 laus
333 723 449 770 Papa,
479 724 605 759 Causa
631 726 690 769 27,
712 724 781 765 Qu.
809 727 843 769 2,
872 724 961 771 Cap.
994 724 1193 771 Sufficiat,
1216 724 1308 759 dicit
1329 734 1337 759 ε
1361 723 1409 760 Si
1439 734 1520 759 con-

230 786 360 811 sensus
378 778 419 811 in
433 777 581 822 nuptiis
595 777 698 812 solus
714 777 814 822 forte
831 777 1009 823 defuerit,
1029 782 1150 813 cetera
1167 778 1297 812 omnia
1314 777 1426 812 e'tiam
1440 786 1523 812 cum

232 829 315 873 ipso
331 828 434 864 coitu
460 829 646 865 celebrata
669 829 938 875 frustrantur,·
962 834 1000 866 et
1020 830 1233 866 Concilium
1260 829 1521 865 Florentinum

233 883 269 916 in
298 881 455 918 Decreto
482 881 641 930 Eugenii
674 883 720 918 IV
753 894 822 930 pro
849 884 990 919 unione
1016 884 1291 928 Armenorum,
1326 882 1371 918 de
1404 892 1524 918 sacra-

232 938 362 970 mento
372 935 610 971 matrimonii
620 935 793 982 loquens,
807 935 943 971 habet:
964 935 1174 982 Septimum
1185 938 1518 971 estsacramentum

231 987 484 1023 matrimonii.
503 988 629 1024 Causa
640 989 809 1035 efficiens
821 989 1063 1024 matrimonii
1071 988 1301 1035 reyulariter
1312 992 1522 1023 estmutuus

232 1051 431 1076 consensus
451 1052 523 1087 per
548 1040 660 1076 verba
686 1041 731 1077 de
754 1042 938 1087 proesenti
968 1052 1177 1088 expressus.
1212 1041 1309 1077 Nota
1346 1040 1450 1087 quod
1481 1039 1522 1074 τὸ

231 1092 461 1139 reyulariter
480 1104 557 1129 non
581 1093 684 1129 cadit
705 1105 820 1141 super
839 1105 1088 1138 consensum,
1116 1095 1226 1140 quasi
1246 1104 1384 1140 nempe
1405 1094 1524 1140 possit

231 1147 403 1193 exceptio
422 1146 503 1182 dari
529 1147 568 1182 in
589 1158 790 1191 consensu,
813 1147 878 1183 sed
899 1147 1001 1183 cadit
1023 1158 1137 1194 super
1162 1146 1203 1181 τὸ
1230 1146 1342 1182 verba
1369 1146 1413 1182 de
1423 1157 1523 1192 proe-

230 1200 341 1244 senti,
367 1211 434 1246 per
460 1210 546 1246 quae
566 1200 797 1246 requlariter
823 1211 1030 1236 consensus
1055 1200 1297 1247 exprimitur.
1327 1199 1383 1235 Ad
1409 1210 1522 1246 quem

231 1262 459 1287 consensum
481 1252 682 1288 attendens
701 1253 808 1300 Hugo
825 1253 870 1288 de
893 1253 928 1289 S.
948 1253 1111 1297 Victore,
1128 1253 1266 1288 citatus
1280 1263 1302 1288 a
1318 1252 1354 1288 S.
1377 1252 1524 1288 Thoma

231 1304 426 1351 Supplem.
447 1305 489 1347 Q.
506 1306 626 1351 XLIV,
645 1307 723 1342 Art.
745 1306 808 1350 III,
829 1317 894 1342 seu
912 1306 970 1341 IV.
991 1307 1083 1341 Dist.
1105 1306 1245 1349 xxvu,
1262 1306 1332 1347 Qu.
1350 1305 1378 1341 1.
1394 1306 1472 1340 Art.
1494 1305 1521 1347 1,

230 1369 292 1404 qu.
313 1360 345 1403 3,
361 1359 654 1395 matrimonium
673 1359 807 1395 definit
825 1370 831 1394 :
851 1359 1016 1395 duarum
1033 1359 1259 1395 idonearum
1269 1368 1524 1405 personarum

232 1411 423 1457 leqitimus
434 1412 477 1447 de
484 1412 753 1458 conjunctione
761 1423 961 1449 consensus
971 1424 982 1447 .·
994 1422 1079 1459 quae
1091 1411 1264 1447 definitio
1278 1415 1334 1446 est
1347 1410 1521 1455 causalis,

230 1474 297 1499 seu
315 1464 541 1509 extrinseca,
564 1468 606 1500 ut
627 1463 678 1500 ib.
705 1469 814 1500 notat
829 1465 1056 1511 Angelicus3
1079 1475 1167 1500 cum
1188 1468 1323 1500 contra
1349 1462 1522 1498 definitio

231 1516 374 1551 tradita
388 1527 409 1551 a
422 1517 508 1563 jure
521 1527 682 1552 romano
703 1517 751 1552 sit
769 1517 980 1553 essentialis
1001 1521 1037 1552 et
1055 1517 1262 1553 intrinseca
1283 1516 1336 1561 (L.
1364 1517 1419 1560 14,
1442 1515 1521 1560 ΙΙΙ).

278 1569 337 1603 IV.
349 1569 620 1604 Corollaria.—
631 1568 1081 1615 Corollariumprimum.
1094 1568 1321 1615 Conjunctio
1331 1578 1524 1615 perquam

231 1621 525 1657 matrimonium
541 1622 789 1657 constituitur
805 1622 976 1657 maxima
995 1626 1051 1657 est
1073 1632 1081 1657 :
1101 1626 1158 1657 est
1180 1622 1282 1656 enim
1303 1621 1523 1667 conjunctio

231 1674 465 1718 animorum,
493 1674 541 1710 ad
567 1675 686 1710 vitam
717 1673 918 1710 indivisam
938 1675 978 1709 in
1004 1674 1224 1710 domesticis
1244 1673 1357 1709 rebus
1386 1672 1525 1709 ducen-

232 1725 335 1770 dam,
369 1730 406 1761 et
435 1731 492 1761 est
521 1727 636 1762 simul
669 1727 888 1774 conjunctio
915 1737 1122 1774 corporum
1151 1726 1199 1762 ad
1228 1736 1346 1762 unam
1375 1726 1522 1773 prolem

232 1778 505 1826 generandam.
537 1778 643 1815 Unde
675 1789 744 1827 per
769 1780 1064 1815 matrimonium
1099 1790 1145 1815 ex
1182 1779 1262 1815 viro
1299 1784 1336 1814 et
1364 1778 1524 1814 muliere

231 1831 423 1867 conflatur
438 1842 525 1867 vere
546 1842 623 1868 una
640 1843 806 1879 persona
826 1832 997 1868 moralis.

280 1884 540 1921 Corollarium
554 1885 728 1921 alterum.
752 1885 874 1933 Igitur
889 1886 1124 1933 principium
1139 1895 1296 1921 movens
1307 1884 1355 1921 ad
1370 1895 1525 1921 consen-

230 1948 317 1973 sum
338 1937 524 1983 dandum,
543 1948 619 1984 quo
640 1939 860 1986 conjunctio
888 1938 1188 1975 matrimonialis
1209 1937 1386 1982 efficitur,
1409 1937 1523 1974 debet

232 2001 312 2026 esse
333 1996 491 2027 mutuus
512 2001 623 2027 amor
641 1992 867 2039 conjugum,
887 1996 925 2027 et
941 1990 1098 2038 quidem
1117 2001 1226 2027 amor
1246 1991 1427 2026 amicitiae
1449 1991 1522 2033 (Ps.

232 2044 290 2087 45,
322 2043 370 2088 ΙΙ)
387 2054 394 2079 ;
425 2044 529 2079 solus
565 2044 667 2080 enim
704 2054 815 2080 amor
849 2044 1030 2080 amicitiae
1065 2048 1193 2091 potest
1227 2049 1265 2079 et
1298 2043 1521 2091 praedictarn

234 2096 389 2142 gignere
407 2097 610 2141 unitatem,
629 2100 667 2132 et
688 2096 794 2133 illam
814 2107 1052 2133 conservare.

282 2148 537 2185 Corollarium
557 2149 721 2186 tertium.
745 2150 841 2191 Quia
860 2161 947 2186 vero
967 2160 1078 2185 amor
1097 2149 1278 2185 amicitiae
1295 2149 1448 2184 nonnisi
1466 2159 1519 2184 ra-

233 2201 388 2237 tionalis
405 2212 514 2237 amor
528 2213 608 2238 esse
623 2207 763 2249 potest,
796 2213 919 2249 neque
933 2201 1123 2238 rationale
1140 2201 1285 2247 aliquid
1300 2211 1380 2237 esse
1398 2205 1524 2248 potest

233 2254 307 2290 nisi
327 2254 377 2290 sit
390 2253 616 2300 honestum3
637 2256 684 2291 ab
702 2255 901 2292 honestate
921 2256 1016 2302 ipsa,
1033 2254 1105 2291 hoc
1122 2259 1178 2290 est
1200 2265 1223 2291 a
1239 2254 1384 2290 mutuis
1404 2254 1523 2290 animi

234 2306 390 2343 dotibus
406 2312 444 2344 et
463 2309 620 2344 excitari
640 2313 678 2344 et
700 2309 818 2345 foveri
836 2310 1027 2356 praecipue
1045 2307 1157 2343 debet
1170 2308 1379 2355 conjugum
1399 2318 1522 2352 amor,

235 2369 313 2395 non
329 2370 419 2397 vero
440 2371 463 2397 a
481 2366 679 2398 venustate
699 2363 870 2409 corporis
887 2361 946 2397 vel
965 2361 1048 2396 aliis
1074 2360 1337 2396 materialibus
1360 2360 1522 2396 oblecta-

236 2413 404 2450 mentis:
434 2424 520 2462 quae
549 2414 705 2462 quidem
740 2414 1020 2451 oblectamenta
1051 2414 1246 2462 passiones
1283 2423 1522 2450 commovere
