1554 2569
143 123 208 158 ¹06
225 130 446 158 mmm-un.
461 129 503 155 ιι.
518 128 599 154 cir.
614 128 669 153 111.
685 127 728 153 nn
737 127 880 153 muzus
897 125 984 151 nun.
997 126 1035 151 m
1049 125 1132 151 onn.
1148 125 1194 151 An
1204 125 1421 160 nonnum-rc.

141 201 254 239 diunt
273 201 312 237 in
331 201 407 236 Deo
433 200 700 247 pluraritatem
720 197 908 241 idearum,
928 195 1139 233 secundum
1164 196 1267 243 quod
1286 207 1423 245 nempe

140 254 305 292 essentia
317 252 447 289 divina
461 251 553 289 dicit
571 251 740 288 diversos
753 254 946 297 respectus
965 249 1237 286 imitabilitatis
1256 249 1305 286 ad
1324 261 1423 287 crea-

141 311 261 342 turas.
281 306 327 340 At
346 305 434 340 finis
451 303 590 340 divinae
611 301 898 350 gubernationis
918 306 974 338 est
993 302 1138 337 bonum
1164 311 1368 339 commune
1387 307 1425 339 et

140 367 378 406 supremum,
399 355 501 403 quod
518 356 672 391 nonnisi
686 365 806 390 unum
823 364 903 390 esse
920 358 1047 401 potest
1065 365 1073 389 ι
1095 358 1131 390 et
1151 360 1426 401 consequenter
1477 358 1479 360 '

144 411 202 447 leae
221 415 360 446 oetcrna
380 413 433 444 est
457 418 536 444 una
560 407 656 452 (1-11‚
678 407 748 448 Qu.
769 406 896 451 XCIII,
917 406 1030 442 Artic.
1063 406 1092 451 Ι,
1121 405 1168 441 ad
1191 408 1238 451 1).
1262 407 1308 443 Et
1336 409 1426 455 quia

141 464 203 499 lex
234 461 420 498 naturalis
446 465 501 496 est
530 459 774 507 participatio
795 459 890 506 legis
924 463 1090 504 aeternae,
1122 459 1295 505 sequitur
1323 461 1425 507 quod

143 516 227 562 ipsa
250 514 312 550 lex
339 512 525 549 naturalis
551 512 705 547 nonnisi
734 521 812 547 una
837 521 917 546 esse
943 514 1082 558 potest.
1110 511 1289 547 Attamen
1316 513 1428 559 plura

142 566 313 602 continet
337 569 540 612 praecepta.
571 564 752 609 Precepta
781 563 897 606 enim,
929 567 972 597 ut
1003 561 1148 598 dictum
1179 567 1234 598 est
1255 564 1328 609 (22,
1348 564 1424 609 VI),

144 623 233 654 sunt
263 618 363 654 circa
393 627 438 653 ea
463 626 549 663 quae
581 615 629 651 ad
661 616 779 651 finem
810 618 899 650 sunt
927 625 936 649 ε
967 624 1054 661 quae
1082 625 1169 650 cum
1196 614 1307 662 plura
1336 616 1425 661 sint,

141 671 316 718 sequitur
326 668 777 717 proeceptalegisnaturae
787 677 867 703 esse
879 666 1002 714 plura.
1021 666 1067 702 Et
1087 666 1243 713 quidem
1258 668 1427 715 primum

144 727 379 770 praeceptum
399 720 579 756 coincidit
599 730 685 756 cum
707 720 832 766 primo
860 719 1048 766 principio
1067 719 1273 755 veritatum
1301 730 1427 756 mora-

145 776 240 810 lium
262 784 271 809 :
293 773 429 808 bonum
444 778 498 808 est
518 772 753 818 faciendum,
781 771 923 808 malum
951 776 1004 807 est
1022 771 1221 807 vitandum
1239 773 1309 818 (12,
1331 773 1395 818 ΙΙΙ)
1417 785 1425 818 ;

146 827 237 873 quia
256 830 490 873 praeceptum
511 835 588 861 non
607 828 665 860 est
681 825 754 860 nisi
774 824 967 871 expressio
985 823 1146 871 alicujus
1159 824 1331 861 veritatis
1349 835 1427 861 mo—

145 879 247 915 ralis.

191 930 299 972 Quod
320 931 350 966 si
371 931 443 967 hoc
463 934 519 966 est
541 930 711 977 primum
729 933 964 977 praeceptum
990 928 1085 975 legis
1104 933 1253 965 naturae
1269 941 1336 966 seu
1353 931 1427 977 pri-

145 994 252 1019 mum
262 983 493 1030 principium
505 983 715 1018 veritatum
733 981 954 1025 moralium,
967 981 1006 1016 in
1022 981 1103 1028 ipso
1121 982 1265 1028 pariter
1277 982 1426 1019 fundari

145 1046 294 1071 necesse
314 1039 371 1070 est
391 1035 523 1070 omnia
541 1034 617 1070 alia
633 1038 826 1081 praecepta
842 1033 936 1080 legis
953 1037 1102 1068 naturae
1119 1034 1228 1078 (sicut
1248 1034 1427 1071 veritates

145 1087 385 1134 speculativae
400 1086 612 1122 fundantur
628 1087 666 1121 in
676 1085 801 1132 primo
814 1084 1002 1132 principio
1019 1084 1428 1132 demonstrationum>;

149 1153 165 1171 ‹
188 1144 230 1174 ut
255 1138 398 1175 scilicet
425 1138 557 1174 omnia
584 1138 650 1174 illa
670 1137 842 1173 facienda
870 1137 929 1173 vel
960 1136 1117 1172 vitanda
1146 1138 1362 1184 pertineant
1382 1139 1430 1174 ad

146 1196 336 1238 praecepta
359 1190 454 1238 legis
475 1194 636 1234 naturae,
656 1199 742 1235 quae
762 1189 860 1224 ratio
882 1189 1049 1236 practica
1069 1189 1297 1226 naturaliter
1313 1190 1432 1227 dictat

145 1254 228 1279 esse
245 1244 348 1279 bona
372 1242 555 1278 humana.
576 1242 672 1283 Quia
697 1252 785 1277 vero
806 1241 952 1277 bonurn
978 1240 1093 1276 habet
1114 1243 1304 1278 rationem
1323 1243 1424 1288 finis,

147 1296 291 1332 malum
309 1299 438 1331 autem
459 1295 648 1330 rationem
668 1294 850 1329 contrarii
867 1305 876 1339 3
899 1292 987 1329 inde
1007 1298 1064 1329 est
1080 1293 1184 1341 quod
1202 1296 1334 1332 omnia
1352 1296 1430 1341 illa,

147 1347 195 1383 ad
211 1358 297 1395 quae
315 1347 432 1383 homo
450 1346 566 1382 habet
587 1345 802 1382 naturalem
822 1345 1126 1391 inclinationem,
1153 1347 1252 1383 ratio
1275 1352 1431 1384 natura-

147 1401 233 1435 liter
252 1398 505 1446 apprehendit
524 1403 567 1433 ut
590 1398 704 1443 hona,
727 1403 764 1433 et
790 1408 857 1444 per
880 1408 1117 1443 consequens
1142 1403 1185 1434 ut
1214 1410 1327 1446 opere
1348 1411 1431 1446 pro-

148 1451 353 1498 sequenda,
372 1456 410 1486 et
425 1451 619 1487 contraria
635 1461 769 1486 eorum
790 1454 832 1485 ut
852 1449 954 1485 mala
971 1455 1007 1484 et
1024 1450 1191 1487 vitanda.
1215 1451 1432 1488 Secundum

149 1505 199 1551 igi
207 1509 265 1539 tur
272 1504 443 1539 ordinem
455 1502 746 1539 inclinationum
753 1502 992 1538 naturalium
1005 1507 1057 1537 est
1066 1504 1155 1539 ordo
1164 1509 1434 1551 praeceptorum

149 1556 242 1602 legis
261 1561 424 1591 naluroe.

197 1622 212 1640 ‹
233 1609 334 1644 Inest
351 1608 454 1643 enim
465 1607 596 1653 primo
613 1607 810 1643 inclinatio
829 1608 978 1645 homini
999 1607 1046 1644 ad
1060 1608 1204 1644 bonum
1224 1609 1432 1645 secundum

149 1665 343 1705 naturam,
382 1661 421 1695 in
453 1670 530 1706 qua
565 1660 826 1696 communicat
857 1671 945 1697 cum
977 1660 1157 1696 omnibus
1196 1661 1432 1706 substantiis,

147 1717 263 1759 prout
273 1712 416 1748 scilicet
433 1711 614 1759 quaelibet
633 1712 848 1748 substantia
868 1713 1013 1760 appetit
1032 1714 1359 1750 conservationem
1377 1715 1434 1749 sui

150 1775 230 1800 esse
255 1763 467 1800 secundum
493 1774 603 1799 suam
624 1769 825 1809 naturam3
854 1769 890 1800 et
909 1764 1122 1800 secundum
1151 1764 1250 1801 hanc
1278 1765 1435 1801 inclina—

151 1818 295 1852 tionem
332 1816 497 1864 pertinet
531 1815 579 1851 ad
626 1816 751 1863 legem
786 1816 1004 1852 naturalem
1043 1826 1099 1861 ea,
1135 1827 1203 1864 per
1236 1827 1322 1864 quae
1358 1818 1437 1853 vita

150 1869 319 1905 hominis
335 1872 583 1905 conservatur
598 1873 636 1903 et
649 1869 885 1904 contrarium
908 1869 1129 1916 impeditur.

199 1936 215 1954 ‹
237 1921 410 1958 Secundo
442 1921 542 1957 inest
561 1921 711 1957 homini
743 1921 942 1958 inclinatio
977 1921 1027 1958 ad
1047 1921 1177 1968 aliqua
1207 1923 1330 1970 magis
1357 1933 1436 1970 spe-

147 1974 261 2009 cialia
282 1973 494 2009 secundum
512 1977 694 2009 naturam
723 1974 763 2009 in
784 1984 861 2020 qua
889 1974 1149 2010 communicat
1181 1984 1268 2010 cum
1303 1975 1438 2011 ceteris

150 2026 407 2071 animalibu53
441 2030 479 2061 et
513 2025 726 2061 secundum
764 2025 838 2061 hoc
874 2025 1056 2061 dicuntur
1087 2036 1130 2061 ea
1163 2037 1243 2062 esse
1275 2026 1321 2063 de
1355 2027 1438 2074 lege

152 2078 331 2122 naturali,
359 2088 446 2124 quae
472 2082 612 2114 natura
643 2078 774 2114 omnia
795 2078 979 2114 animalia
1004 2077 1159 2123 docuit3
1187 2082 1230 2113 ut
1255 2083 1312 2114 est
1336 2089 1438 2115 com·

152 2131 288 2166 mixtio
304 2130 421 2165 maris
439 2134 476 2165 et
493 2129 659 2175 feminae,
679 2135 715 2166 et
732 2130 908 2167 educatio
923 2130 1135 2166 liberorum
1153 2134 1189 2166 et
1206 2130 1360 2167 similia.

201 2196 217 2215 ‹
246 2182 372 2218 Tertio
391 2183 499 2218 modo
515 2183 612 2218 inest
629 2183 778 2218 homini
793 2183 988 2219 inclinatio
1000 2182 1049 2218 ad
1064 2183 1209 2218 bonum
1227 2183 1438 2219 secundun.

153 2240 332 2271 naturam
361 2234 535 2277 rationiS,
567 2245 653 2281 quae
676 2240 732 2271 est
758 2235 830 2271 sibi
856 2235 1038 2283 propria3
1061 2235 1158 2270 sicut
1178 2235 1295 2270 homo
1322 2235 1439 2272 habet

153 2287 367 2324 naturalem
395 2287 684 2323 inclinationem
713 2287 761 2323 ad
791 2288 864 2324 hoc
885 2287 989 2334 quod
1008 2288 1209 2323 veritatem
1233 2294 1438 2336 cognoscat

153 2339 198 2376 de
215 2340 306 2386 Deo,
328 2343 364 2376 et
382 2338 430 2376 ad
447 2339 520 2375 hoc
540 2338 642 2386 quod
662 2340 701 2376 in
719 2340 898 2376 societate
916 2340 1019 2376 vivat
1040 2351 1048 2374 :
1071 2344 1109 2375 et
1126 2339 1339 2390 secundum
1365 2341 1439 2388 hoc
