1554 2569
474 125 556 151 Αιιτ.
583 125 636 151 111.
658 125 702 151 nn
721 124 810 151 mcx
829 125 1009 152 ΝΑτῦιιω
1324 116 1393 156 ¹05

510 249 765 286 Affl‘icULus
791 249 980 286 'manus

713 332 785 377 (24)

567 412 622 449 De
642 413 717 459 Ieye
727 412 914 448 naturali.

145 512 175 550 1.
193 513 335 550 Existit
354 513 396 549 in
414 513 568 549 homine
587 513 650 548 lex
670 512 844 557 quaedam
864 513 1069 548 naturalis.
1091 512 1166 548 Lex
1188 511 1389 560 dupliciter

102 568 279 612 sumitur,
300 572 343 602 ut
359 577 475 614 supra
487 566 685 602 innuimus
706 567 778 610 (23,
801 565 994 609 II),active
1010 576 1150 613 nempe
1167 571 1204 602 et
1211 568 1389 613 passive:

101 619 221 655 active
239 623 428 666 quatenus
450 623 508 654 est
529 618 569 654 in
589 618 762 665 principe
782 618 1002 665 regulante3
1020 619 1178 665 passive
1203 624 1391 666 quatenu!

101 676 157 708 est
183 672 222 707 in
250 671 405 708 subdito
437 671 623 718 requlato.
654 671 769 718 Atqui
800 671 932 706 omnia
966 676 1094 707 creata
1131 672 1391 719 subjiciuntur

102 724 240 760 divinae
263 723 515 771 providentiae
545 734 613 770 per
636 723 762 770 legem
788 727 974 759 aeternam
998 724 1129 759 omnia
1161 724 1392 771 gubernanti

103 781 139 813 et
154 776 333 823 dirigenti
353 777 392 811 in
412 777 542 812 finem.
563 775 662 822 Ergo
680 776 740 812 lex
755 781 899 812 aeterna
918 776 1135 823 applicatur
1154 777 1336 812 omnibus
1357 782 1393 813 et

101 828 262 876 singulis
292 829 407 864 rebus
426 829 576 873 creatis,
602 833 639 864 et
663 833 719 863 est
743 828 890 875 passive
910 829 949 864 in
970 829 1075 875 ipsis.
1098 829 1143 864 Et
1163 830 1254 876 quia
1273 829 1392 865 homo

101 893 179 918 non
202 881 444 917 subtrahitur
462 880 529 916 sed
552 881 766 927 specialiori
789 881 1084 929 perfectiorique
1112 881 1228 917 modo
1254 882 1393 918 divinae

101 933 354 982 providentiae
388 933 604 980 subjicitur,
637 934 811 980 sequitur
851 933 954 980 quod
989 934 1049 970 lex
1101 939 1245 970 aeterna
1277 935 1326 970 sit
1355 936 1392 970 in

100 987 257 1023 homine
290 990 329 1023 et
356 985 514 1033 quidem
551 985 768 1032 perfectiori
797 985 914 1022 modo
933 997 1050 1033 quam
1068 987 1107 1022 in
1129 987 1264 1023 ceteris
1281 987 1395 1023 rebus

100 1040 249 1076 ratione
274 1038 479 1076 destitutis.
506 1038 713 1074 Videamus
739 1038 897 1085 quinam
927 1039 977 1074 sit
997 1038 1222 1085 huJ'usmodi
1240 1039 1392 1075 modus.

101 1093 223 1128 Homo
248 1092 288 1128 in
312 1091 392 1127 suis
418 1091 634 1127 actionibus
666 1090 846 1126 humanis
872 1091 1022 1127 ratione
1050 1092 1244 1139 dirigitur,
1274 1093 1329 1128 ita
1349 1097 1393 1127 ut

102 1145 200 1181 ratio
225 1143 335 1180 radix
363 1144 415 1180 sit
439 1154 519 1179 suae
543 1143 744 1187 libertatis,
775 1147 813 1179 et
842 1154 911 1190 per
942 1144 1066 1190 ipsam
1095 1144 1213 1180 homo
1237 1145 1286 1181 sit
1316 1146 1389 1181 sibi

103 1198 230 1244 aliqua
255 1195 497 1244 providentia
525 1200 563 1232 et
593 1195 692 1231 aliis.
719 1195 818 1243 Ergo
838 1196 899 1231 lex
927 1201 1071 1232 aeterna
1093 1198 1241 1244 passive
1271 1199 1388 1234 estin

103 1250 236 1286 ceteris
252 1249 365 1285 rebus
383 1258 470 1295 quae
495 1258 564 1295 per
582 1248 705 1295 ipsam
723 1258 801 1283 non
818 1258 857 1283 se
869 1247 1041 1295 dirigunt
1058 1249 1124 1285 sed
1143 1249 1389 1297 diriguntur;

103 1306 142 1337 at
159 1301 198 1336 in
229 1300 386 1336 homine
415 1304 472 1336 est
503 1300 650 1347 passive
670 1298 826 1346 quidem
856 1303 894 1335 et
922 1301 1201 1347 participative,
1240 1301 1306 1336 sed
1338 1307 1395 1337 est

102 1360 231 1390 tamen
253 1352 398 1400 ahquid
418 1352 579 1388 rationis
607 1357 750 1388 nostrae
770 1363 838 1400 per
857 1351 1018 1388 modum
1046 1354 1296 1399 coynitionis,
1320 1365 1395 1401 qua

102 1406 219 1442 homo
236 1416 316 1441 sese
332 1404 482 1452 regulat
501 1409 539 1440 et
559 1404 692 1452 dirigit
711 1409 749 1440 et
768 1404 924 1451 subjicit
944 1405 1016 1452 ipsi
1035 1405 1174 1442 divinae
1193 1407 1394 1453 providen-

103 1460 179 1495 tiae.
189 1459 288 1503 Haec,
291 1457 551 1504 participatio
569 1457 662 1504 leyis
676 1462 826 1494 oeternoe
843 1458 885 1493 in
899 1458 1094 1494 rationali
1109 1464 1299 1505 creatura,
1312 1459 1396 1496 haec

103 1512 300 1558 impressio
324 1510 470 1546 divinoe
499 1511 669 1546 rationis
696 1510 738 1545 in
763 1514 880 1546 mente
903 1514 1051 1554 nostra,
1080 1510 1163 1547 haec
1194 1512 1394 1558 impressio

101 1563 229 1600 divini
246 1563 405 1599 luminis
425 1563 467 1598 in
485 1561 596 1598 nobis
612 1573 686 1609 quo
705 1562 958 1599 discernimus
976 1563 1071 1610 quid
1098 1564 1151 1599 sit
1182 1563 1331 1608 bonum,
1362 1570 1396 1601 et

101 1616 194 1663 quid
210 1616 262 1652 sit
279 1615 435 1659 malum,
454 1615 538 1651 haeo
557 1614 723 1662 denique
745 1629 759 1647 ι
784 1616 979 1662 conceptio
991 1616 1143 1652 homini
1156 1618 1394 1654 naturaliter

102 1669 243 1711 indita,
263 1679 340 1716 qua
353 1668 548 1715 dirigitur
560 1668 612 1704 ad
630 1668 893 1704 convenienter
911 1668 1100 1715 agendum
1116 1670 1157 1705 in
1171 1669 1393 1706 actionibus

101 1721 286 1768 propriis,
313 1721 391 1757 sive
408 1725 632 1768 competant
651 1721 684 1756 ei
705 1731 751 1757 ex
765 1725 906 1757 natura
923 1721 1073 1767 ⁸‹Jeneris
1095 1722 1325 1767 (animalis),
1352 1727 1396 1758 ut

102 1785 295 1823 generare,
324 1772 524 1809 comedere
559 1777 597 1808 et
627 1772 867 1820 huJ'usmodi,
895 1773 972 1809 sive
998 1784 1043 1809 ex
1079 1780 1218 1810 natura
1252 1775 1395 1821 speciei

102 1825 638 1873 (rationalis),utratiocinari
658 1830 696 1860 et
712 1825 853 1860 similia
869 1839 885 1858 ›
907 1825 982 1870 (IV,
1000 1826 1094 1861 Dist.
1105 1827 1265 1870 XXXIII,
1278 1828 1348 1868 Qu.
1363 1828 1393 1871 1,

101 1881 178 1915 Art.
197 1879 241 1924 1),
264 1877 405 1914 dicitur
424 1877 483 1913 lea·
501 1877 711 1914 naturalis.
734 1877 873 1912 Existit
889 1888 980 1924 ergo
999 1878 1038 1913 in
1065 1879 1177 1914 nobis
1196 1879 1257 1914 lex
1284 1884 1392 1915 natu-

101 1932 203 1976 ralis,
226 1931 317 1978 qula
339 1929 470 1966 existit
497 1929 559 1965 lex
585 1933 742 1973 aeterna,
773 1929 864 1975 quia
888 1930 1019 1964 existit
1039 1930 1151 1974 Deus,
1180 1931 1290 1977 cujus
1325 1942 1396 1968 nos

101 1988 284 2021 creaturae
304 1993 439 2019 sumus
458 1983 498 2018 in
516 1983 633 2018 finem
662 1981 890 2017 naturaliter
919 1981 1121 2018 ordinatae.
1145 2003 1189 2009 —
1216 1983 1296 2019 1-11.
1320 1984 1391 2026 Qu.

102 2036 186 2080 xcl,
200 2035 316 2072 Artic.
339 2034 388 2078 ΙΙ,
413 2045 519 2082 corp.
542 2038 579 2070 et
599 2033 647 2070 ad
669 2036 701 2069 3.

144 2090 209 2125 111.
227 2088 344 2124 NOTA.
365 2088 416 2124 De
434 2087 641 2133 praeceptis
658 2087 854 2123 contentis
872 2088 915 2123 in
939 2088 1025 2134 lege
1044 2091 1212 2126 naturae.
1237 2089 1289 2125 De
1309 2089 1392 2137 lege

103 2146 244 2178 asterna
259 2139 394 2177 eodem
411 2139 528 2176 modo
547 2140 838 2187 proportionate
857 2139 1094 2186 loquendum
1112 2145 1169 2176 est
1185 2151 1229 2177 ac
1242 2141 1288 2177 de
1300 2141 1395 2178 ideis

103 2194 250 2237 divinis,
269 2196 312 2229 ut
328 2192 472 2229 scilicet
482 2193 581 2229 sicut
599 2192 697 2228 ideae
714 2196 804 2227 sunt
814 2191 969 2228 realiter
984 2193 1068 2241 ipsa
1085 2193 1214 2230 divina
1229 2195 1394 2231 essentia

105 2250 218 2294 prout
230 2245 323 2282 dicit
342 2245 533 2282 rationem
550 2244 824 2281 imitabilitatis
841 2246 1073 2289 acreaturis‚
1095 2246 1149 2282 ita
1168 2247 1229 2282 lex
1245 2252 1390 2283 aeterna

102 2300 152 2334 sit
181 2298 335 2335 realiter
354 2297 482 2334 divina
510 2298 674 2334 essentia
699 2302 814 2344 prout
840 2301 897 2333 est
917 2298 1015 2334 ratio
1043 2297 1182 2334 divinae
1209 2299 1396 2346 guberna-

103 2351 232 2389 tionis.
252 2351 349 2393 Quia
372 2354 501 2387 autem
523 2361 583 2387 res
603 2355 740 2387 creatae
757 2349 990 2398 multiplices
1011 2356 1113 2395 sunt,
1134 2351 1219 2388 ideo
1256 2352 1394 2389 subau-
