1554 2569
467 0 564 23 ΤΧ).
601 10 604 25 ἶ
638 23 666 28 .,
691 15 711 29 ξ·-
802 14 821 26 u
856 16 887 27 .’-
968 19 979 24 .-
1049 22 1052 26 .

575 35 608 53 τ’
634 31 667 51 =-“
811 28 860 51 —if
918 46 921 47 ν
958 28 986 53 'sa
1014 34 1020 50 .’
1040 29 1043 33 ”
1083 31 1151 54 ,HL

393 109 474 135 Aar.
502 109 551 135 vi.
580 107 625 134 »Β
649 108 749 134 ucis
775 108 976 134 nummus
1002 107 1197 133 smenon
1373 96 1435 130 121

203 181 263 218 IV.
285 182 402 217 NOTA.
435 181 486 217 De
512 181 803 226 objectionibus,
831 188 917 225 quae
948 181 1154 215 moventur
1177 181 1314 214 contra
1339 176 1438 221 legis

156 235 348 271 naturalis
384 234 637 270 sanctionem.
658 232 908 269 Difficultates
940 241 1027 277 quae
1064 235 1269 266 moventur
1305 233 1440 265 contra

157 287 395 323 sanctionem
420 286 514 334 legis
541 287 740 331 naturalis,
767 285 912 322 eaedem
938 289 1040 330 sunt,
1075 294 1162 332 quae
1194 288 1277 319 tum
1306 288 1441 320 contra

158 339 490 376 Immortalitatem
507 339 627 375 animi
647 339 781 384 nostri,
799 342 883 374 tum
902 341 1036 374 contra
1053 336 1223 372 divinam
1240 335 1441 383 providen-

159 393 253 427 tiam
271 392 370 427 fiunt
388 402 397 427 :
421 402 516 438 quas
535 402 623 428 cum
644 392 722 428 suis
742 391 781 427 in
800 391 893 427 locis
909 389 1149 434 solverimus,
1169 399 1265 436 opus
1286 399 1364 424 non
1385 394 1442 425 est

159 448 201 480 ut
220 448 348 480 actum
368 454 542 492 agamus,
567 463 606 471 -·
629 443 702 480 Sed
722 443 907 489 dieesffis.
929 445 964 487 9,
986 441 1193 488 IX‚object.
1214 443 1248 486 3)
1266 452 1274 476 ε
1299 441 1441 477 saltem

159 507 273 544 poena
297 501 441 533 aeterna
468 497 640 545 reprobis
666 496 824 541 inflicta,
851 500 895 531 ut
919 494 1108 531 catholica
1131 494 1242 530 docet
1262 494 1441 539 Ecclesia,

159 548 433 585 misericordiae
458 549 597 586 divinae
627 550 819 586 contraria
844 548 1008 585 videtur.
1035 567 1081 574 —
1115 546 1340 594 Respondeo
1374 547 1449 582 im*

160 601 300 649 probos
326 601 501 638 homines
528 613 595 650 pro
617 613 655 638 se
678 612 834 638 causam
855 601 992 646 dicere,
1019 605 1056 636 et
1079 610 1234 647 poenam
1258 604 1444 635 aeternam

161 654 345 701 refugere,
373 665 462 691 cum
485 659 614 691 tamen
638 655 842 702 praemium
869 658 1056 690 {eternum
1085 653 1191 688 nulla
1217 651 1445 688 difficultate

161 707 383 754 suscipiant.
411 707 494 743 Non
513 707 644 743 vident
663 706 767 753 quod
784 707 901 742 etiam
922 706 1092 742 humana
1108 704 1325 752 justitiaita
1345 715 1446 750 quae-

162 759 252 794 dam
283 759 446 795 crimina
478 761 590 807 punit
619 764 661 795 ut
692 760 796 795 nulla
832 759 943 795 venia
974 758 1206 802 relaxentur,
1243 761 1280 793 et
1313 768 1446 804 poenas

161 811 304 858 infligit
323 822 422 858 quae,
444 817 487 848 ut
506 813 560 848 ait
578 812 614 848 S.
635 813 869 860 Augustinus
883 812 974 855 XXI,
994 811 1048 846 De
1069 810 1231 847 Civilate
1246 809 1331 855 Dei,
1353 809 1444 856 Cap.

161 862 222 907 XI,
238 873 314 909 pro
330 863 448 910 hujus
462 865 551 900 vz‘lae
562 864 670 900 modo
687 864 831 899 similes
839 863 966 910 poem's
980 863 1156 899 videntur
1172 863 1323 898 (eternis
1335 873 1347 897 .·
1363 862 1447 897 ideo

161 916 301 962 quippe
326 920 480 952 aeternae
495 927 571 953 esse
589 927 666 953 non
675 921 849 963 possunt,
868 917 962 963 quia
981 926 1046 952 nec
1064 915 1151 961 ipsa
1174 914 1267 959 vita,
1286 925 1369 961 quce
1385 914 1447 949 his

160 967 352 1013 plectitur,
369 969 592 1016 pov-riqitur
605 969 647 1005 in
662 973 853 1005 (eternum.
873 968 925 1004 Et
945 973 1067 1003 tamen
1079 972 1253 1014 peccata,
1269 977 1353 1013 quoe
1368 967 1447 1002 vin-

161 1019 343 1056 dicamur
354 1020 758 1068 lonqissimitemporis
765 1021 905 1068 poenis,
923 1019 1139 1056 brevissimo
1152 1023 1447 1065 temporepemoe-

163 1077 330 1108 trantur.
361 1073 444 1115 Qua
473 1085 564 1121 ergo
594 1075 742 1110 ratione
773 1077 908 1109 contra
931 1072 1125 1120 justitiam
1160 1071 1330 1107 divinam
1362 1072 1446 1115 erit,

74 1133 148 1199 ¹?AE
163 1130 363 1172 peccatum
402 1130 537 1162 contra
583 1127 773 1162 infinitam
814 1136 923 1162 suam
956 1125 1154 1161 bonitaten
1198 1124 1446 1160 commissum

92 1177 281 1224 *fflpoena
317 1179 454 1225 punire
486 1180 655 1215 aeterna‘?
676 1178 784 1221 Quod
815 1179 846 1214 si
881 1182 1016 1214 contra
1041 1177 1234 1224 justitiam
1266 1187 1344 1212 non
1377 1181 1446 1222 est,

63 1237 287 1313 42{neque
307 1234 364 1265 est
383 1234 517 1267 contra
536 1231 706 1267 divinam
728 1230 1046 1275 misericordiam,
1070 1230 1162 1276 quia
1182 1229 1369 1265 attributa
1395 1228 1448 1263 di-

75 1292 107 1304 *
148 1281 252 1317 Arina
280 1281 329 1318 ad
359 1282 523 1319 invicem
555 1294 632 1319 non
666 1283 963 1328 contrariantur‚
995 1287 1032 1318 et
1068 1281 1332 1317 miserIcordia
1363 1291 1449 1328 quoe

161 1334 322 1380 justitiae
342 1335 552 1382 opponitur
567 1346 644 1371 non
664 1334 929 1371 misericordia
938 1334 1003 1370 sed
1017 1334 1183 1370 stultitia
1197 1333 1359 1370 dicenda
1376 1338 1445 1371 est.

166 1399 186 1420 α
214 1386 302 1432 Sed,
322 1387 462 1423 iterum
488 1388 738 1436 Augustinus,
766 1387 878 1433 ibid„
906 1388 996 1434 Cap.
1026 1387 1136 1431 XXII,
1164 1397 1280 1433 poena
1305 1391 1449 1422 aeterna

165 1438 252 1475 ideo
275 1438 373 1476 dura
387 1444 425 1476 et
444 1441 588 1488 inJ'usta
609 1441 782 1477 sensibus
806 1440 957 1476 videtur
982 1439 1175 1484 humanis,
1197 1439 1289 1485 quia
1309 1439 1349 1474 in
1378 1439 1450 1475 hac

165 1492 390 1528 infirmitate
410 1493 732 1529 moribundorum
753 1503 935 1529 sensuum
955 1491 1060 1528 deest
1079 1491 1142 1527 ille
1162 1502 1295 1527 sensus
1315 1492 1450 1527 altissi-

165 1554 240 1581 mae
273 1545 567 1592 purissimaeque
597 1546 809 1594 sapientiae,
842 1556 918 1592 quo
951 1545 1084 1581 sentiri
1109 1545 1234 1592 possit
1261 1549 1450 1591 quantum

166 1596 272 1633 nefas
297 1597 337 1633 in
357 1597 422 1634 illa
444 1599 570 1645 prima
594 1598 909 1646 praevaricatione
931 1597 1184 1634 commissum
1211 1597 1273 1632 sit.
1300 1597 1450 1638 Quanto

164 1649 269 1685 enim
294 1650 418 1698 magis
446 1651 566 1687 homo
595 1651 795 1687 fruebatur
823 1651 915 1695 Deo,
943 1654 1050 1686 tanto
1078 1650 1227 1697 maj0re
1252 1650 1451 1696 impietate

164 1701 369 1749 dereliquit
383 1703 518 1749 Deum,
533 1707 570 1740 et
582 1704 710 1750 factus
728 1708 781 1740 est
793 1703 894 1739 malo
911 1703 1052 1749 diqnus
1071 1706 1224 1747 oeterno,
1240 1702 1307 1748 qui
1320 1702 1389 1738 hoc
1410 1702 1452 1737 in

166 1765 202 1792 ee
211 1756 374 1800 peremit
394 1754 542 1800 bonum,
561 1756 661 1802 quod
679 1766 755 1792 esse
774 1760 900 1802 posset
919 1759 1110 1791 aeternum.
1134 1768 1150 1787 ›

212 1807 415 1852 Praeterea,
425 1806 533 1843 addit
542 1807 580 1843 S.
590 1807 769 1852 Thomas,
782 1807 846 1843 111.
862 1806 1003 1844 Contra
1016 1805 1191 1851 Gentilem,
1201 1806 1292 1853 Cap.
1302 1806 1451 1850 CXLIV,

166 1870 204 1895 n.
229 1859 265 1895 4.
294 1872 311 1892 ι
332 1858 444 1906 Apud
464 1858 635 1896 divinum
653 1859 843 1906 judicium
869 1858 1046 1895 voluntas
1075 1868 1143 1905 pro
1171 1858 1271 1894 facto
1296 1869 1451 1904 compu-

168 1915 273 1947 tatur
290 1922 299 1947 :
328 1911 420 1958 quia.
438 1912 537 1948 sicut
563 1911 740 1948 homines
757 1910 888 1947 vident
910 1921 955 1947 ea
974 1920 1061 1957 quoe
1081 1911 1248 1946 exterius
1271 1915 1451 1957 aguntur,

167 1964 222 2000 ita
239 1963 340 2000 Deus
359 1963 515 2010 inspicit
528 1963 733 2000 hominum
747 1962 875 1999 corda.
891 1962 963 2004 Qui
980 1966 1109 1998 autem
1127 1966 1283 2009 propter
1296 1961 1451 2007 ahquod

167 2015 380 2063 temporale
399 2015 545 2052 bonum
560 2026 714 2052 aversus
735 2020 792 2051 est
804 2015 851 2051 ab
869 2015 1006 2050 ultimo
1026 2015 1102 2050 fine
1119 2015 1184 2061 qui
1205 2015 1244 2049 in
1265 2019 1452 2050 aeternum

168 2068 400 2116 possidetur,
421 2069 634 2115 praeposuit
647 2068 870 2104 fruitionem
889 2066 1128 2112 temporalem
1142 2067 1244 2102 illius
1258 2067 1349 2102 boni
1364 2071 1453 2103 tem-

168 2120 311 2168 poralis
333 2125 484 2157 oeternoe
500 2121 674 2157 fruitioni
699 2120 826 2156 ultimi
843 2119 944 2155 finis.
963 2118 1069 2155 Unde
1085 2123 1191 2166 patet
1210 2119 1313 2165 quod
1330 2118 1453 2154 multo

169 2173 293 2221 magIs
316 2172 500 2210 voluisset
525 2173 568 2209 in
584 2178 765 2209 oeternum
787 2172 852 2208 illo
875 2172 977 2208 bono
1004 2171 1208 2218 temporali
1233 2171 1327 2206 frui.
1355 2171 1452 2218 Ergo

169 2224 381 2262 secundum
400 2224 574 2262 divinum
593 2225 784 2272 judicium
811 2225 865 2260 ita
885 2223 1013 2271 puniri
1040 2223 1152 2260 debet
1172 2234 1214 2259 ac
1242 2223 1274 2258 si
1299 2227 1454 2258 ‹eterna-

169 2275 259 2314 liter
278 2281 482 2324 peccasset.
501 2277 602 2314 Nulli
619 2282 748 2313 autem
766 2277 927 2313 dubium
944 2281 999 2312 est
1020 2276 1112 2322 quin
1129 2286 1203 2322 pro
1224 2280 1361 2311 oeterno
1374 2285 1453 2320 pec-

170 2334 252 2368 cato
277 2335 420 2369 oetema
434 2341 548 2378 paena
574 2331 764 2368 debeatur.
782 2330 949 2367 Debetur
973 2331 1091 2378 igitur
1110 2330 1144 2366 ei
1168 2330 1233 2377 qui
1254 2329 1302 2366 ab
1319 2329 1455 2366 ultimo
