1584 2569
420 160 502 182 iux-r.
530 160 556 181 x.
590 158 635 182 nit
667 158 809 183 NATURA
835 159 1046 184 ιΑτκιΗοΝιι
1311 153 1377 187 18ΰ

86 232 266 276 possunt,
299 234 338 264 at
370 237 542 263 amorem
579 229 808 265 rationalem
829 241 906 266 non
945 231 1140 277 excitant;
1178 233 1376 280 passiones

92 286 221 318 autem
235 282 310 317 cito
331 279 606 316 dcservescunt.
624 282 729 317 Unde
748 281 921 318 vIdemus
938 284 1110 329 quotidie
1128 286 1378 322 matrimonia

92 347 137 371 ex
158 334 346 370 similibus
366 333 608 380 passionibus
629 335 816 371 exclusive
839 339 1036 372 contracta
1062 338 1208 373 malum
1230 339 1376 374 exitum

93 389 234 424 sortiri.

138 442 180 478 V.
211 442 328 478 NOTA.
361 444 509 479 MonIta
533 444 582 478 iis
610 443 676 486 qui
709 452 866 478 uxorem
887 444 1046 479 ducunt.
1066 445 1227 481 Praestat
1247 446 1319 481 hac
1339 446 1376 481 in

93 506 132 531 re
151 494 284 531 audire
301 495 547 531 Guillelmum
565 494 727 539 Peraldi,
744 494 832 530 Ord.
850 496 1024 541 Praedic.,
1041 498 1157 544 quiin
1170 498 1303 545 Opere,
1324 499 1378 534 De

93 548 304 584 eruditione
318 548 546 595 Principum
568 547 684 594 (quod
705 547 867 583 habetur
891 549 992 584 inter
1014 549 1205 596 Opuscula
1223 551 1259 586 S.
1279 552 1377 587 Tho-

93 601 195 646 mae),
216 601 296 637 Lib.
317 601 360 646 V,
391 601 482 648 Cap.
506 601 664 645 XXVIII,
693 601 841 636 monita
863 602 1041 648 quaedam
1072 605 1315 640 sanctissima
1344 610 1380 640 et

92 654 377 701 sapientissima
402 654 568 690 inculcat
598 654 643 688 iis
669 654 734 699 qui
761 664 921 690 uxorem
951 655 1096 692 ducunt
1119 667 1127 692 ε
1150 670 1168 690 «
1197 657 1381 705 Eligenda

92 712 149 743 est
180 718 250 753 pro
285 718 403 743 uxore
435 707 575 742 mulier
599 707 702 742 bona
733 717 742 742 :
772 705 1008 754 adjutorium
1039 709 1142 744 enim
1167 709 1279 746 debet
1300 721 1381 746 esse

93 760 241 804 salutis,
262 759 473 796 secundum
500 759 593 795 illud
620 759 756 795 GENES.
778 759 826 803 11,
846 762 888 796 18
911 771 919 796 :
941 761 1148 798 Faciamus
1173 764 1210 798 ei
1227 763 1382 810 adjuto-

93 814 209 850 rium.
229 812 267 848 Si
284 812 386 848 bona
401 813 464 857 sit,
486 823 673 859 magnum
699 817 755 847 est
772 812 1010 859 adjutorium
1040 815 1188 859 salutis,
1216 826 1305 851 cum
1334 817 1383 851 sit

93 866 412 910 familiarissima3
440 866 472 901 si
503 876 591 901 vero
615 865 665 900 sit
693 865 808 909 mala,
841 876 1028 913 magnum
1058 867 1381 914 impedimentum

94 918 240 954 salutis,
271 917 344 952 Sed
369 917 461 963 quia
492 917 620 952 nullus
644 921 770 963 potest
796 917 937 954 habere
961 930 1122 955 uxorem
1142 920 1285 956 bonam
1307 922 1380 957 nisi

94 983 118 1007 a
149 971 226 1006 Deo
262 969 385 1014 detur,
421 969 551 1005 volens
586 969 682 1005 inire
721 970 960 1017 conjugium,
1001 972 1162 1017 orando,
1202 978 1239 1009 et
1271 985 1382 1009 orare

94 1022 283 1068 faciendo,
304 1027 341 1059 et
370 1023 630 1069 eleemosynas
657 1022 784 1057 dando
809 1023 921 1059 debet
945 1035 1029 1059 eam
1051 1036 1073 1061 a
1097 1026 1173 1061 Deo
1195 1036 1381 1072 quaerere,

94 1078 290 1113 PROVERB.
311 1076 403 1121 XIX,
424 1077 466 1111 14
489 1086 497 1111 z
519 1075 662 1111 Domus
676 1080 708 1111 et
728 1075 878 1111 divilice
901 1077 1045 1113 dantur
1063 1079 1340 1124 aparentibus,
1360 1090 1384 1115 α

95 1129 258 1166 Domino
278 1133 401 1164 autem
416 1129 577 1174 proprie
591 1138 690 1163 umor
709 1128 898 1174 prudens;
920 1130 1044 1165 ECCL1.
1064 1131 1187 1176 XXVI,
1210 1133 1229 1167 3
1253 1143 1260 1167 :
1282 1132 1384 1168 Pars

97 1183 194 1218 bona
213 1181 352 1218 mulier
367 1180 476 1225 bona,
496 1182 538 1216 in
550 1185 662 1227 parte
680 1180 891 1217 timentium
910 1182 1029 1218 Deum
1043 1183 1202 1220 dabitur
1218 1185 1301 1220 viro
1309 1196 1385 1232 pro

96 1235 213 1279 factis
246 1234 366 1271 bonis.
397 1253 441 1261 —
471 1232 756 1269 Attendendum
785 1238 842 1269 est
873 1235 989 1270 etiam
1011 1236 1115 1281 quod
1141 1237 1190 1272 sit
1217 1237 1263 1273 de
1284 1238 1383 1274 bona

96 1287 278 1336 progenie
312 1297 320 1322 :
362 1285 577 1321 timendum
614 1290 670 1321 est
692 1285 829 1322 ducere
850 1287 966 1322 etiam
993 1288 1114 1324 filiam
1141 1290 1304 1326 usurarii
1325 1291 1382 1326 vel

95 1340 273 1388 raptoris.
289 1340 376 1375 Haec
393 1338 466 1374 fuit
490 1349 568 1374 una
590 1338 635 1374 de
662 1339 786 1374 causis
815 1338 959 1384 diluvii,
990 1340 1159 1377 Videntes
1177 1343 1279 1377 enim
1306 1343 1384 1390 filii

96 1394 171 1430 Dei
188 1393 294 1441 filias
320 1392 515 1428 hominum
543 1391 643 1438 quod
672 1396 789 1427 essent
817 1392 1013 1438 pulchrae,
1050 1401 1273 1440 acceperunt
1307 1395 1383 1431 sibi

95 1457 233 1483 uxores
253 1456 297 1481 ea·
327 1444 515 1489 ommibus,
545 1454 640 1491 quas
672 1444 860 1490 eleyerant
881 1445 1032 1489 (GENEs.
1054 1447 1114 1492 VI,
1137 1450 1186 1492 2),
1220 1449 1302 1484 Filii
1319 1449 1383 1484 Dei

96 1503 281 1536 vocantur
297 1498 362 1545 qui
380 1501 489 1534 erant
509 1497 554 1533 de
575 1497 692 1544 stirpe
715 1497 806 1533 Seth
828 1509 837 1533 2
859 1499 928 1533 filii
950 1499 1153 1536 hominum
1181 1502 1247 1547 qui
1277 1507 1386 1538 crant

97 1553 143 1588 de
179 1552 297 1599 stirpe
341 1550 447 1586 Cain.
483 1570 527 1576 —
564 1549 682 1586 Debet
717 1550 855 1597 eligere
897 1562 1057 1588 uxorem
1092 1553 1164 1588 sibi
1202 1554 1383 1599 similem,

96 1604 240 1640 scilicet
266 1602 435 1638 nobilem
465 1603 496 1637 si
529 1607 585 1637 est
614 1602 766 1647 nobilis,
801 1602 1010 1649 ignobilem
1039 1605 1070 1639 si
1108 1606 1157 1640 sit
1189 1606 1383 1652 ignobilis.

96 1656 233 1692 GENES.
254 1655 301 1701 11,
324 1657 367 1691 18
387 1665 395 1690 ε
417 1655 624 1691 Faciamus
638 1655 674 1690 ei
693 1655 936 1701 adjutorium
955 1657 1081 1693 simile
1096 1657 1188 1694 sibi.
1209 1659 1262 1695 De
1279 1664 1385 1695 costa

96 1710 166 1745 viri
183 1708 361 1745 formavit
377 1708 476 1744 Deus
493 1708 709 1753 mulierem,
731 1718 778 1743 ne
799 1713 928 1755 posset
949 1720 1048 1744 unus
1065 1715 1199 1747 contra
1219 1711 1383 1748 alterum

99 1762 254 1809 gloriari
270 1772 308 1797 se
329 1771 408 1796 esse
429 1760 476 1796 de
495 1760 676 1795 nobiliori
695 1771 846 1807 genere.
872 1761 955 1796 Non
976 1761 1157 1799 formavit
1181 1764 1281 1800 Deus
1302 1776 1384 1800 mu-

97 1815 230 1850 lierem
250 1813 296 1849 de
315 1814 454 1860 capite,
475 1823 522 1848 ne
545 1812 765 1848 crederetur
792 1812 958 1849 formata
986 1815 1035 1850 ad
1056 1814 1384 1861 dominationem;

98 1878 167 1903 nec
186 1866 232 1903 de
249 1865 359 1913 pede,
379 1876 426 1901 ne
444 1864 663 1901 crederetur
682 1865 920 1912 subjicienda
936 1867 974 1901 in
1001 1868 1238 1914 servitutem,
1255 1869 1321 1906 sed
1339 1870 1385 1906 de

97 1919 226 1956 medio
266 1923 308 1955 ut
340 1918 547 1954 haberetur
575 1922 774 1963 tamquam
803 1919 917 1955 socia.
954 1919 1101 1956 Poeta:
1123 1919 1173 1957 Si
1190 1932 1265 1968 qua
1287 1923 1385 1959 voles

96 1977 183 2020 apte
212 1971 362 2016 nubere,
382 1970 478 2007 nube
491 1970 600 2017 pari.
630 1970 777 2005 Paritas
805 1971 870 2006 illa
897 1982 974 2007 non
1001 1973 1126 2008 solum
1152 1974 1386 2011 attendenda

98 2030 155 2060 est
171 2030 359 2071 quantum
380 2023 427 2060 ad
443 2024 699 2068 nobilitatem,
722 2022 786 2058 sed
814 2024 930 2059 etiam
959 2030 1147 2071 quantum
1172 2026 1221 2062 ad
1251 2027 1384 2074 juven-

99 2082 221 2113 tutem
238 2081 276 2113 et
302 2076 644 2124 pulchritudinem.
672 2075 832 2116 Quando
864 2077 967 2112 enim
989 2077 1140 2124 juvenis
1160 2083 1197 2114 et
1226 2080 1386 2126 pulchra

61 2136 70 2169 ξ
98 2130 208 2166 nubit
224 2130 306 2166 seni
323 2133 361 2165 et
377 2129 553 2174 deformi,
586 2129 703 2165 habet
734 2139 822 2164 eum
855 2140 1015 2165 exosum
1048 2135 1085 2167 et
1110 2131 1286 2170 adultera.
1306 2135 1384 2171 effi-

97 2183 210 2218 citur.
231 2183 377 2218 Paritas
403 2183 477 2218 ista
495 2182 591 2218 bene
612 2182 650 2217 in
669 2181 810 2217 annulo
827 2181 1053 2228 ostenditur,
1076 2185 1141 2231 qui
1161 2185 1192 2220 si
1216 2186 1385 2224 strictior

99 2240 170 2281 est,
197 2235 317 2283 digito
335 2245 411 2271 non
426 2236 617 2283 congruit,
644 2236 674 2270 si
694 2245 781 2271 vero
804 2234 930 2281 latior,
950 2235 1104 2272 decidit.
1128 2236 1189 2274 Sic
1210 2249 1249 2274 se
1269 2241 1385 2278 habet

99 2288 200 2324 inter
226 2288 408 2336 conjuges
437 2289 468 2324 si
502 2288 578 2324 sint
605 2287 789 2334 dispareS,
818 2288 909 2334 quia
934 2289 1049 2324 simul
1077 2294 1277 2326 manentes
1306 2301 1382 2325 non

100 2345 190 2377 sunt
208 2341 428 2386 concordes,
449 2341 506 2377 vel
532 2352 631 2376 unus
654 2340 699 2376 ab
721 2339 840 2376 altero
870 2340 1043 2378 discedit.
1065 2362 1110 2369 —
1130 2342 1267 2379 Volens
1287 2342 1382 2378 inire

100 2394 323 2441 conjugium
363 2393 475 2430 debet
504 2394 644 2430 habere
674 2393 926 2430 intentionem
957 2398 1101 2431 rectam
1133 2405 1142 2431 :
1173 2405 1250 2431 non
1281 2395 1380 2431 enim

151 2472 293 2498 Ζιοιηιι.
307 2472 423 2498 Summa
443 2470 528 2505 phils.
553 2485 585 2491 —
604 2472 635 2499 Τ.
652 2471 701 2498 111.
1214 2473 1243 2500 13
