1584 2569
541 127 639 151 mnzx
661 126 906 152 urrinni-iem·
1309 122 1373 157 ⁸49

79 199 274 232 Alton-atto.
293 194 434 237 Species
453 197 583 234 motus,
604 195 640 227 L.
661 195 693 235 8,
713 194 769 227 lx.

78 252 494 336 Amlbiquus.LQti1c>1m{>Itlo
518 253 689 286 terminus
713 252 899 294 ambiguus
923 253 1159 296 distinguatur
1178 265 1198 288 a
1220 257 1366 291 termino

119 312 140 336 o
166 310 279 336 scuro.
327 323 336 334 .
400 325 410 340 ,
461 323 470 331 .

78 366 194 401 Amici
213 365 316 446 egam
336 369 418 444 sign
438 363 627 398 necessarii
646 365 690 398 ad
711 364 961 399 beatitudinem
991 365 1230 408 imperfectam
1262 369 1368 409 hujus

117 415 208 454 vitm,
266 436 274 445 .
314 436 323 452 ‚
396 435 405 444 .

77 481 197 513 Amor.
222 476 336 517 Notio,
364 485 483 517 causa,
510 476 664 517 effectus,
689 478 724 516 P,
743 478 795 514 45.
814 477 857 510 11.
874 493 915 504 -
933 477 984 511 De
1008 487 1128 512 amore
1146 479 1224 519 Dei,
1250 480 1287 511 T.
1308 481 1363 513 27.

117 544 157 550 —
176 526 215 559 ln
247 525 318 557 Deo
345 529 398 557 est
416 532 526 565 amor,
547 524 574 556 1.
589 523 620 556 7.
637 540 678 548 —
696 525 801 557 Amor
832 524 891 557 Dei
927 533 997 557 non
1026 526 1280 567 praesupponst,
1307 527 1367 559 sed

116 575 236 606 causat
263 570 455 605 bonitatem
480 571 515 602 in
538 569 704 603 creaturis
723 579 811 612 quas
841 575 946 610 amat,
968 571 1029 604 111.
1050 588 1090 596 —
1111 574 1216 604 Amor
1233 572 1293 605 Dei
1314 578 1367 605 est

117 617 249 653 homini
280 616 469 659 possibilis,
489 617 535 649 M.
564 616 615 657 33,
642 617 717 651 VII.
741 632 781 642 -·
872 617 1113 659 obligatorius‚
1143 619 1235 651 VIII.
1265 619 1369 651 Amor

118 665 286 699 naturaliS
318 663 471 697 hominis
505 664 540 696 in
570 664 760 703 bominem,
790 665 837 696 M.
869 665 921 705 39,
950 665 978 697 1.
1005 680 1045 690 -
1070 667 1231 698 Attamen
1264 666 1368 698 homo

118 722 187 746 non
212 716 351 745 tenetur
379 716 498 744 amane
524 710 720 751 proximum
749 711 802 743 vel
827 711 907 749 plus
935 711 990 744 vel
1016 716 1187 753 quantum
1212 712 1367 753 seipsum

77 816 367 861 Amphiboloqia.
388 818 425 849 L.
446 816 498 856 43,
523 816 586 848 111.

75 875 284 920 Ampliatio.
305 875 345 907 L.
369 874 496 913 12,111.

77 933 286 978 Amplitudo
307 933 478 965 idearum.
498 934 535 965 L.
555 932 588 972 3,
608 933 635 966 1.

75 994 320 1036 Analoqatum
343 990 558 1031 (summum),
581 991 617 1024 L.
634 991 666 1030 3,
687 992 741 1023 VI.

76 1051 205 1132 An9011i
235 1051 399 1084 dicuntur
426 1049 553 1082 habere
581 1048 797 1082 intellectum
829 1050 1050 1091 deiformem,
1069 1052 1105 1084 L.
1127 1052 1199 1085 Lib.
1221 1053 1310 1085 Tei-t.
1331 1053 1367 1085 in

118 1102 180 1133 Pro
195 1106 273 1140 ogo.

75 1164 216 1199 Anima.
246 1163 283 1195 P.
310 1163 341 1202 1,
368 1161 412 1194 11.
435 1177 475 1185 -
493 1160 619 1194 Anima
650 1161 804 1193 humana
833 1167 886 1194 est
913 1162 1122 1203 substantia,
1152 1164 1187 1196 Ρ.
1208 1164 1240 1203 6,
1267 1165 1309 1196 11.
1328 1181 1368 1189 —-

117 1212 165 1244 De
188 1209 417 1252 simplicitate
441 1208 570 1241 animoe
597 1207 776 1247 humana»,
800 1209 835 1240 P.
869 1209 898 1241 7.
915 1225 955 1233 —
980 1209 1105 1242 Anima
1129 1211 1282 1243 humana
1314 1218 1367 1244 est

117 1256 312 1291 substantia
342 1254 574 1289 essentialiter
603 1254 763 1296 simplex,
796 1255 839 1287 11.
866 1272 905 1280 —
936 1255 1058 1288 Anima
1091 1258 1244 1290 humana
1275 1263 1368 1291 caret

119 1303 275 1345 partibus
288 1301 557 1343 integrantibus,
572 1309 633 1333 seu
647 1300 861 1341 extentione,
874 1302 932 1334 111.
947 1319 986 1327 -
1000 1302 1099 1344 (Vide
1115 1303 1366 1345 Spiritualitas

116 1348 384 1388 Immortalitas,
405 1351 483 1386 etc.)
502 1363 542 1372 -
561 1347 610 1380 De
630 1350 765 1380 natura
780 1348 925 1381 unionis
950 1349 1081 1381 animoe
1105 1359 1185 1383 cum
1208 1360 1367 1393 corpore,

116 1396 234 1439 quoad
254 1404 337 1436 esse,
357 1396 394 1427 P.
418 1395 468 1427 13.
491 1410 531 1419 -
545 1393 682 1435 Triplex
701 1403 812 1436 genus
831 1395 970 1428 unionis
991 1405 999 1428 :
1024 1396 1106 1429 unio
1130 1397 1368 1438 accidentalis,

115 1443 321 1485 personalis,
355 1440 564 1480 essentialis,
592 1441 619 1473 Ι.
640 1457 681 1466 -
708 1442 886 1474 Sententia
921 1443 1106 1483 platonica,
1138 1444 1182 1476 ΙΙ.
1209 1462 1249 1470 -
1282 1446 1368 1478 Unio

117 1490 243 1524 animas
257 1498 337 1522 cum
361 1497 502 1529 corpore
522 1493 575 1521 est
594 1487 699 1520 etiam
714 1488 924 1529 essentialis,
948 1489 1003 1522 IV.
1019 1507 1059 1514 -
1072 1491 1195 1524 Anima
1213 1492 1369 1525 bumana

115 1539 169 1570 est
198 1537 308 1570 forma
332 1534 571 1569 substantialis
600 1535 753 1576 corporis
779 1535 936 1576 hnmani,
960 1537 997 1569 V.
1021 1554 1060 1561 -
1082 1538 1198 1571 Sancti
1226 1540 1367 1573 Thomae

115 1584 202 1618 ratio
225 1584 266 1617 de
290 1583 408 1616 anima
433 1583 587 1615 humana
610 1586 648 1615 ut
669 1583 779 1615 forma
802 1583 1022 1617 substantiali
1048 1585 1213 1627 corporis.
1231 1586 1304 1619 VII.
1328 1605 1368 1611 —-

115 1630 331 1672 Impossibile
347 1635 400 1663 est
415 1629 515 1662 aliter
529 1629 698 1671 explicare
709 1629 879 1663 unitatem
893 1630 1040 1664 actionis
1054 1632 1090 1664 in
1109 1632 1250 1666 bomine
1263 1643 1365 1675 quam

118 1686 178 1719 per
197 1677 344 1710 formam
361 1676 638 1715 substantialem,
655 1675 746 1708 VIII.
770 1692 811 1699 —
830 1677 992 1709 Doctrina
1010 1679 1189 1712 catholicae
1208 1680 1368 1713 Ecclesiae

116 1724 206 1757 circa
234 1724 400 1756 unionem
426 1722 552 1755 animas
580 1722 744 1755 humanae
772 1731 851 1755 cum
874 1731 1029 1765 corpore,
1056 1726 1115 1757 IX.
1134 1743 1174 1750 —-
1191 1726 1291 1767 (Vide
1311 1729 1367 1760 In·

115 1771 237 1811 fluxus
256 1779 318 1811 pro
336 1773 459 1801 mutuo
481 1768 615 1800 influxu
634 1768 787 1800 animam
804 1768 892 1801 inter
906 1774 940 1802 et
953 1773 1107 1812 corpus.)
1126 1790 1166 1796 —
1181 1773 1232 1806 De
1243 1774 1366 1807 multi-

111 1816 306 1858 plicatione
316 1815 521 1848 animarum
534 1814 766 1847 rationalium
772 1814 884 1855 juxta
895 1816 1227 1859 multiplicationem
1235 1820 1367 1853 indivi-

114 1862 281 1903 duorum,
302 1863 341 1895 P.
359 1863 410 1894 15.
425 1861 636 1894 —Absurda
655 1862 797 1894 omnino
811 1866 864 1894 est
875 1862 1032 1897 doctrina
1046 1873 1207 1898 asserens
1225 1867 1363 1900 unicam

115 1909 266 1941 animam
295 1908 498 1941 rationalem
526 1907 563 1939 in
591 1907 753 1940 omnibus
786 1908 997 1948 hominibus,
1020 1911 1064 1943 11.
1083 1928 1123 1935 —
1148 1912 1198 1944 De
1223 1913 1363 1946 unitate

115 1955 245 1988 animoe
269 1956 307 1988 in
329 1955 516 1988 individuo
546 1954 716 1993 humano,
738 1954 774 1986 P.
796 1955 846 1986 16.
867 1972 907 1979 -
926 1957 975 1988 De
994 1957 1126 1990 unitate
1147 1958 1266 1992 tormae
1283 1960 1364 1992 sub-

117 2003 293 2036 stantialis
308 2002 344 2034 in
362 2002 516 2043 homine,
536 2002 576 2034 X.
592 2018 632 2025 -
645 2001 695 2034 De
708 2001 906 2043 coynicione
918 2004 1049 2037 animae
1058 2004 1237 2044 humanoe,
1257 2008 1294 2039 P.
1310 2008 1362 2039 39.

116 2065 155 2074 -
182 2050 313 2091 Duplex
345 2049 497 2091 cognitio
523 2049 565 2081 de
594 2047 710 2080 anima
738 2048 905 2088 humana,
930 2051 956 2082 1.
977 2068 1017 2075 —
1039 2052 1165 2084 Anima
1186 2055 1364 2094 cognoscit

115 2099 273 2128 naturam
293 2103 392 2127 suam
408 2103 469 2135 per
484 2093 706 2127 reflexionem
727 2093 762 2126 in
786 2094 945 2136 proprios
965 2101 1075 2137 actus,
1095 2098 1158 2131 111.
1182 2114 1223 2123 —
1241 2100 1365 2132 Anima

112 2142 266 2174 humana
302 2141 479 2182 cognoscit
510 2140 662 2182 seipsam
693 2148 763 2173 non
795 2141 988 2183 cognitione
1019 2144 1275 2187 psychologica,
1302 2147 1362 2179 sed

114 2188 310 2229 cognitione
338 2188 547 2229 ontologica,
575 2185 636 2219 iv·
655 2203 694 2210 —
711 2186 837 2220 Anima
868 2188 1062 2230 brutorum,
1089 2192 1125 2223 P.
1147 2192 1177 2231 3,
1204 2193 1235 2223 4.
1261 2193 1361 2234 (Vide

111 2235 297 2276 Brutum.)

47 2342 55 2349 .
78 2297 292 2331 Animalium
311 2308 433 2332 semus
454 2299 601 2332 &iter-ni.
619 2300 655 2331 P.
682 2298 737 2330 24.
760 2315 800 2322 -
819 2299 970 2334 Istorum
988 2311 1168 2342 numerus,
1189 2303 1249 2335 111.

79 2361 305 2397 Animismus.
343 2364 491 2397 Theorla
525 2363 701 2397 animismi
738 2363 846 2397 relate
881 2365 925 2398 ad
960 2366 1145 2409 mii-acula,
1174 2371 1208 2403 C.
1239 2372 1291 2411 25,
1320 2371 1364 2404 Vt

168 2434 306 2462 zion-im.
329 2434 444 2461 Summa
462 2433 569 2469 philon.
594 2447 629 2455 -
648 2434 683 2462 ἵ.
706 2433 758 2460 iu.
1224 2428 1258 2453 23
