1584 2569
170 67 236 104 344
780 77 876 101 nmzx

258 145 332 179 tiva
345 147 380 178 et
390 147 548 187 potestas
558 144 753 187 judiciaria
768 144 939 177 distincta
954 144 1140 186 postulant
1154 145 1326 186 subjecta.
1338 163 1380 171 —

258 193 317 226 IV.
339 193 477 226 Divisio
495 193 684 235 potestatis
701 191 917 234 judiciariae.
941 209 982 216 -
1000 191 1044 225 V.
1068 191 1238 232 Quaestio.
1259 209 1300 216 —
1318 192 1379 225 VI.

258 241 508 273 Praenotamen
530 240 705 282 primum.
726 256 768 263 —
784 238 857 272 VII.
878 238 1130 272 Praenotamen
1153 239 1319 273 alterum.
1342 257 1382 265 -

257 288 347 321 VIII.
360 288 612 320 Praenotamen
630 286 791 320 tertium.
806 286 914 318 —IX.
929 286 1178 319 Praenotamen
1195 289 1379 328 quartum.

255 353 296 359 —
315 335 359 368 X.
379 334 444 368 Jus
464 335 559 367 inest
578 334 733 376 politicae
754 332 961 366 auctoritati
979 333 1183 375 judiciariae
1204 334 1380 375 puniendi

257 391 363 424 poena
387 382 533 423 capitali
561 390 641 414 reos
666 380 909 423 quorumdam
936 381 1147 446 criminum.
1170 399 1211 405 —
1230 381 1381 414 X1.Sol-

256 432 393 462 vuntur
411 428 646 462 difficultates
659 452 1374 463 .................

174 489 253 521 Aur.
264 489 339 521 Vll.
355 489 402 521 De
418 488 550 529 officiis
563 487 749 528 eejuribus
768 487 991 520 subditorum
1011 496 1099 529 erya
1117 488 1300 529 politicam
1317 498 1379 530 po—

257 539 421 568 testatem.
444 554 484 559 —
512 535 536 567 I.
560 534 683 568 Officia
705 537 740 567 et
762 535 843 576 jura
870 535 906 566 in
930 543 1072 575 genere.
1096 553 1138 559 -—
1158 535 1198 567 11.
1221 535 1380 576 Quaestio

257 584 387 625 prima.
408 601 448 605 —
468 582 522 614 Ill.
546 582 658 623 Leges
677 583 847 614 humanae
867 592 875 613 :
897 582 931 613 1⁰
945 582 975 614 si
994 582 1102 623 Justae
1123 582 1195 614 sint
1218 583 1381 624 obligant

256 630 353 663 cives
366 630 403 662 in
419 629 661 669 conscientia3
682 628 716 662 2⁰
733 637 806 662 non
821 631 943 662 autem
959 638 1020 661 rim
1033 639 1070 662 sn
1085 629 1248 670 obligant
1261 630 1291 662 si
1306 630 1379 662 sint

257 677 421 718 injustae3
451 677 485 710 3⁰
505 677 561 710 hae
592 678 713 709 tamen
739 678 891 718 possunt
920 676 1081 717 obligare
1114 685 1176 708 PER
1207 685 1380 716 ACCIDENS‚

255 724 453 756 dummodo
485 723 677 757 contrariae
704 732 776 756 non
811 723 885 756 sint
915 723 1057 765 legibus
1089 723 1236 756 divinis.
1257 741 1298 748 -
1320 724 1380 757 IV.

256 771 415 812 Quaestio
432 771 557 803 altera.
574 788 617 795 —
634 771 675 804 V.
694 771 946 803 Praenotamen
965 771 1138 812 primum.
1153 787 1194 794 -
1208 770 1266 803 VI.
1288 771 1381 804 Prae-

256 821 427 851 notamen
459 818 626 850 alterum.
658 836 700 842 —
736 817 809 851 VII.
850 818 897 850 De
936 820 1103 859 tyranno.
1135 836 1176 841 —
1207 817 1297 850 VIII.
1333 819 1380 851 De

256 868 412 907 tyranno
432 865 610 906 regimine
629 867 665 898 et
684 865 727 898 de
749 868 903 906 tyranno
924 865 1172 906 usurpatione.
1192 883 1233 888 —
1253 865 1310 897 lX.
1331 866 1380 898 De

255 913 458 946 resistentia
485 916 609 945 contra
630 915 827 954 tyrannum
854 912 1099 954 usurpatione.
1119 930 1158 936 —
1174 912 1221 945 Χ.
1253 912 1301 944 De
1328 921 1380 944 re-

255 961 417 993 sistentia
452 962 576 993 contra
611 963 809 1002 tyrannum
837 960 1025 1001 regimine.
1046 976 1085 982 —
1104 959 1165 992 XI.
1194 959 1378 992 Sententia

255 1008 384 1050 prima.
398 1026 438 1031 —-
452 1007 528 1040 XII.
546 1007 664 1040 Altera
684 1007 875 1040 sententia.
889 1024 930 1031 —
943 1006 1034 1039 XIII.
1051 1006 1169 1039 Tertia
1185 1007 1378 1039 sententia.

253 1073 292 1079 —
306 1055 398 1088 XIV.
416 1055 551 1095 Quarta
567 1054 759 1087 sententia.
772 1072 813 1077 —
825 1054 902 1088 XV.
921 1053 1135 1087 ResiStentia
1156 1054 1330 1086 offensiva
1343 1056 1380 1087 et

255 1102 459 1135 resistentia
487 1101 685 1135 defensiva.
705 1119 747 1125 —-
765 1101 856 1134 XVI.
885 1101 1014 1133 Illicita
1035 1101 1199 1134 absolute
1222 1103 1277 1134 est
1299 1101 1379 1134 sub·

256 1149 342 1181 ditis
356 1149 560 1182 resistentia
579 1158 761 1182 orrnuswil
775 1150 900 1181 contra
919 1150 1116 1190 tyrannum
1134 1148 1324 1189 regimine.
1338 1166 1379 1172 —

254 1196 361 1229 XVII.
383 1195 514 1229 Contra
535 1196 755 1229 excessivam
776 1196 1006 1237 tyrannidem
1032 1195 1238 1228 resistentia
1259 1204 1379 1228 neren-

254 1253 329 1276 εινᾼ
350 1245 466 1284 potest
484 1251 561 1276 esse
583 1242 682 1275 licita
700 1266 1373 1277 .................

170 1304 253 1336 Anr.
265 1302 358 1335 VIII.
371 1303 421 1335 De
439 1302 589 1335 diversis
603 1302 790 1343 reqimz'nis
805 1302 947 1342 formis.
960 1319 1002 1326 ——
1012 1302 1037 1334 I.
1055 1302 1191 1336 Divisio
1211 1303 1379 1343 generica

253 1349 443 1391 regiminis
456 1349 606 1390 politici.
618 1366 659 1373 —
670 1349 711 1382 11.
725 1348 863 1382 Formae
875 1349 1027 1382 diversae
1039 1350 1228 1391 regiminis
1240 1350 1379 1392 polyar-

254 1397 360 1429 chtci.
382 1414 422 1421 -
443 1397 499 1428 lll.
521 1396 661 1429 Formae
684 1396 873 1437 regiminis
893 1397 1186 1430 monarchici.—
1205 1397 1263 1431 IV.
1285 1397 1379 1438 Quid

253 1445 420 1485 generice
446 1444 678 1476 sentiendum
706 1444 754 1476 sit
771 1444 814 1476 de
841 1443 993 1477 diversis
1013 1445 1204 1486 regIminis
1230 1444 1373 1480 formis.

170 1504 251 1536 ΑΜ.
268 1503 325 1535 ΙΧ.
343 1504 392 1535 De
413 1503 534 1544 forma
554 1503 739 1543 reqiminis
753 1504 1103 1544 reproesencacivi.—
1123 1504 1147 1535 l.
1162 1504 1266 1536 Notio
1283 1504 1376 1545 regi-

253 1550 363 1582 minis
384 1549 683 1590 repraesentativi.
706 1567 747 1573 —
767 1549 808 1581 11.
830 1550 1012 1591 Principia
1033 1553 1068 1582 et
1088 1551 1264 1583 elementa
1287 1551 1378 1591 regi-

252 1597 363 1630 minis
383 1596 684 1638 repraesentativi.
704 1614 746 1620 —
762 1597 818 1629 Ill.
840 1597 1015 1638 Regimen
1036 1598 1376 1638 repraesentativum

254 1644 419 1685 generice
434 1644 701 1685 inspectum.—
714 1643 773 1677 IV.
790 1644 917 1676 Forma
933 1645 1125 1686 regiminis
1143 1648 1377 1687 repraesenta-

252 1692 317 1724 tivi
335 1693 389 1724 est
406 1693 571 1724 omnium
589 1691 907 1732 imperfectissima
917 1716 1370 1726 ............

169 1753 250 1785 Am.
263 1751 307 1784 X.
322 1751 372 1783 De
388 1750 521 1791 optima
537 1750 724 1791 reyiminis
737 1750 869 1792 forma.
886 1768 928 1775 —
947 1751 973 1784 Ι.
989 1750 1159 1792 Quaestio.
1181 1770 1220 1776 —
1241 1752 1282 1784 II.
1307 1752 1376 1794 Op-

253 1799 341 1831 tima
373 1798 489 1830 forma
523 1797 714 1838 regiminis
742 1800 798 1830 est
826 1798 1040 1831 MoiuncmA.
1069 1817 1108 1822 —
1142 1799 1199 1831 III.
1232 1800 1376 1832 Attenta

253 1845 443 1879 hominum
474 1845 644 1886 praesenti
674 1845 894 1885 conditione,
925 1846 1052 1879 melior
1081 1848 1136 1879 est
1166 1847 1377 1879 monarchia

253 1895 451 1935 temperata
487 1901 596 1934 quam
629 1892 807 1925 absoluta.
849 1910 890 1916 —
920 1893 978 1926 IV.
1013 1893 1173 1927 Solvitur
1210 1894 1376 1936 objectio.

611 2006 779 2047 CAPUT
810 2007 1043 2049 TERTIUM

374 2095 424 2124 nn
453 2094 664 2124 socinum
694 2095 811 2124 eiviu
840 2096 879 2124 m
909 2096 1054 2124 onnmE
1083 2097 1131 2124 Ao
1161 2097 1274 2125 ALIAM

156 2194 159 2197 -
170 2171 346 2213 Prologus
370 2194 1369 2207 .........................

169 2232 250 2265 Aur.
272 2231 296 2262 I.
319 2230 367 2262 De
393 2229 524 2270 officiis
555 2231 587 2261 οι
607 2229 759 2270 juribus
778 2230 941 2271 pacificis
965 2231 1081 2272 yemis
1103 2231 1149 2263 ad
1167 2235 1315 2272 yentem.
1336 2250 1376 2256 —

254 2278 279 2311 1.
300 2276 414 2310 Radix
424 2276 520 2318 juris
540 2276 843 2310 internationalis.
864 2294 904 2301 —
921 2277 962 2310 11.
984 2278 1031 2310 De
1052 2278 1182 2311 officiis
1202 2278 1375 2311 naturali-

254 2325 322 2358 bus
340 2324 436 2358 inter
452 2323 630 2357 nationes.
645 2341 685 2348 —
699 2323 755 2358 111.
767 2323 816 2357 De
831 2325 959 2358 officiis
976 2325 1319 2359 internationalibus
1334 2334 1375 2358 ex

1423 428 1486 463 245

1422 1242 1480 1277 251

1421 1444 1480 1476 261

1419 1692 1480 1727 263

1421 1894 1481 1927 268

1440 2173 1478 2206 71
