1584 2569
183 94 242 126 358
656 100 753 125 mnu
775 100 1018 126 arpussartcus

224 175 257 204 et
267 170 382 209 realis,
401 170 444 202 11.
463 185 502 194 —
515 170 712 208 intrinseca,
732 169 934 209 extrinseca,
954 168 1123 210 generice..
1143 169 1200 203 111.
1220 172 1464 206 -essentialis

223 217 391 259 (physica,
416 216 679 259 metaphysica),
713 216 918 257 descriptiva
940 216 1105 258 (propria,
1140 216 1385 261 accendimus),
1407 219 1464 259 IV,

223 282 263 288 --
283 265 331 297 De
363 263 406 301 ils
432 272 510 304 quae
531 272 551 296 a
570 263 669 296 nobis
693 262 828 304 proprie
855 262 989 296 definiri
1022 269 1180 304 possunt.
1201 263 1306 297 -Do
1334 265 1467 307 legibus
1504 285 1507 287 —

226 310 454 353 definitionis,
468 311 502 342 1..
523 311 576 344 15.
600 327 642 333 —
660 310 741 349 Ejus
756 308 898 350 regulae,
914 309 943 342 11
957 313 990 342 et
1009 309 1068 342 111.
1092 328 1131 335 -
1151 312 1189 343 In
1209 311 1466 346 definitionibus

225 358 470 392 abstinendum
503 361 555 389 est
593 355 839 397 metaphoricis
885 356 1127 397 locutionibus,
1165 358 1216 390 IV.
1233 376 1273 383 —
1295 359 1344 393 De
1389 368 1467 393 con-

225 405 382 438 versione
414 404 448 436 in
481 402 753 443 definitionibus,
782 403 881 436 V.--
899 403 949 436 De
979 403 1082 436 modo
1106 403 1311 438 conficiendi
1346 406 1468 440 defini-

223 452 336 485 tiones
359 461 367 482 :
388 452 514 484 modus
531 450 754 483 descensivus
771 454 806 483 et
821 449 1033 490 ascensivus,
1051 450 1111 483 V1.

183 510 376 545 Definitive
395 518 471 542 esse
490 510 525 541 in
545 509 673 550 aliquo.
695 508 733 542 P.
759 508 811 549 18,
828 508 855 540 1.

184 570 360 603 Deforme.
381 569 423 600 O.
448 568 500 607 19,
520 567 610 599 VIII.

184 627 398 662 Delectatio.
417 628 499 667 Ejus
517 635 631 659 causae
652 631 685 658 et
700 625 855 658 effectus.
876 626 910 658 P.
930 626 983 665 45,
1006 625 1047 661 V.

184 686 418 720 Demeritum.
440 686 481 717 M.
498 685 550 724 18,
571 685 628 724 VI,
648 684 749 725 (Vide
780 683 979 725 Meritum.)

184 743 429 779 Democratia.
451 744 495 776 Μ.
512 743 564 784 56,
580 743 626 777 11.

184 801 472 838 Demonstratio.
499 802 613 841 Notio,
631 803 667 834 L.
687 802 740 841 41,
764 802 792 833 Ι.
818 818 858 825 -
878 802 1131 837 Demonstrat10
1154 806 1299 845 propter
1326 805 1414 847 quid
1437 814 1471 844 et

226 851 324 893 quia,
352 851 388 882 L.
416 850 467 888 41,
489 849 532 881 VI
556 853 590 881 et
614 848 689 881 Vll.
712 865 751 872 —-
834 856 855 880 a
871 848 991 889 priori
1015 853 1049 882 et
1065 857 1086 880 a
1101 851 1305 892 posteriori,
1325 851 1414 885 VIII.
1431 870 1471 877 -

306 897 435 929 directa
458 900 491 928 et
506 895 686 934 indirecta,
707 895 766 928 IX.
782 913 869 927 —...
892 903 989 936 pura,
1013 896 1178 937 empiiica
1196 902 1230 930 et
1244 897 1364 939 mixta,
1378 899 1418 932 X.
1432 918 1469 923 -

282 944 440 977 absoluta
459 947 493 976 et
508 942 650 975 relativa
668 951 729 975 seu
751 940 1001 981 anthemium,
1018 942 1074 976 XI.
1093 960 1132 966 -
1147 944 1221 983 Quo
1241 949 1342 986 pacto
1355 946 1470 980 omnis

227 989 474 1023 demonstratio
503 989 686 1022 reducatur
708 989 751 1021 ad
772 989 1105 1023 demonstrationem
1134 997 1283 1033 propter
1307 992 1396 1034 quid
1417 994 1471 1026 vel

226 1038 324 1080 quia,
344 1036 422 1070 XII.
442 1054 480 1060 -
496 1037 535 1069 In
564 1034 918 1068 demonstrationibus
943 1044 1043 1068 mens
1067 1038 1264 1071 necessario
1283 1039 1473 1072 assentitur

225 1083 359 1117 veritati
378 1083 610 1116 conclusionis
630 1082 887 1120 demonstrate.
911 1083 951 1116 1..
973 1083 1026 1122 53,
1048 1083 1094 1115 V.

184 1143 390 1176 Descensus
409 1150 429 1174 a
448 1141 596 1174 termino
619 1141 795 1174 communi
812 1140 856 1173 ad
876 1140 1059 1174 individua
1082 1141 1260 1183 subJ’ecta;
1283 1143 1471 1178 descensus

227 1189 442 1231 copulativus
464 1193 498 1221 et
513 1188 694 1230 copulatus
702 1198 714 1229 5
732 1187 964 1229 disjunctivus
974 1192 1009 1220 et
1021 1187 1229 1230 disjunctus,
1248 1190 1285 1222 1..
1306 1191 1357 1230 11,
1382 1190 1470 1225 VIII.

185 1247 428 1282 Desiderium.
457 1247 498 1279 P.
522 1247 575 1285 45,
592 1246 645 1279 1v.

186 1300 411 1343 Desperatio.
433 1301 471 1332 P.
493 1299 607 1338 46,11.

186 1354 294 1388 Deus.
328 1354 374 1386 De
403 1352 505 1386 variis
537 1352 890 1385 demonstrationibus
918 1351 1109 1386 existentiae
1131 1353 1203 1392 Dei,
1223 1352 1261 1385 T.
1279 1354 1312 1393 2,
1335 1353 1366 1394 3,
1385 1354 1417 1394 4,
1440 1355 1470 1393 5,

227 1404 246 1433 6
266 1402 344 1440 (Pro
368 1399 471 1433 variis
493 1399 554 1432 Dei
569 1398 757 1438 attributis,
772 1399 849 1432 vide
869 1399 1008 1442 singula
1021 1399 1146 1440 verba;
1164 1408 1196 1431 v.
1209 1408 1260 1441 gr.
1274 1401 1471 1442 Infinitum,

230 1448 359 1487 Unitas,
394 1447 491 1487 etc.).
515 1462 556 1472 ‹—
577 1447 669 1478 Deus
690 1445 785 1479 solus
815 1450 926 1487 potest
945 1455 1022 1479 esse
1049 1447 1223 1487 objectum
1249 1447 1471 1481 beatitudinis

228 1496 401 1533 humanae,
424 1495 469 1526 M.
490 1493 521 1532 6,
545 1493 593 1525 11.
613 1509 653 1516 -—
673 1492 784 1525 Etiam
811 1492 845 1524 in
868 1493 931 1525 hac
954 1493 1023 1525 vita
1049 1493 1161 1533 primo
1181 1498 1215 1526 et
1233 1502 1295 1535 per
1317 1503 1353 1528 se
1380 1495 1471 1528 Deus

228 1546 281 1574 est
313 1541 487 1582 objectum
523 1538 749 1572 beatitudinis
782 1540 959 1579 humanae,
995 1540 1041 1571 M.
1071 1540 1103 1580 7,
1138 1541 1196 1572 IV.
1215 1558 1254 1564 —
1273 1540 1364 1573 Deus
1392 1551 1470 1574 cum

227 1588 377 1621 maximo
402 1587 557 1629 profectu
592 1590 720 1619 nostrae
750 1585 917 1619 libertatis
946 1590 1061 1627 potest
1080 1595 1162 1619 suas
1187 1586 1281 1628 leges
1307 1588 1470 1628 positivas

230 1634 430 1667 hominihus
449 1633 612 1673 indicere,
635 1632 679 1665 M.
701 1633 753 1671 25,
774 1633 836 1665 iv.

187 1692 400 1731 Dialectica,
425 1701 486 1725 seu
514 1692 636 1733 Logica
664 1691 832 1730 formalis,
862 1692 897 1722 L.
928 1690 1018 1724 Prol.
1040 1691 1096 1723 IV.
1113 1709 1154 1715 -
1171 1691 1365 1725 Discrimen
1384 1693 1473 1726 inter

230 1740 445 1773 dialecticam
463 1743 497 1772 et
515 1738 752 1779 sophisticam,
774 1737 846 1770 VII.
868 1755 906 1761 —
926 1737 1120 1771 Dialecticae
1142 1738 1296 1780 partitio,
1313 1740 1370 1771 xl.

188 1797 432 1832 Dichotomia.
457 1798 492 1830 P.
512 1797 563 1836 16,
584 1796 626 1829 IV
643 1801 677 1829 et
695 1797 740 1829 V.

188 1856 331 1890 Dictum
361 1854 606 1897 propositionis
640 1855 816 1894 modalis„
851 1856 891 1887 L.
920 1854 973 1894 27,
1000 1855 1047 1887 111
1079 1859 1113 1887 et
1132 1854 1191 1887 IV.
1215 1855 1403 1888 —Dictum
1432 1857 1473 1888 de

229 1903 336 1943 omni,
358 1902 488 1936 dictum
509 1902 552 1934 de
573 1901 683 1941 nullo,
707 1903 746 1934 L.
766 1902 818 1940 32,
836 1903 882 1934 11.

189 1960 414 2041 Digeiievntia.
447 1962 482 1993 L.
512 1961 544 1999 4,
582 1960 640 1992 111.
662 1978 700 1983 —
801 1967 978 2001 suprema,
1012 1959 1144 1994 infima.
1185 1959 1394 2000 subalterna,
1432 1963 1469 1993 L.

253 2032 261 2048 ,
335 2030 345 2040 .

190 2060 408 2103 Dignitatem
433 2060 484 2093 Ita
501 2059 714 2093 vocabantur
733 2059 815 2092 olim
837 2059 945 2100 prima
966 2058 1148 2101 principia,
1165 2059 1200 2091 L.
1222 2059 1273 2098 31,
1292 2059 1349 2093 111.

190 2118 375 2152 Dilemma.
419 2118 459 2150 L.
498 2118 549 2157 37,
588 2118 645 2150 IV.
676 2135 716 2142 -
745 2119 826 2159 Ejus
867 2117 979 2159 leges,
1025 2117 1064 2150 V.
1097 2134 1137 2143 --
1170 2117 1339 2150 Dilemma
1381 2127 1473 2153 com-

231 2167 382 2207 plexum,
405 2165 460 2197 VI.

190 2216 404 2252 Diminutio.
424 2217 564 2258 Species
583 2221 712 2258 motus,
734 2218 769 2250 L.
793 2217 825 2256 8,
847 2217 906 2250 IX.

191 2275 428 2318 Disjunctive.
450 2277 485 2308 L.
506 2276 557 2315 11,
580 2273 669 2314 VIII,

190 2335 404 2371 nisuoaitio.
425 2335 563 2376 Species
582 2334 772 2376 qualitatis,
794 2335 829 2367 Ο.
851 2335 902 2374 31,
927 2335 968 2367 IV
