1554 2569
170 176 212 209 32
234 184 360 209 mmm
375 185 443 210 mn.
457 187 496 210 ιι.
511 186 589 210 cu.
602 191 629 210 x.
642 189 686 211 ua
699 186 846 210 acrinus
859 186 997 210 nuum.
1012 191 1047 210 :n
1063 190 1190 210 :mrem
1208 186 1444 211 :os-smmum

168 238 318 273 malum
341 237 399 273 vel
420 238 565 273 bonum
592 239 776 274 tribu-itur
796 238 921 280 rebus,
943 239 997 273 ita
1017 243 1054 273 et
1079 238 1228 274 actibus
1249 238 1455 281 liumani53

170 291 236 336 qui
251 289 336 325 ideo
353 290 391 325 in
412 291 597 337 principio
619 291 794 337 generice
816 291 892 326 sive
913 291 1003 326 boni
1017 291 1094 326 sive
1109 290 1303 326 malicum
1322 290 1458 325 ceteris

168 343 283 378 rebus
302 342 444 378 debent
462 343 663 378 convenire

215 395 263 431 11.
285 396 396 432 Actio
415 396 583 432 humana
598 399 742 432 dicitur
761 396 861 431 bona
880 406 927 431 ex
944 396 1186 440 plenitudine
1200 394 1352 431 essendi
1372 404 1458 439 quae

168 449 242 493 ipsi
267 448 442 492 debetur,
464 448 608 485 dicitur
627 450 728 485 mala
755 459 801 484 ex
827 448 1046 485 deficientia
1071 450 1163 484 talis
1188 448 1455 493 plenitudinis.

170 501 254 536 Haec
273 501 487 548 propositio
509 505 565 536 est
585 501 832 536 corollarium
852 500 1118 548 praecedentis.
1142 500 1288 536 Etenim
1310 499 1457 534 malum

170 563 246 588 non
272 556 329 588 est
359 553 498 588 entitas
524 553 702 599 quaedam
734 553 909 598 positiva,
938 552 1005 588 sed
1031 556 1086 589 est
1112 552 1274 600 privatio
1300 551 1392 588 boni
1419 552 1457 586 in

170 606 296 651 rebus,
324 610 515 652 quatenus
542 606 686 642 scilicet
713 607 795 641 istac
824 606 1022 652 privantur
1046 606 1111 641 illa
1135 605 1380 653 perfectione,
1409 604 1457 639 ad

170 669 288 704 quam
304 657 533 694 ordinantur
547 662 687 694 natura
706 669 793 702 sua;
810 659 906 694 sicut
923 659 1068 694 malum
1084 663 1141 694 est
1161 658 1310 693 homini
1327 667 1457 693 carere

169 711 266 754 visu,
285 721 402 758 quern
423 710 565 746 habere
584 714 722 746 natura
739 721 808 746 sua
828 711 961 757 exigit.
981 710 1053 746 Sed
1071 711 1117 746 de
1137 710 1308 746 bonitate
1325 713 1363 745 et
1379 720 1458 745 ma·

170 763 254 798 litia
285 763 478 799 actionum
514 763 776 799 humanarum
807 764 1005 810 loquimur
1036 763 1325 810 proportionate
1361 762 1458 797 sicut

172 816 217 851 de
238 816 337 851 bono
366 820 404 851 et
430 816 591 851 maloin
611 817 739 860 rebus,
762 819 804 852 ut
837 827 953 863 supra
982 816 1123 852 dictum
1155 818 1224 851 est.
1256 815 1355 862 Ergo
1388 815 1457 850 bo-

171 870 271 904 nitas
320 869 481 905 actionis
519 869 676 905 moralis
714 881 759 905 ex
792 868 1030 916 plenitudine
1071 868 1220 905 essendi
1256 878 1343 914 quae
1384 868 1456 913 ipsi

170 921 310 958 actioni
331 920 492 957 debetur
516 922 752 958 desumenda
772 925 840 965 est,
857 922 955 958 sicut
977 925 1013 958 et
1027 921 1107 968 ejus
1130 920 1278 957 malitia
1300 930 1347 956 ex
1366 920 1456 955 defi-

171 974 309 1009 cientia
330 974 417 1009 talis
444 973 706 1019 plenitudinis.
728 995 773 1000 —
800 974 845 1009 Ut
872 984 963 1021 ergo
991 974 1223 1009 definiamus
1242 973 1340 1008 hanc
1361 972 1459 1008 defi-

169 1027 351 1062 cientiam
377 1027 435 1061 vel
456 1026 734 1073 plenitudinem
762 1026 909 1062 essendi
932 1026 970 1061 in
992 1025 1206 1062 actionibus
1233 1024 1457 1068 moralibus,

171 1079 274 1125 prius
294 1078 567 1114 stabiliendum
585 1083 642 1114 est
662 1079 754 1125 quid
775 1079 823 1114 sit
844 1089 919 1114 esse
934 1078 1080 1114 morale
1097 1079 1136 1114 in
1153 1078 1368 1114 actionibus
1390 1076 1459 1112 hu·

171 1142 310 1166 manis.

216 1184 281 1220 111.
300 1184 356 1220 Ad
375 1194 459 1220 esse
478 1185 623 1220 morale
640 1186 838 1221 actionum
854 1185 1109 1221 humanarum
1122 1184 1338 1228 requiritur
1358 1183 1459 1228 quod

169 1238 263 1281 ipsae
281 1237 493 1281 procedant
515 1246 537 1272 a
557 1237 678 1272 libero
702 1237 877 1281 arbitrio,
899 1247 968 1273 seu
987 1237 1034 1273 ab
1055 1236 1210 1272 homine
1233 1236 1458 1280 disponente

169 1293 215 1324 ut
239 1289 391 1325 domino
415 1289 460 1325 de
485 1290 651 1334 propriis
671 1290 902 1326 actionibus.
925 1291 1011 1325 Haec
1031 1289 1242 1336 propositio
1263 1298 1286 1324 a
1305 1288 1458 1323 nemine

170 1344 333 1388 negatur
354 1344 390 1376 et
407 1352 538 1377 revera
558 1342 689 1387 negari
709 1343 855 1388 nequit.
875 1342 1023 1377 Etenim
1044 1342 1143 1377 actio
1163 1340 1356 1377 intantum
1377 1350 1457 1375 mo-

172 1394 260 1429 ralis
291 1398 362 1437 est,
392 1394 482 1439 quia
511 1394 559 1429 ab
591 1398 728 1440 agente
761 1394 898 1429 morali
929 1393 1115 1441 procedit.
1148 1393 1221 1429 Sed
1253 1393 1371 1429 homo
1404 1397 1459 1428 est

173 1456 288 1492 agens
318 1446 478 1488 morale,
507 1457 582 1481 non
612 1451 803 1493 quatenus
832 1447 1057 1494 simpliciter
1088 1446 1289 1492 subjicitur
1317 1445 1459 1492 regulis

176 1498 410 1544 quibusdam
439 1498 630 1534 directivis
660 1501 764 1544 (narn
791 1499 822 1534 si
849 1499 887 1535 id
916 1499 1163 1535 solummodo
1189 1498 1450 1544 requireretur

176 1551 289 1586 bruta
314 1551 411 1596 ipsa,
433 1550 510 1586 imo
538 1554 574 1586 et
600 1552 814 1586 inanimata
840 1556 968 1587 essent
994 1552 1146 1598 agentia
1175 1550 1367 1596 moralia),
1394 1550 1459 1586 sed

174 1607 363 1650 quatenus
384 1607 442 1638 est
458 1603 631 1639 libertate
649 1603 847 1650 praeditus,
866 1614 942 1651 qua
963 1608 998 1639 et
1019 1604 1109 1650 quia
1127 1603 1207 1639 vult
1227 1603 1300 1639 illis
1318 1603 1460 1650 regulis

175 1666 255 1691 sese
275 1655 424 1702 agendo
445 1655 608 1702 subjicit,
631 1660 667 1692 et
693 1656 784 1702 quia
805 1655 883 1691 vult
910 1657 958 1692 ab
978 1657 1051 1692 illis
1079 1656 1217 1692 deviat.
1241 1658 1338 1702 Ergo
1359 1656 1458 1691 actio

173 1708 341 1743 hominis
362 1718 439 1743 non
459 1712 516 1743 est
536 1708 707 1753 moralis,
726 1708 799 1743 nisi
819 1712 1010 1755 quatenus
1032 1708 1202 1755 procedit
1220 1709 1267 1744 ab
1288 1708 1459 1751 homine,

174 1765 216 1795 ut
236 1760 350 1796 habet
369 1760 533 1796 liberum
552 1761 769 1806 arbitrium,
792 1772 858 1797 seu
876 1764 1065 1808 quatenus
1086 1761 1257 1808 disponit
1276 1764 1318 1796 ut
1339 1761 1461 1796 dorni-

175 1824 258 1857 nus,
281 1813 326 1848 de
348 1813 512 1860 propriis
534 1814 762 1850 actionibus.

219 1867 280 1901 IV.
307 1867 397 1902 Esse
420 1867 565 1902 morale
583 1867 779 1903 actionum
798 1867 1053 1903 humanarum
1070 1871 1131 1904 est
1146 1868 1316 1913 ipsarum
1336 1868 1459 1903 actio-

172 1929 264 1955 num
282 1919 468 1955 habitudo
484 1929 553 1955 seu
572 1920 664 1955 ordo
678 1920 726 1956 ad
739 1924 888 1956 rectam
908 1921 1111 1956 rationem.
1131 1922 1202 1956 Per
1216 1920 1314 1955 hanc
1329 1930 1462 1966 propo·

173 1973 352 2007 sitionem
382 1971 622 2007 affirmamus
652 1971 870 2008 libertatem
898 1973 1041 2019 requiri
1067 1973 1222 2018 quidem
1248 1973 1460 2008 necessario

173 2027 214 2058 ut
246 2024 344 2059 actio
378 2024 425 2059 sit
456 2024 668 2060 formaliter
698 2024 871 2060 humana
899 2028 935 2060 et
967 2035 1089 2071 capax
1121 2025 1363 2069 moralitatis,
1394 2024 1461 2060 sed

173 2081 301 2111 tamen
316 2076 590 2119 moralitatem,
606 2077 694 2112 licet
714 2081 991 2124 praesupponat
1008 2077 1240 2122 libertatem,
1256 2087 1333 2112 non
1353 2087 1462 2112 cons-

172 2128 259 2162 titui
283 2127 498 2163 formaliter
514 2139 583 2175 per
602 2128 820 2165 libertatem
838 2130 976 2175 ipsam,
1000 2128 1066 2164 sed
1086 2139 1154 2175 per
1172 2128 1374 2175 praefatam
1395 2128 1462 2164 ha-

173 2179 400 2216 bitudinem.
421 2182 465 2215 Et
485 2181 671 2227 probatur
688 2186 892 2217 assertum.
908 2202 954 2207 —
971 2182 1068 2216 Nam
1088 2182 1187 2217 actio
1208 2181 1394 2226 humana,
1414 2192 1459 2216 ex

172 2235 279 2280 parte
296 2232 487 2279 principii,
504 2233 643 2268 dicitur
657 2234 812 2269 moralis
833 2234 924 2280 quia
942 2233 1114 2281 procedit
1132 2244 1153 2269 a
1172 2234 1292 2269 libero
1310 2236 1459 2280 agente,

172 2286 245 2321 hoc
270 2287 370 2321 esta
395 2285 591 2320 voluntate
612 2285 834 2321 deliberata.
862 2285 934 2321 Sed
955 2289 1047 2321 nota
1066 2285 1169 2333 quod
1197 2287 1295 2321 actio
1324 2285 1458 2324 libera,

173 2337 348 2383 quamvis
361 2336 525 2373 elicitive
539 2341 575 2372 et
595 2337 681 2373 ideo
696 2337 950 2373 materialiter
963 2339 1009 2373 sit
1031 2339 1129 2374 actio
1146 2338 1368 2382 voluntatis,
1382 2338 1461 2384 fm-

173 2389 326 2425 malt'ter
345 2393 476 2426 tamen
501 2393 560 2425 est
586 2391 685 2426 actio
706 2390 918 2427 intellectus
945 2392 1019 2436 (Ps.
1042 2393 1098 2436 51,
1119 2391 1166 2426 VI
1168 2392 1193 2437 )‚
1216 2391 1306 2438 quia
1326 2390 1460 2427 electio
