<?xml version="1.0" encoding="UTF-8"?>
<!DOCTYPE html PUBLIC "-//W3C//DTD XHTML 1.0 Transitional//EN"
    "http://www.w3.org/TR/xhtml1/DTD/xhtml1-transitional.dtd">
<html xmlns="http://www.w3.org/1999/xhtml" xml:lang="en" lang="en">
 <head>
  <title>
</title>
<meta http-equiv="Content-Type" content="text/html;charset=utf-8" />
  <meta name='ocr-system' content='tesseract 3.04.00' />
  <meta name='ocr-capabilities' content='ocr_page ocr_carea ocr_par ocr_line ocrx_word'/>
</head>
<body>
  <div class='ocr_page' id='page_1' title='image "./summaphilosophic03zigluoft_0055.png"; bbox 0 0 1554 2569; ppageno 0'>
   <div class='ocr_carea' id='block_1_1' title="bbox 260 146 1361 180">
    <p class='ocr_par' dir='ltr' id='par_1_1' title="bbox 260 146 1361 180">
     <span class='ocr_line' id='line_1_1' title="bbox 260 146 1361 180; baseline 0.003 -3"><span class='ocrx_word' id='word_1_1' title='bbox 260 150 341 177; x_wconf 78' lang='grc' dir='ltr'>Λιιτ.</span> <span class='ocrx_word' id='word_1_2' title='bbox 364 150 417 175; x_wconf 89' lang='grc' dir='ltr'>ιιι.</span> <span class='ocrx_word' id='word_1_3' title='bbox 443 149 487 175; x_wconf 77' lang='lat' dir='ltr'><strong>nn</strong></span> <span class='ocrx_word' id='word_1_4' title='bbox 513 149 718 176; x_wconf 74' lang='lat' dir='ltr'><strong>sumnenvo</strong></span> <span class='ocrx_word' id='word_1_5' title='bbox 744 151 908 177; x_wconf 76' lang='lat' dir='ltr'><strong>cm‘remo</strong></span> <span class='ocrx_word' id='word_1_6' title='bbox 935 151 1172 178; x_wconf 64' lang='lat' dir='ltr'><strong>niomium-ris</strong></span> <span class='ocrx_word' id='word_1_7' title='bbox 1317 146 1361 180; x_wconf 78' lang='lat'><strong>45</strong></span> 
     </span>
    </p>
   </div>
   <div class='ocr_carea' id='block_1_2' title="bbox 59 221 1376 2429">
    <p class='ocr_par' dir='ltr' id='par_1_2' title="bbox 63 221 1376 854">
     <span class='ocr_line' id='line_1_2' title="bbox 72 221 1376 269; baseline 0.002 -11"><span class='ocrx_word' id='word_1_8' title='bbox 72 222 206 269; x_wconf 60' lang='lat' dir='ltr'><strong>“eyula</strong></span> <span class='ocrx_word' id='word_1_9' title='bbox 220 232 365 259; x_wconf 83' lang='lat' dir='ltr'><strong>morum</strong></span> <span class='ocrx_word' id='word_1_10' title='bbox 378 233 390 257; x_wconf 94' lang='grc'><strong>.·</strong></span> <span class='ocrx_word' id='word_1_11' title='bbox 411 232 527 268; x_wconf 87' lang='lat' dir='ltr'><strong>quem</strong></span> <span class='ocrx_word' id='word_1_12' title='bbox 542 221 767 257; x_wconf 84' lang='lat' dir='ltr'><strong>instinctum</strong></span> <span class='ocrx_word' id='word_1_13' title='bbox 781 224 891 258; x_wconf 86' lang='lat' dir='ltr'><strong>vocat</strong></span> <span class='ocrx_word' id='word_1_14' title='bbox 905 222 1061 269; x_wconf 87' lang='lat' dir='ltr'><strong>quidem</strong></span> <span class='ocrx_word' id='word_1_15' title='bbox 1075 234 1225 260; x_wconf 80' lang='lat' dir='ltr'><strong>sensum</strong></span> <span class='ocrx_word' id='word_1_16' title='bbox 1240 228 1376 261; x_wconf 73' lang='lat' dir='ltr'><strong>moral-</strong></span> 
     </span>
     <span class='ocr_line' id='line_1_3' title="bbox 72 273 1363 320; baseline 0.002 -9"><span class='ocrx_word' id='word_1_17' title='bbox 72 287 140 319; x_wconf 70' lang='lat' dir='ltr'><strong>em,</strong></span> <span class='ocrx_word' id='word_1_18' title='bbox 177 274 243 311; x_wconf 90' lang='lat' dir='ltr'><strong>sed</strong></span> <span class='ocrx_word' id='word_1_19' title='bbox 262 274 394 311; x_wconf 88' lang='lat' dir='ltr'><strong>statim</strong></span> <span class='ocrx_word' id='word_1_20' title='bbox 416 273 526 310; x_wconf 89' lang='lat' dir='ltr'><strong>addit</strong></span> <span class='ocrx_word' id='word_1_21' title='bbox 544 274 647 320; x_wconf 86' lang='lat' dir='ltr'><strong>quod</strong></span> <span class='ocrx_word' id='word_1_22' title='bbox 670 277 726 310; x_wconf 89' lang='lat' dir='ltr'><strong>est</strong></span> <span class='ocrx_word' id='word_1_23' title='bbox 750 278 876 310; x_wconf 72' lang='lat' dir='ltr'><strong>sextus</strong></span> <span class='ocrx_word' id='word_1_24' title='bbox 893 285 1023 311; x_wconf 79' lang='lat' dir='ltr'><strong>sensus</strong></span> <span class='ocrx_word' id='word_1_25' title='bbox 1043 276 1198 313; x_wconf 77' lang='lat' dir='ltr'><strong>omnino</strong></span> <span class='ocrx_word' id='word_1_26' title='bbox 1217 277 1363 313; x_wconf 79' lang='lat' dir='ltr'><strong>similis</strong></span> 
     </span>
     <span class='ocr_line' id='line_1_4' title="bbox 74 325 1362 375; baseline 0.002 -11"><span class='ocrx_word' id='word_1_27' title='bbox 74 328 235 375; x_wconf 77' lang='lat' dir='ltr'><strong>reliquis</strong></span> <span class='ocrx_word' id='word_1_28' title='bbox 252 327 418 374; x_wconf 81' lang='lat' dir='ltr'><strong>quinque</strong></span> <span class='ocrx_word' id='word_1_29' title='bbox 439 325 607 363; x_wconf 74' lang='lat' dir='ltr'><em>sensibus</em></span> <span class='ocrx_word' id='word_1_30' title='bbox 630 329 814 373; x_wconf 78' lang='lat' dir='ltr'><strong>corporis.</strong></span> <span class='ocrx_word' id='word_1_31' title='bbox 839 328 911 363; x_wconf 90' lang='lat' dir='ltr'><strong>Per</strong></span> <span class='ocrx_word' id='word_1_32' title='bbox 930 326 1034 364; x_wconf 91' lang='lat' dir='ltr'><strong>hunc</strong></span> <span class='ocrx_word' id='word_1_33' title='bbox 1053 339 1208 365; x_wconf 87' lang='lat' dir='ltr'><strong>sensum</strong></span> <span class='ocrx_word' id='word_1_34' title='bbox 1231 334 1362 366; x_wconf 87' lang='lat' dir='ltr'><strong>autem</strong></span> 
     </span>
     <span class='ocr_line' id='line_1_5' title="bbox 74 379 1364 429; baseline 0.002 -12"><span class='ocrx_word' id='word_1_35' title='bbox 74 391 142 417; x_wconf 86' lang='lat' dir='ltr'><strong>nos</strong></span> <span class='ocrx_word' id='word_1_36' title='bbox 160 379 327 416; x_wconf 84' lang='lat' dir='ltr'><strong>naturali</strong></span> <span class='ocrx_word' id='word_1_37' title='bbox 353 379 522 427; x_wconf 88' lang='lat' dir='ltr'><strong>impulsu</strong></span> <span class='ocrx_word' id='word_1_38' title='bbox 549 383 664 425; x_wconf 87' lang='lat' dir='ltr'><strong>atque</strong></span> <span class='ocrx_word' id='word_1_39' title='bbox 691 383 806 427; x_wconf 83' lang='lat' dir='ltr'><strong>gustu</strong></span> <span class='ocrx_word' id='word_1_40' title='bbox 834 381 969 416; x_wconf 86' lang='lat' dir='ltr'><strong>asserit</strong></span> <span class='ocrx_word' id='word_1_41' title='bbox 993 381 1134 417; x_wconf 81' lang='lat' dir='ltr'><strong>sentire</strong></span> <span class='ocrx_word' id='word_1_42' title='bbox 1154 381 1303 429; x_wconf 85' lang='lat' dir='ltr'><strong>justum</strong></span> <span class='ocrx_word' id='word_1_43' title='bbox 1331 389 1364 418; x_wconf 86' lang='lat' dir='ltr'><strong>et</strong></span> 
     </span>
     <span class='ocr_line' id='line_1_6' title="bbox 74 432 1363 481; baseline 0.002 -12"><span class='ocrx_word' id='word_1_44' title='bbox 74 434 273 481; x_wconf 78' lang='lat' dir='ltr'><strong>injustum,</strong></span> <span class='ocrx_word' id='word_1_45' title='bbox 287 432 449 480; x_wconf 82' lang='lat' dir='ltr'><em>perinde</em></span> <span class='ocrx_word' id='word_1_46' title='bbox 467 436 579 478; x_wconf 83' lang='lat' dir='ltr'><strong>atque</strong></span> <span class='ocrx_word' id='word_1_47' title='bbox 595 432 640 469; x_wconf 87' lang='lat' dir='ltr'><strong>de</strong></span> <span class='ocrx_word' id='word_1_48' title='bbox 654 432 859 478; x_wconf 80' lang='lat' dir='ltr'><strong>saporibus</strong></span> <span class='ocrx_word' id='word_1_49' title='bbox 867 432 1093 480; x_wconf 80' lang='lat' dir='ltr'><strong>judicamus</strong></span> <span class='ocrx_word' id='word_1_50' title='bbox 1113 439 1200 471; x_wconf 79' lang='lat' dir='ltr'><strong>ante</strong></span> <span class='ocrx_word' id='word_1_51' title='bbox 1220 446 1363 471; x_wconf 78' lang='lat' dir='ltr'><strong>omnem</strong></span> 
     </span>
     <span class='ocr_line' id='line_1_7' title="bbox 72 485 1363 534; baseline 0.001 -11"><span class='ocrx_word' id='word_1_52' title='bbox 72 486 341 534; x_wconf 76' lang='lat' dir='ltr'><strong>operationem,</strong></span> <span class='ocrx_word' id='word_1_53' title='bbox 357 485 458 522; x_wconf 89' lang='lat' dir='ltr'><strong>Citat</strong></span> <span class='ocrx_word' id='word_1_54' title='bbox 473 485 684 521; x_wconf 86' lang='lat' dir='ltr'><strong>Robinetus</strong></span> <span class='ocrx_word' id='word_1_55' title='bbox 705 497 774 532; x_wconf 89' lang='lat' dir='ltr'><strong>pro</strong></span> <span class='ocrx_word' id='word_1_56' title='bbox 795 496 865 521; x_wconf 89' lang='lat' dir='ltr'><strong>sua</strong></span> <span class='ocrx_word' id='word_1_57' title='bbox 885 487 1076 522; x_wconf 80' lang='lat' dir='ltr'><strong>sententia</strong></span> <span class='ocrx_word' id='word_1_58' title='bbox 1096 488 1233 532; x_wconf 83' lang='lat' dir='ltr'><strong>Hume,</strong></span> <span class='ocrx_word' id='word_1_59' title='bbox 1250 488 1363 524; x_wconf 90' lang='lat' dir='ltr'><strong>alios-</strong></span> 
     </span>
     <span class='ocr_line' id='line_1_8' title="bbox 65 537 1361 587; baseline 0.002 -12"><span class='ocrx_word' id='word_1_60' title='bbox 65 543 160 587; x_wconf 68' lang='lat' dir='ltr'><strong>}que.</strong></span> <span class='ocrx_word' id='word_1_61' title='bbox 181 539 237 574; x_wconf 85' lang='lat' dir='ltr'><strong>Ex</strong></span> <span class='ocrx_word' id='word_1_62' title='bbox 265 538 370 574; x_wconf 87' lang='lat' dir='ltr'><strong>hisce</strong></span> <span class='ocrx_word' id='word_1_63' title='bbox 390 542 519 574; x_wconf 86' lang='lat' dir='ltr'><strong>autem</strong></span> <span class='ocrx_word' id='word_1_64' title='bbox 541 537 738 585; x_wconf 86' lang='lat' dir='ltr'><strong>principiis</strong></span> <span class='ocrx_word' id='word_1_65' title='bbox 764 537 810 573; x_wconf 86' lang='lat' dir='ltr'><strong>de</strong></span> <span class='ocrx_word' id='word_1_66' title='bbox 839 538 940 575; x_wconf 87' lang='lat' dir='ltr'><strong>facili</strong></span> <span class='ocrx_word' id='word_1_67' title='bbox 969 538 1131 574; x_wconf 83' lang='lat' dir='ltr'><strong>infertur</strong></span> <span class='ocrx_word' id='word_1_68' title='bbox 1151 541 1253 587; x_wconf 88' lang='lat' dir='ltr'><strong>quod</strong></span> <span class='ocrx_word' id='word_1_69' title='bbox 1276 541 1361 577; x_wconf 87' lang='lat' dir='ltr'><strong>ideo</strong></span> 
     </span>
     <span class='ocr_line' id='line_1_9' title="bbox 64 590 1362 640; baseline 0.001 -12"><span class='ocrx_word' id='word_1_70' title='bbox 64 593 204 639; x_wconf 72' lang='lat' dir='ltr'><strong>gaiiqua</strong></span> <span class='ocrx_word' id='word_1_71' title='bbox 224 591 322 628; x_wconf 88' lang='lat' dir='ltr'><strong>actio</strong></span> <span class='ocrx_word' id='word_1_72' title='bbox 341 591 445 638; x_wconf 87' lang='lat' dir='ltr'><strong>justa</strong></span> <span class='ocrx_word' id='word_1_73' title='bbox 464 595 534 634; x_wconf 91' lang='lat' dir='ltr'><strong>est,</strong></span> <span class='ocrx_word' id='word_1_74' title='bbox 557 591 650 638; x_wconf 88' lang='lat' dir='ltr'><strong>quia</strong></span> <span class='ocrx_word' id='word_1_75' title='bbox 668 591 796 637; x_wconf 84' lang='lat' dir='ltr'><strong>gustui</strong></span> <span class='ocrx_word' id='word_1_76' title='bbox 815 590 917 626; x_wconf 90' lang='lat' dir='ltr'><strong>illius</strong></span> <span class='ocrx_word' id='word_1_77' title='bbox 937 592 1036 627; x_wconf 84' lang='lat' dir='ltr'><strong>sexti</strong></span> <span class='ocrx_word' id='word_1_78' title='bbox 1056 603 1191 628; x_wconf 85' lang='lat' dir='ltr'><strong>sensus</strong></span> <span class='ocrx_word' id='word_1_79' title='bbox 1212 593 1362 640; x_wconf 87' lang='lat' dir='ltr'><strong>placet;</strong></span> 
     </span>
     <span class='ocr_line' id='line_1_10' title="bbox 65 640 1362 692; baseline 0.002 -13"><span class='ocrx_word' id='word_1_80' title='bbox 65 640 129 682; x_wconf 66' lang='lat' dir='ltr'><strong>ssest</strong></span> <span class='ocrx_word' id='word_1_81' title='bbox 149 645 292 692; x_wconf 89' lang='lat' dir='ltr'><strong>injusta</strong></span> <span class='ocrx_word' id='word_1_82' title='bbox 307 644 400 691; x_wconf 88' lang='lat' dir='ltr'><strong>quia</strong></span> <span class='ocrx_word' id='word_1_83' title='bbox 413 643 538 679; x_wconf 88' lang='lat' dir='ltr'><strong>eidem</strong></span> <span class='ocrx_word' id='word_1_84' title='bbox 554 644 681 679; x_wconf 87' lang='lat' dir='ltr'><strong>sensui</strong></span> <span class='ocrx_word' id='word_1_85' title='bbox 701 643 876 689; x_wconf 87' lang='lat' dir='ltr'><strong>displicet</strong></span> <span class='ocrx_word' id='word_1_86' title='bbox 891 654 900 680; x_wconf 73' lang='grc' dir='ltr'>ε</span> <span class='ocrx_word' id='word_1_87' title='bbox 917 655 1068 692; x_wconf 86' lang='lat' dir='ltr'><strong>nempe,</strong></span> <span class='ocrx_word' id='word_1_88' title='bbox 1086 650 1129 681; x_wconf 91' lang='lat' dir='ltr'><strong>ut</strong></span> <span class='ocrx_word' id='word_1_89' title='bbox 1147 648 1362 692; x_wconf 83' lang='lat' dir='ltr'><strong>praemonui</strong></span> 
     </span>
     <span class='ocr_line' id='line_1_11' title="bbox 71 696 1360 744; baseline 0.001 -10"><span class='ocrx_word' id='word_1_90' title='bbox 71 699 147 742; x_wconf 87' lang='lat' dir='ltr'><strong>n.1‚</strong></span> <span class='ocrx_word' id='word_1_91' title='bbox 162 697 358 734; x_wconf 84' lang='lat' dir='ltr'><strong>criterium</strong></span> <span class='ocrx_word' id='word_1_92' title='bbox 370 707 597 744; x_wconf 86' lang='lat' dir='ltr'><strong>supremum</strong></span> <span class='ocrx_word' id='word_1_93' title='bbox 612 696 651 732; x_wconf 90' lang='lat' dir='ltr'><strong>in</strong></span> <span class='ocrx_word' id='word_1_94' title='bbox 668 696 916 742; x_wconf 83' lang='lat' dir='ltr'><strong>dijudicanda</strong></span> <span class='ocrx_word' id='word_1_95' title='bbox 930 698 1151 734; x_wconf 86' lang='lat' dir='ltr'><strong>moralitate</strong></span> <span class='ocrx_word' id='word_1_96' title='bbox 1165 700 1360 735; x_wconf 89' lang='lat' dir='ltr'><strong>actionum</strong></span> 
     </span>
     <span class='ocr_line' id='line_1_12' title="bbox 71 749 1362 799; baseline 0.001 -12"><span class='ocrx_word' id='word_1_97' title='bbox 71 751 331 793; x_wconf 77' lang='lat' dir='ltr'><strong>humanarum</strong></span> <span class='ocrx_word' id='word_1_98' title='bbox 359 754 448 785; x_wconf 88' lang='lat' dir='ltr'><strong>sunt</strong></span> <span class='ocrx_word' id='word_1_99' title='bbox 482 749 633 785; x_wconf 88' lang='lat' dir='ltr'><strong>dolores</strong></span> <span class='ocrx_word' id='word_1_100' title='bbox 665 754 703 785; x_wconf 88' lang='lat' dir='ltr'><strong>et</strong></span> <span class='ocrx_word' id='word_1_101' title='bbox 736 749 1009 786; x_wconf 82' lang='lat' dir='ltr'><strong>delectationes</strong></span> <span class='ocrx_word' id='word_1_102' title='bbox 1043 761 1111 787; x_wconf 87' lang='lat' dir='ltr'><strong>seu</strong></span> <span class='ocrx_word' id='word_1_103' title='bbox 1145 752 1362 799; x_wconf 89' lang='lat' dir='ltr'><strong>voluptates</strong></span> 
     </span>
     <span class='ocr_line' id='line_1_13' title="bbox 63 798 533 854; baseline 0.002 -15"><span class='ocrx_word' id='word_1_104' title='bbox 63 803 286 854; x_wconf 62' lang='lat' dir='ltr'><strong>sensibiles,</strong></span> <span class='ocrx_word' id='word_1_105' title='bbox 525 798 533 801; x_wconf 68' lang='grc'><strong>”</strong></span> 
     </span>
    </p>

    <p class='ocr_par' dir='ltr' id='par_1_3' title="bbox 66 855 1361 1010">
     <span class='ocr_line' id='line_1_14' title="bbox 117 855 1360 903; baseline 0 -11"><span class='ocrx_word' id='word_1_106' title='bbox 117 856 177 892; x_wconf 88' lang='lat' dir='ltr'><strong>IV.</strong></span> <span class='ocrx_word' id='word_1_107' title='bbox 198 855 354 892; x_wconf 71' lang='lat' dir='ltr'><strong>critica.</strong></span> <span class='ocrx_word' id='word_1_108' title='bbox 375 855 499 891; x_wconf 83' lang='lat' dir='ltr'><strong>Facile</strong></span> <span class='ocrx_word' id='word_1_109' title='bbox 520 860 577 892; x_wconf 89' lang='lat' dir='ltr'><strong>est</strong></span> <span class='ocrx_word' id='word_1_110' title='bbox 598 856 863 891; x_wconf 86' lang='lat' dir='ltr'><strong>demonstrare</strong></span> <span class='ocrx_word' id='word_1_111' title='bbox 884 867 952 903; x_wconf 89' lang='lat' dir='ltr'><strong>per</strong></span> <span class='ocrx_word' id='word_1_112' title='bbox 972 855 1197 902; x_wconf 88' lang='lat' dir='ltr'><strong>hujusmodi</strong></span> <span class='ocrx_word' id='word_1_113' title='bbox 1220 858 1360 892; x_wconf 88' lang='lat' dir='ltr'><strong>sensis-</strong></span> 
     </span>
     <span class='ocr_line' id='line_1_15' title="bbox 66 908 1361 955; baseline 0.002 -11"><span class='ocrx_word' id='word_1_114' title='bbox 66 908 186 945; x_wconf 86' lang='lat' dir='ltr'><strong>&#39;ticam</strong></span> <span class='ocrx_word' id='word_1_115' title='bbox 218 908 432 945; x_wconf 79' lang='lat' dir='ltr'><strong>doctrinam</strong></span> <span class='ocrx_word' id='word_1_116' title='bbox 468 908 613 945; x_wconf 84' lang='lat' dir='ltr'><strong>destrui</strong></span> <span class='ocrx_word' id='word_1_117' title='bbox 646 910 772 955; x_wconf 83' lang='lat' dir='ltr'><strong>ipsam</strong></span> <span class='ocrx_word' id='word_1_118' title='bbox 809 909 1070 945; x_wconf 89' lang='lat' dir='ltr'><strong>moralitatem</strong></span> <span class='ocrx_word' id='word_1_119' title='bbox 1102 914 1186 945; x_wconf 89' lang='lat' dir='ltr'><strong>tum</strong></span> <span class='ocrx_word' id='word_1_120' title='bbox 1219 911 1257 945; x_wconf 88' lang='lat' dir='ltr'><strong>in</strong></span> <span class='ocrx_word' id='word_1_121' title='bbox 1291 921 1361 946; x_wconf 89' lang='lat' dir='ltr'><strong>suo</strong></span> 
     </span>
     <span class='ocr_line' id='line_1_16' title="bbox 67 961 723 1010; baseline -0.002 -12"><span class='ocrx_word' id='word_1_122' title='bbox 67 961 270 1010; x_wconf 80' lang='lat' dir='ltr'><strong>principio,</strong></span> <span class='ocrx_word' id='word_1_123' title='bbox 291 964 375 997; x_wconf 90' lang='lat' dir='ltr'><strong>tum</strong></span> <span class='ocrx_word' id='word_1_124' title='bbox 395 961 433 996; x_wconf 92' lang='lat' dir='ltr'><strong>in</strong></span> <span class='ocrx_word' id='word_1_125' title='bbox 453 972 525 997; x_wconf 92' lang='lat' dir='ltr'><strong>sua</strong></span> <span class='ocrx_word' id='word_1_126' title='bbox 543 962 723 998; x_wconf 85' lang='lat' dir='ltr'><strong>essentia.</strong></span> 
     </span>
    </p>

    <p class='ocr_par' dir='ltr' id='par_1_4' title="bbox 63 1013 1361 1589">
     <span class='ocr_line' id='line_1_17' title="bbox 115 1013 1361 1061; baseline 0 -10"><span class='ocrx_word' id='word_1_127' title='bbox 115 1014 337 1051; x_wconf 84' lang='lat' dir='ltr'><strong>Destruitur</strong></span> <span class='ocrx_word' id='word_1_128' title='bbox 354 1013 556 1051; x_wconf 82' lang='lat' dir='ltr'><strong>moralitas</strong></span> <span class='ocrx_word' id='word_1_129' title='bbox 574 1016 617 1050; x_wconf 82' lang='lat' dir='ltr'><strong>in</strong></span> <span class='ocrx_word' id='word_1_130' title='bbox 629 1025 698 1050; x_wconf 81' lang='lat' dir='ltr'><strong>suo</strong></span> <span class='ocrx_word' id='word_1_131' title='bbox 710 1014 929 1061; x_wconf 75' lang='lat' dir='ltr'><strong>princtpio.</strong></span> <span class='ocrx_word' id='word_1_132' title='bbox 952 1015 1163 1051; x_wconf 89' lang='lat' dir='ltr'><strong>Probatum</strong></span> <span class='ocrx_word' id='word_1_133' title='bbox 1181 1016 1282 1051; x_wconf 87' lang='lat' dir='ltr'><strong>enim</strong></span> <span class='ocrx_word' id='word_1_134' title='bbox 1304 1020 1361 1051; x_wconf 86' lang='lat' dir='ltr'><strong>est</strong></span> 
     </span>
     <span class='ocr_line' id='line_1_18' title="bbox 61 1065 1361 1136; baseline -0.002 -29.997"><span class='ocrx_word' id='word_1_135' title='bbox 61 1065 188 1136; x_wconf 63' lang='lat' dir='ltr'><strong>{supra</strong></span> <span class='ocrx_word' id='word_1_136' title='bbox 213 1067 262 1104; x_wconf 88' lang='lat' dir='ltr'><strong>ad</strong></span> <span class='ocrx_word' id='word_1_137' title='bbox 288 1068 492 1104; x_wconf 86' lang='lat' dir='ltr'><strong>essentiam</strong></span> <span class='ocrx_word' id='word_1_138' title='bbox 520 1067 682 1104; x_wconf 88' lang='lat' dir='ltr'><strong>actionis</strong></span> <span class='ocrx_word' id='word_1_139' title='bbox 710 1067 868 1104; x_wconf 86' lang='lat' dir='ltr'><strong>moralis</strong></span> <span class='ocrx_word' id='word_1_140' title='bbox 891 1068 1107 1104; x_wconf 87' lang='lat' dir='ltr'><strong>necessario</strong></span> <span class='ocrx_word' id='word_1_141' title='bbox 1135 1070 1361 1116; x_wconf 80' lang='lat' dir='ltr'><strong>praerequiii</strong></span> 
     </span>
     <span class='ocr_line' id='line_1_19' title="bbox 61 1110 1360 1180; baseline 0 -23"><span class='ocrx_word' id='word_1_142' title='bbox 61 1110 176 1175; x_wconf 65' lang='lat' dir='ltr'><strong>§quod</strong></span> <span class='ocrx_word' id='word_1_143' title='bbox 204 1120 302 1157; x_wconf 88' lang='lat' dir='ltr'><strong>actio</strong></span> <span class='ocrx_word' id='word_1_144' title='bbox 328 1120 411 1167; x_wconf 88' lang='lat' dir='ltr'><strong>ipsa</strong></span> <span class='ocrx_word' id='word_1_145' title='bbox 436 1121 485 1156; x_wconf 87' lang='lat' dir='ltr'><strong>sit</strong></span> <span class='ocrx_word' id='word_1_146' title='bbox 514 1131 536 1156; x_wconf 89' lang='lat' dir='ltr'><strong>a</strong></span> <span class='ocrx_word' id='word_1_147' title='bbox 561 1120 748 1168; x_wconf 90' lang='lat' dir='ltr'><strong>principio</strong></span> <span class='ocrx_word' id='word_1_148' title='bbox 775 1120 898 1157; x_wconf 86' lang='lat' dir='ltr'><strong>libero</strong></span> <span class='ocrx_word' id='word_1_149' title='bbox 918 1123 966 1180; x_wconf 93' lang='grc'><strong>(9,</strong></span> <span class='ocrx_word' id='word_1_150' title='bbox 990 1122 1067 1166; x_wconf 89' lang='lat' dir='ltr'><strong>Ill)</strong></span> <span class='ocrx_word' id='word_1_151' title='bbox 1090 1122 1133 1157; x_wconf 90' lang='lat' dir='ltr'><strong>In</strong></span> <span class='ocrx_word' id='word_1_152' title='bbox 1155 1125 1360 1169; x_wconf 77' lang='lat' dir='ltr'><strong>systemate</strong></span> 
     </span>
     <span class='ocr_line' id='line_1_20' title="bbox 71 1173 1361 1221; baseline 0 -11"><span class='ocrx_word' id='word_1_153' title='bbox 71 1178 201 1210; x_wconf 86' lang='lat' dir='ltr'><strong>autem</strong></span> <span class='ocrx_word' id='word_1_154' title='bbox 227 1173 424 1210; x_wconf 91' lang='lat' dir='ltr'><strong>sensistico</strong></span> <span class='ocrx_word' id='word_1_155' title='bbox 453 1173 612 1209; x_wconf 86' lang='lat' dir='ltr'><strong>libertas</strong></span> <span class='ocrx_word' id='word_1_156' title='bbox 638 1173 744 1209; x_wconf 89' lang='lat' dir='ltr'><strong>nulla</strong></span> <span class='ocrx_word' id='word_1_157' title='bbox 778 1177 848 1218; x_wconf 87' lang='lat' dir='ltr'><strong>est,</strong></span> <span class='ocrx_word' id='word_1_158' title='bbox 875 1174 968 1221; x_wconf 88' lang='lat' dir='ltr'><strong>quia</strong></span> <span class='ocrx_word' id='word_1_159' title='bbox 991 1173 1149 1210; x_wconf 88' lang='lat' dir='ltr'><strong>libertas</strong></span> <span class='ocrx_word' id='word_1_160' title='bbox 1179 1175 1361 1211; x_wconf 86' lang='lat' dir='ltr'><strong>subaudit</strong></span> 
     </span>
     <span class='ocr_line' id='line_1_21' title="bbox 62 1224 1358 1274; baseline -0.001 -11.994"><span class='ocrx_word' id='word_1_161' title='bbox 62 1225 370 1262; x_wconf 84' lang='lat' dir='ltr'><strong>indifferentiam</strong></span> <span class='ocrx_word' id='word_1_162' title='bbox 391 1224 527 1272; x_wconf 79' lang='lat' dir='ltr'><strong>judicii</strong></span> <span class='ocrx_word' id='word_1_163' title='bbox 548 1225 652 1273; x_wconf 89' lang='lat' dir='ltr'><strong>quod</strong></span> <span class='ocrx_word' id='word_1_164' title='bbox 674 1226 755 1261; x_wconf 86' lang='lat' dir='ltr'><strong>sine</strong></span> <span class='ocrx_word' id='word_1_165' title='bbox 781 1226 976 1262; x_wconf 84' lang='lat' dir='ltr'><strong>intellectu</strong></span> <span class='ocrx_word' id='word_1_166' title='bbox 1002 1225 1086 1262; x_wconf 90' lang='lat' dir='ltr'><strong>dari</strong></span> <span class='ocrx_word' id='word_1_167' title='bbox 1119 1237 1197 1262; x_wconf 92' lang='lat' dir='ltr'><strong>non</strong></span> <span class='ocrx_word' id='word_1_168' title='bbox 1216 1232 1358 1274; x_wconf 85' lang='lat' dir='ltr'><strong>potest.</strong></span> 
     </span>
     <span class='ocr_line' id='line_1_22' title="bbox 61 1268 1360 1326; baseline 0.001 -12.007"><span class='ocrx_word' id='word_1_169' title='bbox 61 1268 210 1316; x_wconf 62' lang='lat' dir='ltr'><strong>Sensus</strong></span> <span class='ocrx_word' id='word_1_170' title='bbox 235 1289 342 1326; x_wconf 78' lang='lat' dir='ltr'><strong>erge,</strong></span> <span class='ocrx_word' id='word_1_171' title='bbox 369 1279 401 1314; x_wconf 89' lang='lat' dir='ltr'><strong>si</strong></span> <span class='ocrx_word' id='word_1_172' title='bbox 429 1289 563 1315; x_wconf 91' lang='lat' dir='ltr'><strong>sensus</strong></span> <span class='ocrx_word' id='word_1_173' title='bbox 596 1283 665 1323; x_wconf 89' lang='lat' dir='ltr'><strong>est,</strong></span> <span class='ocrx_word' id='word_1_174' title='bbox 693 1283 735 1314; x_wconf 91' lang='lat' dir='ltr'><strong>ut</strong></span> <span class='ocrx_word' id='word_1_175' title='bbox 765 1279 973 1315; x_wconf 82' lang='lat' dir='ltr'><strong>adversarii</strong></span> <span class='ocrx_word' id='word_1_176' title='bbox 1003 1279 1149 1323; x_wconf 88' lang='lat' dir='ltr'><strong>volunt,</strong></span> <span class='ocrx_word' id='word_1_177' title='bbox 1184 1280 1360 1315; x_wconf 83' lang='lat' dir='ltr'><strong>libertate</strong></span> 
     </span>
     <span class='ocr_line' id='line_1_23' title="bbox 60 1328 1360 1378; baseline 0.002 -12.014"><span class='ocrx_word' id='word_1_178' title='bbox 60 1328 187 1376; x_wconf 72' lang='lat' dir='ltr'><strong>caret,</strong></span> <span class='ocrx_word' id='word_1_179' title='bbox 219 1335 261 1367; x_wconf 91' lang='lat' dir='ltr'><strong>ut</strong></span> <span class='ocrx_word' id='word_1_180' title='bbox 293 1330 499 1378; x_wconf 89' lang='lat' dir='ltr'><strong>probatum</strong></span> <span class='ocrx_word' id='word_1_181' title='bbox 526 1335 582 1366; x_wconf 84' lang='lat' dir='ltr'><strong>est</strong></span> <span class='ocrx_word' id='word_1_182' title='bbox 615 1331 654 1366; x_wconf 92' lang='lat' dir='ltr'><strong>in</strong></span> <span class='ocrx_word' id='word_1_183' title='bbox 680 1330 947 1378; x_wconf 83' lang='lat' dir='ltr'><strong>Psychologia,</strong></span> <span class='ocrx_word' id='word_1_184' title='bbox 981 1336 1018 1367; x_wconf 89' lang='lat' dir='ltr'><strong>et</strong></span> <span class='ocrx_word' id='word_1_185' title='bbox 1051 1332 1259 1367; x_wconf 87' lang='lat' dir='ltr'><strong>adversarii</strong></span> <span class='ocrx_word' id='word_1_186' title='bbox 1288 1332 1360 1378; x_wconf 90' lang='lat' dir='ltr'><strong>ipsi</strong></span> 
     </span>
     <span class='ocr_line' id='line_1_24' title="bbox 67 1382 1358 1431; baseline 0 -12"><span class='ocrx_word' id='word_1_187' title='bbox 67 1383 294 1428; x_wconf 85' lang='lat' dir='ltr'><strong>concedunt,</strong></span> <span class='ocrx_word' id='word_1_188' title='bbox 316 1382 488 1419; x_wconf 85' lang='lat' dir='ltr'><strong>vocando</strong></span> <span class='ocrx_word' id='word_1_189' title='bbox 509 1393 667 1419; x_wconf 89' lang='lat' dir='ltr'><strong>sensum</strong></span> <span class='ocrx_word' id='word_1_190' title='bbox 688 1383 796 1419; x_wconf 90' lang='lat' dir='ltr'><strong>illum</strong></span> <span class='ocrx_word' id='word_1_191' title='bbox 826 1383 1063 1427; x_wconf 77' lang='lat' dir='ltr'><strong>instinctum,</strong></span> <span class='ocrx_word' id='word_1_192' title='bbox 1086 1384 1152 1431; x_wconf 91' lang='lat' dir='ltr'><strong>qui</strong></span> <span class='ocrx_word' id='word_1_193' title='bbox 1180 1384 1237 1419; x_wconf 83' lang='lat' dir='ltr'><strong>vel</strong></span> <span class='ocrx_word' id='word_1_194' title='bbox 1264 1384 1358 1431; x_wconf 89' lang='lat' dir='ltr'><strong>ipsis</strong></span> 
     </span>
     <span class='ocr_line' id='line_1_25' title="bbox 68 1435 1359 1483; baseline 0.001 -12"><span class='ocrx_word' id='word_1_195' title='bbox 68 1436 192 1472; x_wconf 88' lang='lat' dir='ltr'><strong>brutis</strong></span> <span class='ocrx_word' id='word_1_196' title='bbox 212 1436 323 1474; x_wconf 90' lang='lat' dir='ltr'><strong>inest.</strong></span> <span class='ocrx_word' id='word_1_197' title='bbox 346 1437 392 1472; x_wconf 90' lang='lat' dir='ltr'><strong>Et</strong></span> <span class='ocrx_word' id='word_1_198' title='bbox 410 1435 496 1472; x_wconf 90' lang='lat' dir='ltr'><strong>ideo</strong></span> <span class='ocrx_word' id='word_1_199' title='bbox 518 1446 642 1483; x_wconf 84' lang='lat' dir='ltr'><strong>neque</strong></span> <span class='ocrx_word' id='word_1_200' title='bbox 663 1435 743 1483; x_wconf 90' lang='lat' dir='ltr'><strong>ipse</strong></span> <span class='ocrx_word' id='word_1_201' title='bbox 764 1439 890 1482; x_wconf 87' lang='lat' dir='ltr'><strong>potest</strong></span> <span class='ocrx_word' id='word_1_202' title='bbox 910 1446 994 1472; x_wconf 90' lang='lat' dir='ltr'><strong>esse</strong></span> <span class='ocrx_word' id='word_1_203' title='bbox 1011 1436 1229 1483; x_wconf 87' lang='lat' dir='ltr'><strong>subjectum</strong></span> <span class='ocrx_word' id='word_1_204' title='bbox 1248 1436 1359 1472; x_wconf 89' lang='lat' dir='ltr'><strong>liber-</strong></span> 
     </span>
     <span class='ocr_line' id='line_1_26' title="bbox 67 1488 1359 1536; baseline 0 -12"><span class='ocrx_word' id='word_1_205' title='bbox 67 1490 171 1534; x_wconf 83' lang='lat' dir='ltr'><strong>tatis,</strong></span> <span class='ocrx_word' id='word_1_206' title='bbox 198 1499 322 1535; x_wconf 85' lang='lat' dir='ltr'><strong>neque</strong></span> <span class='ocrx_word' id='word_1_207' title='bbox 353 1488 572 1524; x_wconf 87' lang='lat' dir='ltr'><strong>libertatem</strong></span> <span class='ocrx_word' id='word_1_208' title='bbox 607 1489 784 1534; x_wconf 80' lang='lat' dir='ltr'><strong>dirigere.</strong></span> <span class='ocrx_word' id='word_1_209' title='bbox 819 1490 917 1534; x_wconf 77' lang='lat' dir='ltr'><strong>Ergo</strong></span> <span class='ocrx_word' id='word_1_210' title='bbox 952 1499 1019 1536; x_wconf 88' lang='lat' dir='ltr'><strong>per</strong></span> <span class='ocrx_word' id='word_1_211' title='bbox 1045 1490 1291 1533; x_wconf 85' lang='lat' dir='ltr'><strong>sensismum,</strong></span> <span class='ocrx_word' id='word_1_212' title='bbox 1314 1489 1359 1524; x_wconf 89' lang='lat' dir='ltr'><strong>de</strong></span> 
     </span>
     <span class='ocr_line' id='line_1_27' title="bbox 67 1541 1334 1589; baseline 0 -12"><span class='ocrx_word' id='word_1_213' title='bbox 67 1552 143 1588; x_wconf 92' lang='lat' dir='ltr'><strong>quo</strong></span> <span class='ocrx_word' id='word_1_214' title='bbox 163 1543 329 1589; x_wconf 84' lang='lat' dir='ltr'><strong>agimus,</strong></span> <span class='ocrx_word' id='word_1_215' title='bbox 352 1541 562 1578; x_wconf 87' lang='lat' dir='ltr'><strong>destruitur</strong></span> <span class='ocrx_word' id='word_1_216' title='bbox 581 1541 781 1577; x_wconf 86' lang='lat' dir='ltr'><strong>moralitas</strong></span> <span class='ocrx_word' id='word_1_217' title='bbox 800 1541 961 1577; x_wconf 89' lang='lat' dir='ltr'><strong>actionis</strong></span> <span class='ocrx_word' id='word_1_218' title='bbox 982 1541 1020 1577; x_wconf 91' lang='lat' dir='ltr'><strong>in</strong></span> <span class='ocrx_word' id='word_1_219' title='bbox 1043 1553 1111 1577; x_wconf 90' lang='lat' dir='ltr'><strong>suo</strong></span> <span class='ocrx_word' id='word_1_220' title='bbox 1133 1542 1334 1588; x_wconf 88' lang='lat' dir='ltr'><strong>principio.</strong></span> 
     </span>
    </p>

    <p class='ocr_par' dir='ltr' id='par_1_5' title="bbox 59 1590 1360 2429">
     <span class='ocr_line' id='line_1_28' title="bbox 59 1590 1360 1630; baseline -0.001 0"><span class='ocrx_word' id='word_1_221' title='bbox 59 1590 61 1593; x_wconf 67' lang='grc'>’</span> <span class='ocrx_word' id='word_1_222' title='bbox 111 1594 335 1630; x_wconf 62' lang='lat' dir='ltr'><strong>Desa-uitur</strong></span> <span class='ocrx_word' id='word_1_223' title='bbox 345 1593 548 1630; x_wconf 82' lang='lat' dir='ltr'><strong>moralitas</strong></span> <span class='ocrx_word' id='word_1_224' title='bbox 563 1594 605 1629; x_wconf 79' lang='lat' dir='ltr'><strong>in</strong></span> <span class='ocrx_word' id='word_1_225' title='bbox 617 1604 689 1629; x_wconf 86' lang='lat' dir='ltr'><strong>sua</strong></span> <span class='ocrx_word' id='word_1_226' title='bbox 699 1595 874 1630; x_wconf 75' lang='lat' dir='ltr'><strong>essentia.</strong></span> <span class='ocrx_word' id='word_1_227' title='bbox 891 1594 1064 1629; x_wconf 84' lang='lat' dir='ltr'><strong>Essentia</strong></span> <span class='ocrx_word' id='word_1_228' title='bbox 1082 1594 1186 1629; x_wconf 88' lang='lat' dir='ltr'><strong>enim</strong></span> <span class='ocrx_word' id='word_1_229' title='bbox 1202 1595 1360 1630; x_wconf 87' lang='lat' dir='ltr'><strong>actionis</strong></span> 
     </span>
     <span class='ocr_line' id='line_1_29' title="bbox 67 1645 1359 1693; baseline 0 -11"><span class='ocrx_word' id='word_1_230' title='bbox 67 1646 225 1682; x_wconf 87' lang='lat' dir='ltr'><strong>moralis</strong></span> <span class='ocrx_word' id='word_1_231' title='bbox 253 1646 468 1682; x_wconf 83' lang='lat' dir='ltr'><strong>formaliter</strong></span> <span class='ocrx_word' id='word_1_232' title='bbox 487 1645 740 1682; x_wconf 85' lang='lat' dir='ltr'><strong>consideratae</strong></span> <span class='ocrx_word' id='word_1_233' title='bbox 760 1646 800 1682; x_wconf 89' lang='lat' dir='ltr'><strong>in</strong></span> <span class='ocrx_word' id='word_1_234' title='bbox 820 1646 995 1693; x_wconf 71' lang='lat' dir='ltr'><strong>eiusdem</strong></span> <span class='ocrx_word' id='word_1_235' title='bbox 1023 1647 1184 1682; x_wconf 91' lang='lat' dir='ltr'><strong>actionis</strong></span> <span class='ocrx_word' id='word_1_236' title='bbox 1206 1647 1359 1683; x_wconf 89' lang='lat' dir='ltr'><strong>consor-</strong></span> 
     </span>
     <span class='ocr_line' id='line_1_30' title="bbox 65 1699 1357 1746; baseline 0 -11"><span class='ocrx_word' id='word_1_237' title='bbox 65 1700 202 1735; x_wconf 90' lang='lat' dir='ltr'><strong>mitate</strong></span> <span class='ocrx_word' id='word_1_238' title='bbox 229 1699 288 1735; x_wconf 86' lang='lat' dir='ltr'><strong>vel</strong></span> <span class='ocrx_word' id='word_1_239' title='bbox 317 1699 569 1735; x_wconf 83' lang='lat' dir='ltr'><strong>difformitate</strong></span> <span class='ocrx_word' id='word_1_240' title='bbox 599 1709 687 1735; x_wconf 91' lang='lat' dir='ltr'><strong>cum</strong></span> <span class='ocrx_word' id='word_1_241' title='bbox 713 1700 863 1735; x_wconf 89' lang='lat' dir='ltr'><strong>ratione</strong></span> <span class='ocrx_word' id='word_1_242' title='bbox 892 1703 997 1735; x_wconf 85' lang='lat' dir='ltr'><strong>recta</strong></span> <span class='ocrx_word' id='word_1_243' title='bbox 1023 1700 1096 1735; x_wconf 85' lang='lat' dir='ltr'><strong>sita</strong></span> <span class='ocrx_word' id='word_1_244' title='bbox 1125 1704 1182 1735; x_wconf 85' lang='lat' dir='ltr'><strong>cst</strong></span> <span class='ocrx_word' id='word_1_245' title='bbox 1207 1700 1255 1746; x_wconf 85' lang='lat'><strong>(9,</strong></span> <span class='ocrx_word' id='word_1_246' title='bbox 1283 1700 1357 1746; x_wconf 87' lang='lat' dir='ltr'>IV).</span> 
     </span>
     <span class='ocr_line' id='line_1_31' title="bbox 63 1751 1360 1799; baseline -0.001 -11"><span class='ocrx_word' id='word_1_247' title='bbox 63 1752 175 1788; x_wconf 85' lang='lat' dir='ltr'><strong>Ratio</strong></span> <span class='ocrx_word' id='word_1_248' title='bbox 204 1754 333 1788; x_wconf 89' lang='lat' dir='ltr'><strong>autem</strong></span> <span class='ocrx_word' id='word_1_249' title='bbox 366 1751 482 1798; x_wconf 84' lang='lat' dir='ltr'><strong>hujus</strong></span> <span class='ocrx_word' id='word_1_250' title='bbox 519 1752 801 1787; x_wconf 84' lang='lat' dir='ltr'><strong>conformitatis</strong></span> <span class='ocrx_word' id='word_1_251' title='bbox 830 1752 890 1787; x_wconf 89' lang='lat' dir='ltr'><strong>vel</strong></span> <span class='ocrx_word' id='word_1_252' title='bbox 923 1751 1183 1787; x_wconf 85' lang='lat' dir='ltr'><strong>difformitatis</strong></span> <span class='ocrx_word' id='word_1_253' title='bbox 1208 1753 1246 1787; x_wconf 91' lang='lat' dir='ltr'><strong>in</strong></span> <span class='ocrx_word' id='word_1_254' title='bbox 1276 1753 1360 1799; x_wconf 85' lang='lat' dir='ltr'><strong>ipsa</strong></span> 
     </span>
     <span class='ocr_line' id='line_1_32' title="bbox 64 1804 1359 1852; baseline 0 -12"><span class='ocrx_word' id='word_1_255' title='bbox 64 1804 234 1840; x_wconf 91' lang='lat' dir='ltr'><strong>hominis</strong></span> <span class='ocrx_word' id='word_1_256' title='bbox 261 1808 403 1840; x_wconf 88' lang='lat' dir='ltr'><strong>natura</strong></span> <span class='ocrx_word' id='word_1_257' title='bbox 427 1814 517 1840; x_wconf 89' lang='lat' dir='ltr'><strong>cum</strong></span> <span class='ocrx_word' id='word_1_258' title='bbox 544 1805 592 1840; x_wconf 87' lang='lat' dir='ltr'><strong>sit</strong></span> <span class='ocrx_word' id='word_1_259' title='bbox 617 1804 791 1849; x_wconf 79' lang='lat' dir='ltr'><strong>fundata,</strong></span> <span class='ocrx_word' id='word_1_260' title='bbox 816 1815 940 1851; x_wconf 88' lang='lat' dir='ltr'><strong>neque</strong></span> <span class='ocrx_word' id='word_1_261' title='bbox 970 1815 1015 1840; x_wconf 90' lang='lat' dir='ltr'><strong>ex</strong></span> <span class='ocrx_word' id='word_1_262' title='bbox 1048 1804 1203 1840; x_wconf 89' lang='lat' dir='ltr'><strong>arbitrio</strong></span> <span class='ocrx_word' id='word_1_263' title='bbox 1237 1815 1359 1852; x_wconf 88' lang='lat' dir='ltr'><strong>neque</strong></span> 
     </span>
     <span class='ocr_line' id='line_1_33' title="bbox 65 1856 1359 1904; baseline 0 -12"><span class='ocrx_word' id='word_1_264' title='bbox 65 1867 112 1892; x_wconf 86' lang='lat' dir='ltr'><strong>ex</strong></span> <span class='ocrx_word' id='word_1_265' title='bbox 131 1856 214 1903; x_wconf 83' lang='lat' dir='ltr'><strong>lege</strong></span> <span class='ocrx_word' id='word_1_266' title='bbox 235 1856 365 1903; x_wconf 89' lang='lat' dir='ltr'><strong>aliqua</strong></span> <span class='ocrx_word' id='word_1_267' title='bbox 384 1857 548 1902; x_wconf 86' lang='lat' dir='ltr'><strong>positiva</strong></span> <span class='ocrx_word' id='word_1_268' title='bbox 571 1856 797 1902; x_wconf 84' lang='lat' dir='ltr'><strong>dependeat,</strong></span> <span class='ocrx_word' id='word_1_269' title='bbox 822 1857 911 1892; x_wconf 87' lang='lat' dir='ltr'><strong>facit</strong></span> <span class='ocrx_word' id='word_1_270' title='bbox 930 1861 972 1892; x_wconf 91' lang='lat' dir='ltr'><strong>ut</strong></span> <span class='ocrx_word' id='word_1_271' title='bbox 993 1857 1179 1904; x_wconf 90' lang='lat' dir='ltr'><strong>principia</strong></span> <span class='ocrx_word' id='word_1_272' title='bbox 1200 1858 1359 1893; x_wconf 87' lang='lat' dir='ltr'><strong>morali-</strong></span> 
     </span>
     <span class='ocr_line' id='line_1_34' title="bbox 63 1908 1359 1956; baseline 0.001 -12"><span class='ocrx_word' id='word_1_273' title='bbox 63 1909 154 1945; x_wconf 88' lang='lat' dir='ltr'><strong>tatis</strong></span> <span class='ocrx_word' id='word_1_274' title='bbox 186 1909 263 1945; x_wconf 88' lang='lat' dir='ltr'><strong>sint</strong></span> <span class='ocrx_word' id='word_1_275' title='bbox 295 1909 485 1954; x_wconf 88' lang='lat' dir='ltr'><strong>absoluta,</strong></span> <span class='ocrx_word' id='word_1_276' title='bbox 516 1908 749 1944; x_wconf 88' lang='lat' dir='ltr'><strong>universalia</strong></span> <span class='ocrx_word' id='word_1_277' title='bbox 780 1913 818 1944; x_wconf 89' lang='lat' dir='ltr'><strong>et</strong></span> <span class='ocrx_word' id='word_1_278' title='bbox 850 1909 1113 1945; x_wconf 86' lang='lat' dir='ltr'><strong>immutabilia</strong></span> <span class='ocrx_word' id='word_1_279' title='bbox 1139 1910 1237 1945; x_wconf 88' lang='lat' dir='ltr'><strong>sicut</strong></span> <span class='ocrx_word' id='word_1_280' title='bbox 1262 1911 1359 1956; x_wconf 82' lang='lat' dir='ltr'><strong>ipsae</strong></span> 
     </span>
     <span class='ocr_line' id='line_1_35' title="bbox 62 1961 1358 2009; baseline 0 -12"><span class='ocrx_word' id='word_1_281' title='bbox 62 1971 194 1997; x_wconf 88' lang='lat' dir='ltr'><strong>rerum</strong></span> <span class='ocrx_word' id='word_1_282' title='bbox 213 1961 389 1997; x_wconf 81' lang='lat' dir='ltr'><strong>essentiae</strong></span> <span class='ocrx_word' id='word_1_283' title='bbox 408 1962 479 2008; x_wconf 83' lang='lat' dir='ltr'><strong>(lo,</strong></span> <span class='ocrx_word' id='word_1_284' title='bbox 501 1962 633 2006; x_wconf 81' lang='lat' dir='ltr'><strong>Vl).Et</strong></span> <span class='ocrx_word' id='word_1_285' title='bbox 653 1961 726 1997; x_wconf 90' lang='lat' dir='ltr'><strong>hoc</strong></span> <span class='ocrx_word' id='word_1_286' title='bbox 745 1961 920 1997; x_wconf 88' lang='lat' dir='ltr'><strong>concedit</strong></span> <span class='ocrx_word' id='word_1_287' title='bbox 939 1962 1021 2007; x_wconf 89' lang='lat' dir='ltr'><strong>ipse</strong></span> <span class='ocrx_word' id='word_1_288' title='bbox 1042 1961 1218 1999; x_wconf 79' lang='lat' dir='ltr'><strong>Robinet,</strong></span> <span class='ocrx_word' id='word_1_289' title='bbox 1243 1963 1358 2009; x_wconf 87' lang='lat' dir='ltr'><strong>Atqui</strong></span> 
     </span>
     <span class='ocr_line' id='line_1_36' title="bbox 65 2012 1354 2060; baseline 0.001 -11"><span class='ocrx_word' id='word_1_290' title='bbox 65 2012 101 2049; x_wconf 73' lang='lat'><strong>1⁶</strong></span> <span class='ocrx_word' id='word_1_291' title='bbox 120 2014 161 2049; x_wconf 88' lang='lat' dir='ltr'><strong>in</strong></span> <span class='ocrx_word' id='word_1_292' title='bbox 181 2016 389 2060; x_wconf 85' lang='lat' dir='ltr'><strong>systemate</strong></span> <span class='ocrx_word' id='word_1_293' title='bbox 403 2025 539 2050; x_wconf 89' lang='lat' dir='ltr'><strong>sensus</strong></span> <span class='ocrx_word' id='word_1_294' title='bbox 554 2013 701 2060; x_wconf 86' lang='lat' dir='ltr'><strong>physici</strong></span> <span class='ocrx_word' id='word_1_295' title='bbox 717 2014 816 2049; x_wconf 86' lang='lat' dir='ltr'><strong>ratio</strong></span> <span class='ocrx_word' id='word_1_296' title='bbox 833 2013 1007 2049; x_wconf 89' lang='lat' dir='ltr'><strong>humana</strong></span> <span class='ocrx_word' id='word_1_297' title='bbox 1022 2014 1176 2050; x_wconf 90' lang='lat' dir='ltr'><strong>nomine</strong></span> <span class='ocrx_word' id='word_1_298' title='bbox 1197 2015 1354 2060; x_wconf 88' lang='lat' dir='ltr'><strong>quidem</strong></span> 
     </span>
     <span class='ocr_line' id='line_1_37' title="bbox 61 2066 1358 2113; baseline 0.001 -11"><span class='ocrx_word' id='word_1_299' title='bbox 61 2066 307 2113; x_wconf 86' lang='lat' dir='ltr'><strong>relinquitur,</strong></span> <span class='ocrx_word' id='word_1_300' title='bbox 326 2077 365 2103; x_wconf 87' lang='lat' dir='ltr'><strong>re</strong></span> <span class='ocrx_word' id='word_1_301' title='bbox 381 2070 511 2103; x_wconf 89' lang='lat' dir='ltr'><strong>autem</strong></span> <span class='ocrx_word' id='word_1_302' title='bbox 532 2066 701 2111; x_wconf 86' lang='lat' dir='ltr'><strong>tollitur3</strong></span> <span class='ocrx_word' id='word_1_303' title='bbox 723 2086 769 2092; x_wconf 91' lang='lat'>—</span> <span class='ocrx_word' id='word_1_304' title='bbox 782 2068 821 2100; x_wconf 82' lang='lat'><strong>2⁰</strong></span> <span class='ocrx_word' id='word_1_305' title='bbox 841 2077 973 2102; x_wconf 89' lang='lat' dir='ltr'><strong>sensus</strong></span> <span class='ocrx_word' id='word_1_306' title='bbox 994 2069 1125 2103; x_wconf 87' lang='lat' dir='ltr'><strong>autem</strong></span> <span class='ocrx_word' id='word_1_307' title='bbox 1140 2077 1217 2103; x_wconf 89' lang='lat' dir='ltr'><strong>non</strong></span> <span class='ocrx_word' id='word_1_308' title='bbox 1237 2067 1358 2103; x_wconf 90' lang='lat' dir='ltr'><strong>hahet</strong></span> 
     </span>
     <span class='ocr_line' id='line_1_38' title="bbox 62 2118 1360 2166; baseline 0.001 -13"><span class='ocrx_word' id='word_1_309' title='bbox 62 2118 136 2154; x_wconf 89' lang='lat' dir='ltr'><strong>nisi</strong></span> <span class='ocrx_word' id='word_1_310' title='bbox 172 2119 440 2166; x_wconf 82' lang='lat' dir='ltr'><strong>perceptiones</strong></span> <span class='ocrx_word' id='word_1_311' title='bbox 472 2130 601 2155; x_wconf 89' lang='lat' dir='ltr'><strong>rerum</strong></span> <span class='ocrx_word' id='word_1_312' title='bbox 635 2119 904 2165; x_wconf 85' lang='lat' dir='ltr'><strong>singularium,</strong></span> <span class='ocrx_word' id='word_1_313' title='bbox 939 2119 1173 2155; x_wconf 89' lang='lat' dir='ltr'><strong>universalia</strong></span> <span class='ocrx_word' id='word_1_314' title='bbox 1205 2130 1293 2156; x_wconf 91' lang='lat' dir='ltr'><strong>vero</strong></span> <span class='ocrx_word' id='word_1_315' title='bbox 1322 2125 1360 2155; x_wconf 81' lang='lat' dir='ltr'><strong>et</strong></span> 
     </span>
     <span class='ocr_line' id='line_1_39' title="bbox 63 2171 1360 2219; baseline 0.002 -13"><span class='ocrx_word' id='word_1_316' title='bbox 63 2171 240 2207; x_wconf 89' lang='lat' dir='ltr'><strong>absoluta</strong></span> <span class='ocrx_word' id='word_1_317' title='bbox 259 2171 449 2219; x_wconf 82' lang='lat' dir='ltr'><strong>priucipia</strong></span> <span class='ocrx_word' id='word_1_318' title='bbox 469 2183 547 2208; x_wconf 90' lang='lat' dir='ltr'><strong>non</strong></span> <span class='ocrx_word' id='word_1_319' title='bbox 569 2172 746 2219; x_wconf 82' lang='lat' dir='ltr'><strong>attingit3</strong></span> <span class='ocrx_word' id='word_1_320' title='bbox 769 2192 814 2197; x_wconf 90' lang='lat'>—</span> <span class='ocrx_word' id='word_1_321' title='bbox 832 2173 870 2208; x_wconf 88' lang='lat'><strong>3⁰</strong></span> <span class='ocrx_word' id='word_1_322' title='bbox 896 2172 975 2207; x_wconf 92' lang='lat' dir='ltr'><strong>imo</strong></span> <span class='ocrx_word' id='word_1_323' title='bbox 996 2182 1086 2208; x_wconf 87' lang='lat' dir='ltr'><strong>vero</strong></span> <span class='ocrx_word' id='word_1_324' title='bbox 1107 2173 1360 2208; x_wconf 85' lang='lat' dir='ltr'><strong>essentialiter</strong></span> 
     </span>
     <span class='ocr_line' id='line_1_40' title="bbox 62 2223 1358 2272; baseline 0.002 -14"><span class='ocrx_word' id='word_1_325' title='bbox 62 2223 260 2259; x_wconf 90' lang='lat' dir='ltr'><strong>mutabilis</strong></span> <span class='ocrx_word' id='word_1_326' title='bbox 275 2228 346 2270; x_wconf 88' lang='lat' dir='ltr'><strong>est,</strong></span> <span class='ocrx_word' id='word_1_327' title='bbox 362 2225 526 2272; x_wconf 84' lang='lat' dir='ltr'><strong>ejusque</strong></span> <span class='ocrx_word' id='word_1_328' title='bbox 539 2229 674 2272; x_wconf 86' lang='lat' dir='ltr'><strong>gustus</strong></span> <span class='ocrx_word' id='word_1_329' title='bbox 690 2226 839 2260; x_wconf 90' lang='lat' dir='ltr'><strong>variant</strong></span> <span class='ocrx_word' id='word_1_330' title='bbox 855 2224 1068 2261; x_wconf 89' lang='lat' dir='ltr'><strong>secundum</strong></span> <span class='ocrx_word' id='word_1_331' title='bbox 1088 2230 1358 2272; x_wconf 87' lang='lat' dir='ltr'><strong>temporaneas</strong></span> 
     </span>
     <span class='ocr_line' id='line_1_41' title="bbox 62 2275 1359 2325; baseline 0.002 -15"><span class='ocrx_word' id='word_1_332' title='bbox 62 2275 372 2312; x_wconf 86' lang='lat' dir='ltr'><strong>circumstantias</strong></span> <span class='ocrx_word' id='word_1_333' title='bbox 404 2281 441 2312; x_wconf 86' lang='lat' dir='ltr'><strong>et</strong></span> <span class='ocrx_word' id='word_1_334' title='bbox 474 2276 748 2325; x_wconf 87' lang='lat' dir='ltr'><strong>dispositiones</strong></span> <span class='ocrx_word' id='word_1_335' title='bbox 776 2277 858 2323; x_wconf 85' lang='lat' dir='ltr'><strong>ejus</strong></span> <span class='ocrx_word' id='word_1_336' title='bbox 885 2277 1130 2324; x_wconf 86' lang='lat' dir='ltr'><strong>subjectivas.</strong></span> <span class='ocrx_word' id='word_1_337' title='bbox 1163 2279 1263 2324; x_wconf 85' lang='lat' dir='ltr'><strong>Ergo</strong></span> <span class='ocrx_word' id='word_1_338' title='bbox 1292 2288 1359 2325; x_wconf 87' lang='lat' dir='ltr'><strong>per</strong></span> 
     </span>
     <span class='ocr_line' id='line_1_42' title="bbox 63 2327 1357 2376; baseline 0.002 -13"><span class='ocrx_word' id='word_1_339' title='bbox 63 2337 220 2364; x_wconf 89' lang='lat' dir='ltr'><strong>sensum</strong></span> <span class='ocrx_word' id='word_1_340' title='bbox 240 2327 481 2364; x_wconf 89' lang='lat' dir='ltr'><strong>adstructum</strong></span> <span class='ocrx_word' id='word_1_341' title='bbox 503 2339 526 2364; x_wconf 91' lang='lat' dir='ltr'><strong>a</strong></span> <span class='ocrx_word' id='word_1_342' title='bbox 546 2329 725 2372; x_wconf 88' lang='lat' dir='ltr'><strong>Robinet,</strong></span> <span class='ocrx_word' id='word_1_343' title='bbox 761 2329 974 2365; x_wconf 88' lang='lat' dir='ltr'><strong>destruitur</strong></span> <span class='ocrx_word' id='word_1_344' title='bbox 992 2330 1078 2376; x_wconf 89' lang='lat' dir='ltr'><strong>ipsa</strong></span> <span class='ocrx_word' id='word_1_345' title='bbox 1098 2330 1302 2365; x_wconf 88' lang='lat' dir='ltr'><strong>moralitas</strong></span> <span class='ocrx_word' id='word_1_346' title='bbox 1320 2330 1357 2365; x_wconf 85' lang='lat' dir='ltr'><strong>in</strong></span> 
     </span>
     <span class='ocr_line' id='line_1_43' title="bbox 63 2381 1359 2429; baseline 0.001 -13"><span class='ocrx_word' id='word_1_347' title='bbox 63 2390 134 2416; x_wconf 89' lang='lat' dir='ltr'><strong>sua</strong></span> <span class='ocrx_word' id='word_1_348' title='bbox 165 2381 344 2416; x_wconf 88' lang='lat' dir='ltr'><strong>essentia.</strong></span> <span class='ocrx_word' id='word_1_349' title='bbox 379 2401 425 2407; x_wconf 90' lang='lat'><em>-</em></span> <span class='ocrx_word' id='word_1_350' title='bbox 451 2381 558 2417; x_wconf 81' lang='lat' dir='ltr'><strong>Adde</strong></span> <span class='ocrx_word' id='word_1_351' title='bbox 587 2382 645 2417; x_wconf 88' lang='lat' dir='ltr'><strong>his</strong></span> <span class='ocrx_word' id='word_1_352' title='bbox 682 2381 784 2428; x_wconf 88' lang='lat' dir='ltr'><strong>quod</strong></span> <span class='ocrx_word' id='word_1_353' title='bbox 817 2392 952 2418; x_wconf 88' lang='lat' dir='ltr'><strong>sensus</strong></span> <span class='ocrx_word' id='word_1_354' title='bbox 979 2393 1057 2418; x_wconf 91' lang='lat' dir='ltr'><strong>non</strong></span> <span class='ocrx_word' id='word_1_355' title='bbox 1085 2382 1282 2429; x_wconf 68' lang='lat' dir='ltr'><strong>experitur</strong></span> <span class='ocrx_word' id='word_1_356' title='bbox 1311 2393 1359 2418; x_wconf 85' lang='lat' dir='ltr'><strong>ex</strong></span> 
     </span>
    </p>
   </div>
   <div class='ocr_carea' id='block_1_3' title="bbox 155 2451 1218 2487">
    <p class='ocr_par' dir='ltr' id='par_1_6' title="bbox 155 2451 1218 2487">
     <span class='ocr_line' id='line_1_44' title="bbox 155 2451 1218 2487; baseline 0.004 -10"><span class='ocrx_word' id='word_1_357' title='bbox 155 2451 298 2478; x_wconf 68' lang='lat' dir='ltr'><strong>linum.</strong></span> <span class='ocrx_word' id='word_1_358' title='bbox 322 2452 439 2479; x_wconf 77' lang='lat' dir='ltr'><strong>Summa</strong></span> <span class='ocrx_word' id='word_1_359' title='bbox 452 2451 660 2487; x_wconf 75' lang='lat' dir='ltr'><strong>philosophica.</strong></span> <span class='ocrx_word' id='word_1_360' title='bbox 681 2466 715 2472; x_wconf 89' lang='lat'>—</span> <span class='ocrx_word' id='word_1_361' title='bbox 735 2453 770 2480; x_wconf 81' lang='grc' dir='ltr'><strong>Τ.</strong></span> <span class='ocrx_word' id='word_1_362' title='bbox 791 2453 840 2480; x_wconf 81' lang='lat'>111.</span> <span class='ocrx_word' id='word_1_363' title='bbox 1201 2454 1218 2480; x_wconf 65' lang='lat'>⁴</span> 
     </span>
    </p>
   </div>
  </div>
 </body>
</html>
