1584 2569
195 142 259 176 174
306 151 365 176 ms
389 150 552 176 NATURAE.
571 150 641 175 Lm.
669 151 695 175 1.
718 149 793 174 CAP.
813 150 863 174 1v.
882 150 926 174 οε
947 150 1021 174 orr.
1042 150 1129 175 nou.
1148 150 1242 175 ERGA
1256 151 1357 175 Amos

191 223 342 260 suicidii
363 225 435 268 (35,
458 223 522 266 III)
545 222 691 258 dictum
712 226 780 257 est.
803 221 901 270 Ergo
920 221 1090 257 duellum
1106 227 1162 258 est
1183 222 1224 258 in
1241 233 1279 259 se
1296 223 1477 259 essentia-

194 278 278 313 liter
295 277 485 312 illicitum.

236 329 415 366 Duellum
440 333 491 364 est
513 328 694 364 illicitum
721 328 763 363 in
782 327 864 363 suis
894 328 1022 364 causis
1043 327 1242 375 finalibus.
1269 329 1398 364 Prima
1424 333 1481 364 est

191 383 453 429 manifestatio
471 383 656 426 veritatis,
679 391 766 416 cum
790 380 933 417 scilicet
953 380 1091 427 aliquis
1114 380 1273 417 confidit
1299 381 1403 428 quod
1423 392 1480 417 re-

193 439 345 483 portata
363 435 524 471 victoria
537 434 610 470 erit
626 434 732 469 testis
751 433 936 478 veritatis,
959 438 1051 481 puta
1074 434 1177 481 quod
1195 435 1276 481 ipse
1293 439 1349 470 est
1372 435 1480 470 inno—

193 499 293 533 cens,
311 487 370 524 vel
389 486 492 534 quod
519 486 635 523 habet
651 487 728 533 Jus‚
762 490 799 535 et
822 486 897 522 alia
925 485 1163 533 hujusmodi.
1186 487 1267 529 Quo
1300 487 1339 523 in
1366 497 1479 523 sensi-1

193 541 378 585 duellum,
396 541 619 588 ignoratum
640 550 661 575 a
679 539 818 576 Graecis
836 544 873 576 et
893 550 915 575 a
935 539 1130 584 Romanis,
1153 540 1346 576 invectum
1371 544 1428 576 est
1457 549 1480 574 a

192 595 367 631 barbarie
378 595 456 630 Lon
463 593 723 641 gobardorum
731 597 775 628 ut
789 591 968 639 quaedam
978 592 1248 629 demonstratio
1252 592 1477 640 judicialis,

190 642 259 685 'seu
281 648 419 692 verius,
446 651 489 682 ut
517 646 758 693 sortilegium
785 646 993 682 barbarum
1026 651 1063 682 et
1096 646 1212 682 simul
1245 646 1482 693 superstitio-

193 712 292 737 sum.
310 700 355 736 Et
375 710 505 736 revera
523 699 611 735 finis
644 699 713 734 iste
734 698 877 735 claudit
910 699 1206 747 repugnantiam
1235 698 1480 735 manifestam

194 758 328 790 contra
350 753 541 788 rationem
561 763 569 787 z
595 754 630 787 10
651 752 741 798 quia
760 750 907 788 inducit
927 752 966 787 in
987 752 1253 788 testimonium
1274 751 1379 798 quod
1404 762 1482 786 non

194 811 250 843 est
271 805 537 842 testimonium
556 808 729 840 :constat
748 805 851 841 enim
875 804 978 851 quod
996 804 1141 841 habens
1157 806 1221 852 J'us
1243 805 1335 850 (sive
1345 814 1483 852 provo-

193 870 283 896 cans
309 860 386 894 sive
412 860 626 904 acceptans)
658 862 784 905 potest
813 857 1060 894 succumbere
1087 862 1123 894 et
1149 857 1379 905 quandoque
1401 867 1481 893 suc—

195 911 341 948 cumbit
358 912 396 947 in
415 910 554 955 duello,
574 910 668 957 quin
690 911 888 957 tamenjus
909 911 1063 946 amittat
1079 922 1086 956 3
1104 912 1141 946 2⁰
1162 911 1252 957 quia
1269 909 1481 946 duellantes

198 969 383 1012 usurpant
401 962 607 1011 J'udicium,
629 962 855 1011 exponendo
880 974 918 998 se
942 964 1031 999 vitae
1058 963 1240 1010 periculo,
1263 961 1366 1010 quod
1389 973 1482 998 non-

196 1017 269 1053 nisi
293 1016 341 1053 ad
364 1016 560 1064 publicam
587 1016 857 1052 auctoritatem
885 1021 1055 1063 spectare
1076 1020 1214 1063 potest,
1237 1016 1268 1050 si
1291 1015 1482 1051 socialitas

197 1070 280 1117 ipsa
306 1067 568 1105 conservanda
590 1072 659 1112 est,
685 1068 745 1104 cui
772 1067 870 1104 nihil
896 1068 1066 1115 profecto
1093 1068 1218 1115 magis
1244 1068 1481 1103 contrarium

195 1127 264 1167 est,
292 1133 410 1169 quam
441 1122 540 1157 cives
570 1121 719 1168 privato
745 1120 906 1167 judicio,
937 1120 1040 1156 haud
1070 1131 1156 1156 raro
1186 1130 1209 1156 a
1240 1120 1482 1167 passionibus

194 1175 352 1217 dictato,
371 1175 461 1221 jura
478 1174 634 1221 propria
652 1173 823 1209 definire.

240 1228 366 1263 Altera
382 1237 497 1262 causa
516 1230 572 1261 est
592 1227 789 1262 ostentatio
807 1227 962 1270 virium,
977 1231 1019 1261 ut
1042 1226 1079 1261 in
1101 1225 1254 1262 Goliath
1272 1231 1308 1262 et
1323 1230 1366 1261 ut
1383 1236 1482 1261 sem·

194 1291 263 1328 per
291 1284 347 1316 est
377 1280 415 1315 in
442 1283 674 1327 provocante
700 1278 871 1314 duellum
901 1289 908 1313 :
937 1289 1088 1326 semper
1115 1279 1217 1315 enim
1254 1282 1483 1326 provocator

196 1333 280 1370 ideo
302 1336 485 1381 provocat
504 1332 595 1378 quia
615 1331 686 1367 sibi
704 1341 930 1378 persuasum
945 1336 1002 1367 est
1016 1335 1083 1367 aut
1099 1332 1148 1375 vi,
1172 1336 1237 1367 aut
1258 1332 1389 1376 armis,
1414 1335 1481 1367 aut

188 1385 422 1435 dexteritate
440 1395 620 1431 superare
640 1395 750 1431 posse
771 1382 1047 1428 adversarium,
1067 1394 1181 1430 quem
1200 1389 1304 1420 tenet
1325 1383 1482 1420 debilio-

195 1449 305 1482 rem„
323 1438 377 1473 Ex
407 1448 482 1484 quo
512 1437 636 1484 magis
666 1441 770 1484 patet
800 1436 1130 1480 irrationabilitas,
1160 1438 1238 1473 imo
1271 1436 1482 1473 bestialitas

195 1491 325 1528 duelli.
358 1489 708 1534 Irrationabz'litas,
747 1489 838 1536 quia
863 1500 992 1525 revera
1027 1490 1290 1525 irrationabile
1319 1494 1375 1525 est
1416 1494 1482 1525 aut

195 1548 361 1580 mortem
382 1547 448 1578 aut
467 1542 604 1577 vulnus
626 1541 800 1590 infligere
821 1540 1038 1577 adversario
1059 1541 1108 1577 ad
1128 1543 1341 1578 vanitatem
1358 1546 1395 1578 et
1421 1553 1481 1577 su-

195 1596 369 1643 perbiam
397 1594 564 1642 propriae
585 1593 836 1629 fortitudinis.
860 1594 1100 1639 Bestialitas,
1126 1595 1217 1640 quia
1243 1605 1373 1630 revera
1398 1605 1482 1630 mos

188 1648 405 1699 ¹bestiarum
432 1651 487 1682 est
514 1651 557 1681 ut
585 1645 762 1681 fortiores
795 1645 998 1682 debiliores
1031 1647 1250 1694 opprimere
1277 1650 1480 1683 attentent.

248 1701 369 1737 sertia
388 1710 502 1735 causa
522 1703 578 1734 est
598 1700 794 1745 repa-ratio
812 1699 969 1735 honoris
985 1699 1066 1735 loesz
1084 1710 1130 1735 ex
1151 1704 1259 1747 parte
1277 1710 1483 1747 provocan-

199 1754 257 1798 tis,
273 1757 310 1788 et
329 1752 484 1788 evitatio
504 1751 728 1798 iynominioe
747 1762 792 1786 ex
809 1756 917 1799 parte
938 1753 1169 1799 acceptantis
1196 1763 1243 1788 ne
1266 1752 1349 1788 vilis
1370 1762 1484 1800 appa-

197 1810 290 1842 reat.
311 1806 358 1840 At
376 1815 465 1840 vero
497 1804 620 1839 honor
643 1804 792 1839 ratione
816 1814 894 1839 non
929 1803 1056 1840 duello
1087 1809 1304 1852 reparatur,
1336 1806 1375 1840 in
1407 1815 1483 1852 quo

191 1859 333 1906 aliquis
360 1857 452 1904 quin
470 1862 621 1903 reparet
644 1855 926 1903 praecedentem
949 1855 1148 1893 laesoniem
1164 1857 1336 1903 honoris,
1358 1859 1482 1894 incur-

198 1913 246 1947 rit
265 1910 497 1958 quandoque
524 1910 780 1957 ignominiam
804 1910 1007 1946 victorum.
1035 1910 1088 1945 Ex
1117 1915 1224 1957 parte
1251 1911 1483 1958 acceptantis

199 1964 320 2000 vilitas
341 1963 497 2009 quidem
525 1967 583 1998 est
603 1961 706 2010 apud
733 1962 847 1998 rudes
871 1967 907 1998 et
934 1962 1156 2008 imbecilles,
1185 1963 1251 1999 sed
1277 1974 1354 1999 non
1381 1963 1483 2011 apud

196 2017 386 2064 sapientes
409 2016 474 2062 qui
491 2020 627 2052 contra
642 2015 802 2052 laudant
823 2020 859 2051 et
881 2015 1075 2051 honorant
1091 2015 1290 2052 hominem
1314 2017 1380 2062 qui
1401 2015 1483 2052 offi-

197 2071 254 2106 cia
272 2080 362 2116 erga
385 2070 518 2114 Deum,
542 2080 633 2116 erga
656 2069 838 2116 seipsum,
868 2073 905 2104 et
930 2079 1020 2116 erga
1044 2069 1264 2116 proximum
1287 2073 1425 2113 servat,
1447 2074 1483 2105 et

196 2123 266 2158 scit
305 2121 539 2168 distinguere
572 2121 814 2157 honestatem
847 2121 945 2167 juris
978 2125 1015 2156 et
1055 2119 1169 2156 officii
1209 2132 1231 2156 a
1261 2121 1483 2157 brutalitate

197 2178 359 2211 armata.

244 2227 386 2268 Quarta
414 2237 528 2262 causa
547 2231 603 2262 est
637 2227 854 2262 terminatio
882 2226 963 2262 litis
992 2225 1211 2262 criminales
1237 2231 1304 2262 aut
1337 2226 1480 2271 civilis,

198 2279 351 2326 quando
367 2279 508 2316 scilicet
525 2290 603 2314 non
620 2284 747 2326 posset
765 2280 876 2315 aliter
890 2279 1089 2315 terminari
1108 2279 1168 2323 lis,
1191 2279 1265 2314 nisi
1282 2279 1409 2315 duello
1424 2289 1481 2315 ac-

198 2336 362 2380 ceptato.
378 2331 451 2368 Sed
463 2342 584 2379 neque
595 2332 635 2367 in
646 2331 718 2368 hac
732 2332 936 2380 hypothesi
947 2332 1075 2379 potius
1087 2331 1350 2379 metaphysica
1364 2342 1479 2379 quam

199 2385 367 2432 practica
383 2384 553 2422 duellum
571 2386 757 2434 acceptari
779 2389 919 2433 potest,
940 2385 1088 2422 ratione
1112 2384 1215 2421 dicta
1236 2385 1426 2433 praecipue
1443 2384 1482 2420 in
