<?xml version="1.0" encoding="UTF-8"?>
<!DOCTYPE html PUBLIC "-//W3C//DTD XHTML 1.0 Transitional//EN"
    "http://www.w3.org/TR/xhtml1/DTD/xhtml1-transitional.dtd">
<html xmlns="http://www.w3.org/1999/xhtml" xml:lang="en" lang="en">
 <head>
  <title>
</title>
<meta http-equiv="Content-Type" content="text/html;charset=utf-8" />
  <meta name='ocr-system' content='tesseract 3.04.00' />
  <meta name='ocr-capabilities' content='ocr_page ocr_carea ocr_par ocr_line ocrx_word'/>
</head>
<body>
  <div class='ocr_page' id='page_1' title='image "./summaphilosophic03zigluoft_0193.png"; bbox 0 0 1584 2569; ppageno 0'>
   <div class='ocr_carea' id='block_1_1' title="bbox 485 103 1420 140">
    <p class='ocr_par' dir='ltr' id='par_1_1' title="bbox 485 103 1420 140">
     <span class='ocr_line' id='line_1_1' title="bbox 485 103 1420 140; baseline -0.002 -1"><span class='ocrx_word' id='word_1_1' title='bbox 485 114 567 140; x_wconf 72' lang='grc' dir='ltr'><strong>Αιιτ.</strong></span> <span class='ocrx_word' id='word_1_2' title='bbox 590 115 645 140; x_wconf 89' lang='lat'>111.</span> <span class='ocrx_word' id='word_1_3' title='bbox 666 114 711 139; x_wconf 74' lang='lat' dir='ltr'>nr.</span> <span class='ocrx_word' id='word_1_4' title='bbox 737 112 997 139; x_wconf 66' lang='lat' dir='ltr'>commeneus</span> <span class='ocrx_word' id='word_1_5' title='bbox 1357 103 1420 137; x_wconf 82' lang='lat'>183</span> 
     </span>
    </p>
   </div>
   <div class='ocr_carea' id='block_1_2' title="bbox 134 182 1436 2401">
    <p class='ocr_par' dir='ltr' id='par_1_2' title="bbox 134 182 1423 445">
     <span class='ocr_line' id='line_1_2' title="bbox 134 182 1421 233; baseline -0.002 -12"><span class='ocrx_word' id='word_1_6' title='bbox 134 185 229 222; x_wconf 77' lang='lat' dir='ltr'>tiam</span> <span class='ocrx_word' id='word_1_7' title='bbox 255 196 323 233; x_wconf 90' lang='lat' dir='ltr'>pro</span> <span class='ocrx_word' id='word_1_8' title='bbox 350 196 408 231; x_wconf 89' lang='lat' dir='ltr'>eo,</span> <span class='ocrx_word' id='word_1_9' title='bbox 430 191 501 231; x_wconf 89' lang='lat' dir='ltr'>etc,</span> <span class='ocrx_word' id='word_1_10' title='bbox 533 186 718 230; x_wconf 81' lang='lat' dir='ltr'>concedo;</span> <span class='ocrx_word' id='word_1_11' title='bbox 744 188 879 221; x_wconf 90' lang='lat' dir='ltr'>contra</span> <span class='ocrx_word' id='word_1_12' title='bbox 895 183 1103 231; x_wconf 85' lang='lat' dir='ltr'>justitiam,</span> <span class='ocrx_word' id='word_1_13' title='bbox 1130 193 1237 229; x_wconf 62' lang='lat' dir='ltr'>nego.</span> <span class='ocrx_word' id='word_1_14' title='bbox 1265 182 1310 218; x_wconf 85' lang='lat' dir='ltr'>Et</span> <span class='ocrx_word' id='word_1_15' title='bbox 1334 193 1421 219; x_wconf 90' lang='lat' dir='ltr'>eon-</span> 
     </span>
     <span class='ocr_line' id='line_1_3' title="bbox 134 236 1422 286; baseline -0.004 -11"><span class='ocrx_word' id='word_1_16' title='bbox 134 249 238 275; x_wconf 87' lang='lat' dir='ltr'>cessa</span> <span class='ocrx_word' id='word_1_17' title='bbox 259 238 417 284; x_wconf 74' lang='lat' dir='ltr'>minori,</span> <span class='ocrx_word' id='word_1_18' title='bbox 438 249 535 286; x_wconf 88' lang='lat' dir='ltr'>nego</span> <span class='ocrx_word' id='word_1_19' title='bbox 557 250 702 285; x_wconf 78' lang='lat' dir='ltr'><strong><em>conseq.</em></strong></span> <span class='ocrx_word' id='word_1_20' title='bbox 720 257 762 265; x_wconf 90' lang='lat'>—</span> <span class='ocrx_word' id='word_1_21' title='bbox 787 237 996 286; x_wconf 83' lang='lat' dir='ltr'>Responsio</span> <span class='ocrx_word' id='word_1_22' title='bbox 1013 240 1121 284; x_wconf 86' lang='lat' dir='ltr'>patet</span> <span class='ocrx_word' id='word_1_23' title='bbox 1140 246 1187 271; x_wconf 86' lang='lat' dir='ltr'>ex</span> <span class='ocrx_word' id='word_1_24' title='bbox 1207 236 1332 272; x_wconf 88' lang='lat' dir='ltr'>dictis.</span> <span class='ocrx_word' id='word_1_25' title='bbox 1357 236 1422 271; x_wconf 94' lang='lat' dir='ltr'>Po-</span> 
     </span>
     <span class='ocr_line' id='line_1_4' title="bbox 135 288 1422 340; baseline -0.003 -12"><span class='ocrx_word' id='word_1_26' title='bbox 135 296 208 328; x_wconf 87' lang='lat' dir='ltr'>test</span> <span class='ocrx_word' id='word_1_27' title='bbox 243 292 362 340; x_wconf 81' lang='lat' dir='ltr'>accipi</span> <span class='ocrx_word' id='word_1_28' title='bbox 399 293 567 340; x_wconf 85' lang='lat' dir='ltr'>pretium</span> <span class='ocrx_word' id='word_1_29' title='bbox 606 291 817 328; x_wconf 87' lang='lat' dir='ltr'>secundum</span> <span class='ocrx_word' id='word_1_30' title='bbox 845 290 1038 338; x_wconf 79' lang='lat' dir='ltr'>justitiam</span> <span class='ocrx_word' id='word_1_31' title='bbox 1075 288 1140 325; x_wconf 90' lang='lat' dir='ltr'>sed</span> <span class='ocrx_word' id='word_1_32' title='bbox 1176 299 1251 324; x_wconf 90' lang='lat' dir='ltr'>non</span> <span class='ocrx_word' id='word_1_33' title='bbox 1291 294 1422 325; x_wconf 86' lang='lat' dir='ltr'>contra</span> 
     </span>
     <span class='ocr_line' id='line_1_5' title="bbox 135 342 1423 392; baseline -0.002 -12"><span class='ocrx_word' id='word_1_34' title='bbox 135 345 324 392; x_wconf 86' lang='lat' dir='ltr'>justitiam</span> <span class='ocrx_word' id='word_1_35' title='bbox 345 344 532 392; x_wconf 88' lang='lat' dir='ltr'>exigendo</span> <span class='ocrx_word' id='word_1_36' title='bbox 556 345 722 392; x_wconf 88' lang='lat' dir='ltr'>pretium</span> <span class='ocrx_word' id='word_1_37' title='bbox 749 344 803 380; x_wconf 90' lang='lat' dir='ltr'>rei</span> <span class='ocrx_word' id='word_1_38' title='bbox 832 353 918 391; x_wconf 83' lang='lat' dir='ltr'>quae</span> <span class='ocrx_word' id='word_1_39' title='bbox 946 353 1024 379; x_wconf 91' lang='lat' dir='ltr'>non</span> <span class='ocrx_word' id='word_1_40' title='bbox 1044 342 1187 386; x_wconf 85' lang='lat' dir='ltr'>existit,</span> <span class='ocrx_word' id='word_1_41' title='bbox 1214 342 1313 377; x_wconf 91' lang='lat' dir='ltr'>sicut</span> <span class='ocrx_word' id='word_1_42' title='bbox 1339 353 1423 378; x_wconf 90' lang='lat' dir='ltr'>con—</span> 
     </span>
     <span class='ocr_line' id='line_1_6' title="bbox 136 394 1352 445; baseline -0.002 -13"><span class='ocrx_word' id='word_1_43' title='bbox 136 397 250 445; x_wconf 86' lang='lat' dir='ltr'>tingit</span> <span class='ocrx_word' id='word_1_44' title='bbox 269 398 308 433; x_wconf 91' lang='lat' dir='ltr'>in</span> <span class='ocrx_word' id='word_1_45' title='bbox 326 398 447 445; x_wconf 88' lang='lat' dir='ltr'>pretio</span> <span class='ocrx_word' id='word_1_46' title='bbox 465 402 619 445; x_wconf 84' lang='lat' dir='ltr'>accepto</span> <span class='ocrx_word' id='word_1_47' title='bbox 640 408 686 433; x_wconf 83' lang='lat' dir='ltr'>ex</span> <span class='ocrx_word' id='word_1_48' title='bbox 706 400 841 433; x_wconf 89' lang='lat' dir='ltr'>mutuo</span> <span class='ocrx_word' id='word_1_49' title='bbox 852 396 887 432; x_wconf 87' lang='lat' dir='ltr'>vi</span> <span class='ocrx_word' id='word_1_50' title='bbox 904 395 1044 431; x_wconf 90' lang='lat' dir='ltr'>mutui.</span> <span class='ocrx_word' id='word_1_51' title='bbox 1066 415 1111 420; x_wconf 90' lang='lat'>—-</span> <span class='ocrx_word' id='word_1_52' title='bbox 1129 394 1230 430; x_wconf 78' lang='lat' dir='ltr'>Ibid.</span> <span class='ocrx_word' id='word_1_53' title='bbox 1247 394 1295 430; x_wconf 87' lang='lat' dir='ltr'>ad</span> <span class='ocrx_word' id='word_1_54' title='bbox 1318 397 1352 430; x_wconf 85' lang='lat'>5.</span> 
     </span>
    </p>

    <p class='ocr_par' dir='ltr' id='par_1_3' title="bbox 136 448 1425 658">
     <span class='ocr_line' id='line_1_7' title="bbox 183 448 1424 498; baseline -0.003 -12"><span class='ocrx_word' id='word_1_55' title='bbox 183 449 353 497; x_wconf 76' lang='lat' dir='ltr'>Ohjectio</span> <span class='ocrx_word' id='word_1_56' title='bbox 372 450 549 488; x_wconf 79' lang='lat' dir='ltr'>secunda.</span> <span class='ocrx_word' id='word_1_57' title='bbox 576 452 786 498; x_wconf 84' lang='lat' dir='ltr'>Argentum</span> <span class='ocrx_word' id='word_1_58' title='bbox 812 449 871 486; x_wconf 92' lang='lat' dir='ltr'>vel</span> <span class='ocrx_word' id='word_1_59' title='bbox 896 459 1034 485; x_wconf 91' lang='lat' dir='ltr'>aurum</span> <span class='ocrx_word' id='word_1_60' title='bbox 1055 451 1299 483; x_wconf 87' lang='lat' dir='ltr'>monetatum</span> <span class='ocrx_word' id='word_1_61' title='bbox 1324 452 1362 484; x_wconf 92' lang='lat' dir='ltr'>et</span> <span class='ocrx_word' id='word_1_62' title='bbox 1387 448 1424 483; x_wconf 90' lang='lat' dir='ltr'>in</span> 
     </span>
     <span class='ocr_line' id='line_1_8' title="bbox 136 500 1425 550; baseline -0.002 -12"><span class='ocrx_word' id='word_1_63' title='bbox 136 513 224 539; x_wconf 87' lang='lat' dir='ltr'>vasa</span> <span class='ocrx_word' id='word_1_64' title='bbox 241 503 465 549; x_wconf 82' lang='lat' dir='ltr'>formatum,</span> <span class='ocrx_word' id='word_1_65' title='bbox 487 514 564 540; x_wconf 91' lang='lat' dir='ltr'>non</span> <span class='ocrx_word' id='word_1_66' title='bbox 589 503 770 539; x_wconf 84' lang='lat' dir='ltr'>differunt</span> <span class='ocrx_word' id='word_1_67' title='bbox 795 502 931 550; x_wconf 87' lang='lat' dir='ltr'>specie.</span> <span class='ocrx_word' id='word_1_68' title='bbox 956 500 1028 537; x_wconf 87' lang='lat' dir='ltr'>Sed</span> <span class='ocrx_word' id='word_1_69' title='bbox 1048 500 1137 536; x_wconf 88' lang='lat' dir='ltr'>licet</span> <span class='ocrx_word' id='word_1_70' title='bbox 1156 500 1326 547; x_wconf 89' lang='lat' dir='ltr'>accipere</span> <span class='ocrx_word' id='word_1_71' title='bbox 1346 511 1425 547; x_wconf 84' lang='lat' dir='ltr'>pre-</span> 
     </span>
     <span class='ocr_line' id='line_1_9' title="bbox 140 553 1425 605; baseline -0.002 -14"><span class='ocrx_word' id='word_1_72' title='bbox 140 557 234 592; x_wconf 87' lang='lat' dir='ltr'>tium</span> <span class='ocrx_word' id='word_1_73' title='bbox 252 567 320 604; x_wconf 89' lang='lat' dir='ltr'>pro</span> <span class='ocrx_word' id='word_1_74' title='bbox 336 557 436 593; x_wconf 88' lang='lat' dir='ltr'>vasis</span> <span class='ocrx_word' id='word_1_75' title='bbox 456 557 646 605; x_wconf 82' lang='lat' dir='ltr'>argenteis</span> <span class='ocrx_word' id='word_1_76' title='bbox 663 555 921 592; x_wconf 78' lang='lat' dir='ltr'>commodatis.</span> <span class='ocrx_word' id='word_1_77' title='bbox 937 554 1035 601; x_wconf 88' lang='lat' dir='ltr'>Ergo</span> <span class='ocrx_word' id='word_1_78' title='bbox 1055 553 1144 589; x_wconf 91' lang='lat' dir='ltr'>licet</span> <span class='ocrx_word' id='word_1_79' title='bbox 1164 554 1308 600; x_wconf 86' lang='lat' dir='ltr'>pariter</span> <span class='ocrx_word' id='word_1_80' title='bbox 1334 554 1425 589; x_wconf 88' lang='lat' dir='ltr'>acci·</span> 
     </span>
     <span class='ocr_line' id='line_1_10' title="bbox 138 610 860 658; baseline -0.001 -13"><span class='ocrx_word' id='word_1_81' title='bbox 138 620 225 657; x_wconf 87' lang='lat' dir='ltr'>pere</span> <span class='ocrx_word' id='word_1_82' title='bbox 245 610 411 657; x_wconf 88' lang='lat' dir='ltr'>pretium</span> <span class='ocrx_word' id='word_1_83' title='bbox 431 620 476 646; x_wconf 86' lang='lat' dir='ltr'>ex</span> <span class='ocrx_word' id='word_1_84' title='bbox 494 610 656 658; x_wconf 83' lang='lat' dir='ltr'>pecunia</span> <span class='ocrx_word' id='word_1_85' title='bbox 672 613 860 645; x_wconf 88' lang='lat' dir='ltr'>mutuata.</span> 
     </span>
    </p>

    <p class='ocr_par' dir='ltr' id='par_1_4' title="bbox 139 661 1433 1767">
     <span class='ocr_line' id='line_1_11' title="bbox 183 661 1426 710; baseline -0.004 -12"><span class='ocrx_word' id='word_1_86' title='bbox 183 662 292 709; x_wconf 78' lang='lat' dir='ltr'>Resp.</span> <span class='ocrx_word' id='word_1_87' title='bbox 311 662 512 710; x_wconf 87' lang='lat' dir='ltr'>Distinguo</span> <span class='ocrx_word' id='word_1_88' title='bbox 532 661 717 709; x_wconf 80' lang='lat' dir='ltr'>majorem</span> <span class='ocrx_word' id='word_1_89' title='bbox 736 662 966 708; x_wconf 84' lang='lat' dir='ltr'>:Argentum</span> <span class='ocrx_word' id='word_1_90' title='bbox 983 663 1225 696; x_wconf 90' lang='lat' dir='ltr'>monetatum</span> <span class='ocrx_word' id='word_1_91' title='bbox 1247 663 1283 695; x_wconf 91' lang='lat' dir='ltr'>et</span> <span class='ocrx_word' id='word_1_92' title='bbox 1297 669 1426 706; x_wconf 87' lang='lat' dir='ltr'>argen-</span> 
     </span>
     <span class='ocr_line' id='line_1_12' title="bbox 139 712 1427 760; baseline -0.002 -11"><span class='ocrx_word' id='word_1_93' title='bbox 139 718 222 749; x_wconf 88' lang='lat' dir='ltr'>tum</span> <span class='ocrx_word' id='word_1_94' title='bbox 243 715 281 750; x_wconf 92' lang='lat' dir='ltr'>in</span> <span class='ocrx_word' id='word_1_95' title='bbox 301 725 392 751; x_wconf 85' lang='lat' dir='ltr'>vasa</span> <span class='ocrx_word' id='word_1_96' title='bbox 410 725 635 751; x_wconf 89' lang='lat' dir='ltr'>conversum</span> <span class='ocrx_word' id='word_1_97' title='bbox 662 725 737 750; x_wconf 90' lang='lat' dir='ltr'>non</span> <span class='ocrx_word' id='word_1_98' title='bbox 759 713 942 749; x_wconf 85' lang='lat' dir='ltr'>differunt</span> <span class='ocrx_word' id='word_1_99' title='bbox 961 712 1085 760; x_wconf 88' lang='lat' dir='ltr'>specie</span> <span class='ocrx_word' id='word_1_100' title='bbox 1106 713 1144 748; x_wconf 90' lang='lat' dir='ltr'>in</span> <span class='ocrx_word' id='word_1_101' title='bbox 1165 722 1245 747; x_wconf 90' lang='lat' dir='ltr'>esse</span> <span class='ocrx_word' id='word_1_102' title='bbox 1265 715 1427 756; x_wconf 84' lang='lat' dir='ltr'>naturae,</span> 
     </span>
     <span class='ocr_line' id='line_1_13' title="bbox 139 762 1427 812; baseline -0.003 -11"><span class='ocrx_word' id='word_1_103' title='bbox 139 767 323 812; x_wconf 76' lang='lat' dir='ltr'>conced03</span> <span class='ocrx_word' id='word_1_104' title='bbox 345 767 385 803; x_wconf 93' lang='lat' dir='ltr'>in</span> <span class='ocrx_word' id='word_1_105' title='bbox 406 778 485 803; x_wconf 88' lang='lat' dir='ltr'>esse</span> <span class='ocrx_word' id='word_1_106' title='bbox 509 768 627 803; x_wconf 88' lang='lat' dir='ltr'>moris</span> <span class='ocrx_word' id='word_1_107' title='bbox 645 772 682 803; x_wconf 90' lang='lat' dir='ltr'>et</span> <span class='ocrx_word' id='word_1_108' title='bbox 693 770 924 811; x_wconf 85' lang='lat' dir='ltr'>contractus,</span> <span class='ocrx_word' id='word_1_109' title='bbox 946 776 1052 812; x_wconf 71' lang='lat' dir='ltr'>neyo.</span> <span class='ocrx_word' id='word_1_110' title='bbox 1071 785 1115 790; x_wconf 92' lang='lat'>—-</span> <span class='ocrx_word' id='word_1_111' title='bbox 1135 764 1200 800; x_wconf 87' lang='lat' dir='ltr'>Est</span> <span class='ocrx_word' id='word_1_112' title='bbox 1218 764 1304 800; x_wconf 88' lang='lat' dir='ltr'>talis</span> <span class='ocrx_word' id='word_1_113' title='bbox 1324 762 1427 799; x_wconf 84' lang='lat' dir='ltr'>diffe.</span> 
     </span>
     <span class='ocr_line' id='line_1_14' title="bbox 140 815 1427 868; baseline -0.002 -14"><span class='ocrx_word' id='word_1_114' title='bbox 140 820 262 855; x_wconf 86' lang='lat' dir='ltr'>rentia</span> <span class='ocrx_word' id='word_1_115' title='bbox 281 820 381 856; x_wconf 90' lang='lat' dir='ltr'>inter</span> <span class='ocrx_word' id='word_1_116' title='bbox 399 825 603 868; x_wconf 85' lang='lat' dir='ltr'>argentum</span> <span class='ocrx_word' id='word_1_117' title='bbox 623 823 866 856; x_wconf 88' lang='lat' dir='ltr'>monetatum</span> <span class='ocrx_word' id='word_1_118' title='bbox 886 822 924 854; x_wconf 89' lang='lat' dir='ltr'>et</span> <span class='ocrx_word' id='word_1_119' title='bbox 943 829 1020 853; x_wconf 91' lang='lat' dir='ltr'>non</span> <span class='ocrx_word' id='word_1_120' title='bbox 1041 820 1297 861; x_wconf 89' lang='lat' dir='ltr'>monetatum,</span> <span class='ocrx_word' id='word_1_121' title='bbox 1326 815 1427 863; x_wconf 84' lang='lat' dir='ltr'>quod</span> 
     </span>
     <span class='ocr_line' id='line_1_15' title="bbox 140 870 1427 918; baseline -0.002 -11"><span class='ocrx_word' id='word_1_122' title='bbox 140 882 227 908; x_wconf 91' lang='lat' dir='ltr'>cum</span> <span class='ocrx_word' id='word_1_123' title='bbox 242 872 357 918; x_wconf 81' lang='lat' dir='ltr'>istud,</span> <span class='ocrx_word' id='word_1_124' title='bbox 374 872 501 918; x_wconf 88' lang='lat' dir='ltr'>datur,</span> <span class='ocrx_word' id='word_1_125' title='bbox 518 884 595 909; x_wconf 91' lang='lat' dir='ltr'>non</span> <span class='ocrx_word' id='word_1_126' title='bbox 609 877 819 917; x_wconf 79' lang='lat' dir='ltr'>mutuatur,</span> <span class='ocrx_word' id='word_1_127' title='bbox 833 871 898 908; x_wconf 91' lang='lat' dir='ltr'>sed</span> <span class='ocrx_word' id='word_1_128' title='bbox 911 871 1191 916; x_wconf 66' lang='lat' dir='ltr'>commodatum-3</span> <span class='ocrx_word' id='word_1_129' title='bbox 1208 870 1246 905; x_wconf 91' lang='lat' dir='ltr'>in</span> <span class='ocrx_word' id='word_1_130' title='bbox 1261 879 1427 905; x_wconf 86' lang='lat' dir='ltr'>commo-</span> 
     </span>
     <span class='ocr_line' id='line_1_16' title="bbox 140 923 1428 967; baseline -0.002 -6"><span class='ocrx_word' id='word_1_131' title='bbox 140 924 295 962; x_wconf 86' lang='lat' dir='ltr'>datione</span> <span class='ocrx_word' id='word_1_132' title='bbox 312 930 443 962; x_wconf 87' lang='lat' dir='ltr'>autem</span> <span class='ocrx_word' id='word_1_133' title='bbox 458 936 534 962; x_wconf 91' lang='lat' dir='ltr'>non</span> <span class='ocrx_word' id='word_1_134' title='bbox 553 926 780 962; x_wconf 80' lang='lat' dir='ltr'>transfertur</span> <span class='ocrx_word' id='word_1_135' title='bbox 799 924 1016 961; x_wconf 82' lang='lat' dir='ltr'>dominium</span> <span class='ocrx_word' id='word_1_136' title='bbox 1033 924 1131 959; x_wconf 83' lang='lat' dir='ltr'>sicut</span> <span class='ocrx_word' id='word_1_137' title='bbox 1152 923 1190 958; x_wconf 91' lang='lat' dir='ltr'>in</span> <span class='ocrx_word' id='word_1_138' title='bbox 1210 927 1347 958; x_wconf 91' lang='lat' dir='ltr'>mutuo</span> <span class='ocrx_word' id='word_1_139' title='bbox 1367 934 1375 967; x_wconf 82' lang='lat'><em>3</em></span> <span class='ocrx_word' id='word_1_140' title='bbox 1395 926 1428 958; x_wconf 80' lang='lat' dir='ltr'>et</span> 
     </span>
     <span class='ocr_line' id='line_1_17' title="bbox 140 974 1429 1025; baseline -0.005 -10"><span class='ocrx_word' id='word_1_141' title='bbox 140 983 419 1025; x_wconf 81' lang='lat' dir='ltr'>consequenter</span> <span class='ocrx_word' id='word_1_142' title='bbox 439 979 471 1015; x_wconf 92' lang='lat' dir='ltr'>si</span> <span class='ocrx_word' id='word_1_143' title='bbox 491 990 550 1015; x_wconf 88' lang='lat' dir='ltr'>res</span> <span class='ocrx_word' id='word_1_144' title='bbox 573 979 654 1014; x_wconf 92' lang='lat' dir='ltr'>sine</span> <span class='ocrx_word' id='word_1_145' title='bbox 680 978 791 1025; x_wconf 89' lang='lat' dir='ltr'>culpa</span> <span class='ocrx_word' id='word_1_146' title='bbox 811 975 1107 1014; x_wconf 79' lang='lat' dir='ltr'>commodatarii</span> <span class='ocrx_word' id='word_1_147' title='bbox 1134 975 1244 1022; x_wconf 89' lang='lat' dir='ltr'>perit,</span> <span class='ocrx_word' id='word_1_148' title='bbox 1274 974 1429 1010; x_wconf 88' lang='lat' dir='ltr'>domino</span> 
     </span>
     <span class='ocr_line' id='line_1_18' title="bbox 141 1028 1430 1080; baseline -0.002 -14"><span class='ocrx_word' id='word_1_149' title='bbox 141 1031 240 1078; x_wconf 91' lang='lat' dir='ltr'>perit</span> <span class='ocrx_word' id='word_1_150' title='bbox 273 1032 359 1077; x_wconf 87' lang='lat' dir='ltr'>(nisi</span> <span class='ocrx_word' id='word_1_151' title='bbox 387 1032 568 1080; x_wconf 76' lang='lat' dir='ltr'>speciales</span> <span class='ocrx_word' id='word_1_152' title='bbox 597 1031 838 1068; x_wconf 85' lang='lat' dir='ltr'>conditiones</span> <span class='ocrx_word' id='word_1_153' title='bbox 857 1032 1103 1077; x_wconf 88' lang='lat' dir='ltr'>apponantur</span> <span class='ocrx_word' id='word_1_154' title='bbox 1119 1028 1346 1071; x_wconf 85' lang='lat' dir='ltr'>contractui)</span> <span class='ocrx_word' id='word_1_155' title='bbox 1365 1038 1374 1072; x_wconf 80' lang='lat'><em>3</em></span> <span class='ocrx_word' id='word_1_156' title='bbox 1393 1032 1430 1064; x_wconf 79' lang='lat' dir='ltr'>at</span> 
     </span>
     <span class='ocr_line' id='line_1_19' title="bbox 141 1080 1430 1132; baseline -0.005 -12"><span class='ocrx_word' id='word_1_157' title='bbox 141 1088 276 1120; x_wconf 86' lang='lat' dir='ltr'>contra</span> <span class='ocrx_word' id='word_1_158' title='bbox 302 1085 335 1120; x_wconf 90' lang='lat' dir='ltr'>si</span> <span class='ocrx_word' id='word_1_159' title='bbox 365 1095 424 1121; x_wconf 87' lang='lat' dir='ltr'>res</span> <span class='ocrx_word' id='word_1_160' title='bbox 449 1089 623 1122; x_wconf 77' lang='lat' dir='ltr'>mutuata</span> <span class='ocrx_word' id='word_1_161' title='bbox 649 1087 781 1132; x_wconf 87' lang='lat' dir='ltr'>pereat</span> <span class='ocrx_word' id='word_1_162' title='bbox 808 1083 925 1119; x_wconf 85' lang='lat' dir='ltr'>etiam</span> <span class='ocrx_word' id='word_1_163' title='bbox 952 1082 1033 1117; x_wconf 89' lang='lat' dir='ltr'>sine</span> <span class='ocrx_word' id='word_1_164' title='bbox 1059 1081 1173 1128; x_wconf 87' lang='lat' dir='ltr'>culpa</span> <span class='ocrx_word' id='word_1_165' title='bbox 1192 1080 1430 1123; x_wconf 79' lang='lat' dir='ltr'>mutuat‘arii,</span> 
     </span>
     <span class='ocr_line' id='line_1_20' title="bbox 142 1133 1431 1185; baseline -0.003 -12"><span class='ocrx_word' id='word_1_166' title='bbox 142 1136 228 1184; x_wconf 88' lang='lat' dir='ltr'>ipsi,</span> <span class='ocrx_word' id='word_1_167' title='bbox 248 1148 326 1173; x_wconf 93' lang='lat' dir='ltr'>non</span> <span class='ocrx_word' id='word_1_168' title='bbox 351 1138 545 1173; x_wconf 81' lang='lat' dir='ltr'>mutuanti</span> <span class='ocrx_word' id='word_1_169' title='bbox 566 1138 676 1185; x_wconf 89' lang='lat' dir='ltr'>perit,</span> <span class='ocrx_word' id='word_1_170' title='bbox 699 1137 789 1184; x_wconf 91' lang='lat' dir='ltr'>quia</span> <span class='ocrx_word' id='word_1_171' title='bbox 815 1146 946 1172; x_wconf 88' lang='lat' dir='ltr'>revera</span> <span class='ocrx_word' id='word_1_172' title='bbox 969 1134 1227 1170; x_wconf 80' lang='lat' dir='ltr'>mutuatarius</span> <span class='ocrx_word' id='word_1_173' title='bbox 1253 1133 1431 1169; x_wconf 78' lang='lat' dir='ltr'>dominus</span> 
     </span>
     <span class='ocr_line' id='line_1_21' title="bbox 142 1185 1430 1236; baseline -0.004 -11"><span class='ocrx_word' id='word_1_174' title='bbox 142 1194 199 1225; x_wconf 82' lang='lat' dir='ltr'>est</span> <span class='ocrx_word' id='word_1_175' title='bbox 224 1191 278 1226; x_wconf 89' lang='lat' dir='ltr'>rei</span> <span class='ocrx_word' id='word_1_176' title='bbox 310 1194 510 1235; x_wconf 84' lang='lat' dir='ltr'>mutuatae,</span> <span class='ocrx_word' id='word_1_177' title='bbox 538 1194 575 1226; x_wconf 92' lang='lat' dir='ltr'>et</span> <span class='ocrx_word' id='word_1_178' title='bbox 594 1201 653 1226; x_wconf 82' lang='lat' dir='ltr'>res</span> <span class='ocrx_word' id='word_1_179' title='bbox 667 1191 771 1236; x_wconf 80' lang='lat' dir='ltr'>perit</span> <span class='ocrx_word' id='word_1_180' title='bbox 797 1189 964 1233; x_wconf 81' lang='lat' dir='ltr'>domino,</span> <span class='ocrx_word' id='word_1_181' title='bbox 992 1192 1035 1223; x_wconf 93' lang='lat' dir='ltr'>ut</span> <span class='ocrx_word' id='word_1_182' title='bbox 1057 1187 1130 1223; x_wconf 82' lang='lat' dir='ltr'>fert</span> <span class='ocrx_word' id='word_1_183' title='bbox 1161 1186 1318 1233; x_wconf 88' lang='lat' dir='ltr'>vulgare</span> <span class='ocrx_word' id='word_1_184' title='bbox 1345 1185 1430 1221; x_wconf 86' lang='lat' dir='ltr'>ada-</span> 
     </span>
     <span class='ocr_line' id='line_1_22' title="bbox 143 1238 1431 1291; baseline -0.005 -12"><span class='ocrx_word' id='word_1_185' title='bbox 143 1243 263 1290; x_wconf 87' lang='lat' dir='ltr'>gium.</span> <span class='ocrx_word' id='word_1_186' title='bbox 293 1242 436 1280; x_wconf 86' lang='lat' dir='ltr'>Deinde</span> <span class='ocrx_word' id='word_1_187' title='bbox 464 1244 639 1291; x_wconf 88' lang='lat' dir='ltr'>pecunia,</span> <span class='ocrx_word' id='word_1_188' title='bbox 666 1254 737 1278; x_wconf 86' lang='lat' dir='ltr'>usu</span> <span class='ocrx_word' id='word_1_189' title='bbox 769 1241 1024 1285; x_wconf 92' lang='lat' dir='ltr'>consumitur,</span> <span class='ocrx_word' id='word_1_190' title='bbox 1051 1244 1088 1276; x_wconf 90' lang='lat' dir='ltr'>et</span> <span class='ocrx_word' id='word_1_191' title='bbox 1115 1238 1199 1275; x_wconf 88' lang='lat' dir='ltr'>ideo</span> <span class='ocrx_word' id='word_1_192' title='bbox 1229 1240 1311 1285; x_wconf 87' lang='lat' dir='ltr'>ejus</span> <span class='ocrx_word' id='word_1_193' title='bbox 1343 1248 1431 1274; x_wconf 84' lang='lat' dir='ltr'>usus</span> 
     </span>
     <span class='ocr_line' id='line_1_23' title="bbox 142 1290 1431 1341; baseline -0.006 -9"><span class='ocrx_word' id='word_1_194' title='bbox 142 1296 379 1331; x_wconf 81' lang='lat' dir='ltr'>convertitur</span> <span class='ocrx_word' id='word_1_195' title='bbox 404 1306 491 1332; x_wconf 90' lang='lat' dir='ltr'>cum</span> <span class='ocrx_word' id='word_1_196' title='bbox 513 1295 685 1331; x_wconf 92' lang='lat' dir='ltr'>dominio</span> <span class='ocrx_word' id='word_1_197' title='bbox 710 1305 718 1331; x_wconf 89' lang='lat'>:</span> <span class='ocrx_word' id='word_1_198' title='bbox 741 1293 845 1341; x_wconf 91' lang='lat' dir='ltr'>quod</span> <span class='ocrx_word' id='word_1_199' title='bbox 866 1303 943 1329; x_wconf 90' lang='lat' dir='ltr'>non</span> <span class='ocrx_word' id='word_1_200' title='bbox 961 1296 1018 1328; x_wconf 87' lang='lat' dir='ltr'>est</span> <span class='ocrx_word' id='word_1_201' title='bbox 1041 1292 1079 1327; x_wconf 92' lang='lat' dir='ltr'>in</span> <span class='ocrx_word' id='word_1_202' title='bbox 1105 1292 1206 1326; x_wconf 86' lang='lat' dir='ltr'>vasis</span> <span class='ocrx_word' id='word_1_203' title='bbox 1227 1290 1431 1337; x_wconf 84' lang='lat' dir='ltr'>argenteis,</span> 
     </span>
     <span class='ocr_line' id='line_1_24' title="bbox 143 1341 1431 1395; baseline -0.005 -11"><span class='ocrx_word' id='word_1_204' title='bbox 143 1358 228 1395; x_wconf 86' lang='lat' dir='ltr'>quae</span> <span class='ocrx_word' id='word_1_205' title='bbox 246 1359 317 1384; x_wconf 91' lang='lat' dir='ltr'>usu</span> <span class='ocrx_word' id='word_1_206' title='bbox 337 1359 415 1384; x_wconf 90' lang='lat' dir='ltr'>non</span> <span class='ocrx_word' id='word_1_207' title='bbox 435 1352 716 1385; x_wconf 89' lang='lat' dir='ltr'>consumuntur</span> <span class='ocrx_word' id='word_1_208' title='bbox 731 1358 740 1391; x_wconf 83' lang='lat'>;</span> <span class='ocrx_word' id='word_1_209' title='bbox 761 1351 798 1382; x_wconf 92' lang='lat' dir='ltr'>et</span> <span class='ocrx_word' id='word_1_210' title='bbox 819 1344 903 1381; x_wconf 88' lang='lat' dir='ltr'>ideo</span> <span class='ocrx_word' id='word_1_211' title='bbox 919 1356 1010 1380; x_wconf 88' lang='lat' dir='ltr'>usus</span> <span class='ocrx_word' id='word_1_212' title='bbox 1024 1354 1158 1380; x_wconf 89' lang='lat' dir='ltr'>eorum</span> <span class='ocrx_word' id='word_1_213' title='bbox 1176 1346 1303 1390; x_wconf 85' lang='lat' dir='ltr'>potest</span> <span class='ocrx_word' id='word_1_214' title='bbox 1319 1341 1431 1377; x_wconf 89' lang='lat' dir='ltr'>vendi</span> 
     </span>
     <span class='ocr_line' id='line_1_25' title="bbox 144 1395 1432 1446; baseline -0.005 -9"><span class='ocrx_word' id='word_1_215' title='bbox 144 1400 258 1446; x_wconf 82' lang='lat' dir='ltr'>licite,</span> <span class='ocrx_word' id='word_1_216' title='bbox 279 1405 426 1438; x_wconf 85' lang='lat' dir='ltr'>servato</span> <span class='ocrx_word' id='word_1_217' title='bbox 443 1402 498 1438; x_wconf 89' lang='lat' dir='ltr'>rei</span> <span class='ocrx_word' id='word_1_218' title='bbox 515 1400 701 1437; x_wconf 91' lang='lat' dir='ltr'>dominio.</span> <span class='ocrx_word' id='word_1_219' title='bbox 716 1414 734 1432; x_wconf 89' lang='lat'>«</span> <span class='ocrx_word' id='word_1_220' title='bbox 757 1398 963 1436; x_wconf 86' lang='lat' dir='ltr'>Sciendum</span> <span class='ocrx_word' id='word_1_221' title='bbox 978 1401 1121 1441; x_wconf 86' lang='lat' dir='ltr'>tamen,</span> <span class='ocrx_word' id='word_1_222' title='bbox 1141 1396 1267 1443; x_wconf 87' lang='lat' dir='ltr'>inquit</span> <span class='ocrx_word' id='word_1_223' title='bbox 1286 1395 1322 1431; x_wconf 89' lang='lat' dir='ltr'>S.</span> <span class='ocrx_word' id='word_1_224' title='bbox 1336 1395 1432 1431; x_wconf 84' lang='lat' dir='ltr'>Tho-</span> 
     </span>
     <span class='ocr_line' id='line_1_26' title="bbox 145 1452 1430 1501; baseline -0.006 -11"><span class='ocrx_word' id='word_1_225' title='bbox 145 1464 226 1490; x_wconf 91' lang='lat' dir='ltr'>mas</span> <span class='ocrx_word' id='word_1_226' title='bbox 251 1453 345 1499; x_wconf 74' lang='lat' dir='ltr'>ibid,</span> <span class='ocrx_word' id='word_1_227' title='bbox 369 1453 418 1491; x_wconf 91' lang='lat' dir='ltr'>ad</span> <span class='ocrx_word' id='word_1_228' title='bbox 449 1456 483 1500; x_wconf 80' lang='lat'>6,</span> <span class='ocrx_word' id='word_1_229' title='bbox 511 1453 614 1501; x_wconf 91' lang='lat' dir='ltr'>quod</span> <span class='ocrx_word' id='word_1_230' title='bbox 649 1452 897 1490; x_wconf 86' lang='lat' dir='ltr'>secundarius</span> <span class='ocrx_word' id='word_1_231' title='bbox 917 1461 1008 1486; x_wconf 89' lang='lat' dir='ltr'>usus</span> <span class='ocrx_word' id='word_1_232' title='bbox 1031 1453 1302 1497; x_wconf 86' lang='lat' dir='ltr'>argenteorum</span> <span class='ocrx_word' id='word_1_233' title='bbox 1323 1458 1430 1483; x_wconf 88' lang='lat' dir='ltr'>vaso-</span> 
     </span>
     <span class='ocr_line' id='line_1_27' title="bbox 145 1501 1433 1554; baseline -0.005 -12"><span class='ocrx_word' id='word_1_234' title='bbox 145 1517 230 1542; x_wconf 89' lang='lat' dir='ltr'>rum</span> <span class='ocrx_word' id='word_1_235' title='bbox 244 1510 369 1554; x_wconf 86' lang='lat' dir='ltr'>potest</span> <span class='ocrx_word' id='word_1_236' title='bbox 379 1518 460 1544; x_wconf 86' lang='lat' dir='ltr'>esse</span> <span class='ocrx_word' id='word_1_237' title='bbox 474 1507 741 1551; x_wconf 88' lang='lat' dir='ltr'>commutatio,</span> <span class='ocrx_word' id='word_1_238' title='bbox 758 1509 794 1542; x_wconf 92' lang='lat' dir='ltr'>et</span> <span class='ocrx_word' id='word_1_239' title='bbox 806 1504 921 1541; x_wconf 86' lang='lat' dir='ltr'>talem</span> <span class='ocrx_word' id='word_1_240' title='bbox 936 1513 1049 1540; x_wconf 89' lang='lat' dir='ltr'>usum</span> <span class='ocrx_word' id='word_1_241' title='bbox 1066 1512 1200 1539; x_wconf 89' lang='lat' dir='ltr'>eorum</span> <span class='ocrx_word' id='word_1_242' title='bbox 1212 1512 1289 1537; x_wconf 90' lang='lat' dir='ltr'>non</span> <span class='ocrx_word' id='word_1_243' title='bbox 1304 1501 1433 1537; x_wconf 86' lang='lat' dir='ltr'>liceret</span> 
     </span>
     <span class='ocr_line' id='line_1_28' title="bbox 146 1555 1433 1608; baseline -0.005 -13"><span class='ocrx_word' id='word_1_244' title='bbox 146 1560 317 1596; x_wconf 89' lang='lat' dir='ltr'>vendere.</span> <span class='ocrx_word' id='word_1_245' title='bbox 344 1560 390 1597; x_wconf 90' lang='lat' dir='ltr'>Et</span> <span class='ocrx_word' id='word_1_246' title='bbox 421 1561 598 1597; x_wconf 87' lang='lat' dir='ltr'>similiter</span> <span class='ocrx_word' id='word_1_247' title='bbox 628 1562 755 1608; x_wconf 89' lang='lat' dir='ltr'>potest</span> <span class='ocrx_word' id='word_1_248' title='bbox 783 1568 864 1595; x_wconf 88' lang='lat' dir='ltr'>esse</span> <span class='ocrx_word' id='word_1_249' title='bbox 897 1557 1035 1604; x_wconf 90' lang='lat' dir='ltr'>aliquis</span> <span class='ocrx_word' id='word_1_250' title='bbox 1066 1555 1314 1592; x_wconf 85' lang='lat' dir='ltr'>secundarius</span> <span class='ocrx_word' id='word_1_251' title='bbox 1344 1564 1433 1589; x_wconf 90' lang='lat' dir='ltr'>usus</span> 
     </span>
     <span class='ocr_line' id='line_1_29' title="bbox 145 1606 1433 1662; baseline -0.008 -12"><span class='ocrx_word' id='word_1_252' title='bbox 145 1614 316 1660; x_wconf 84' lang='lat' dir='ltr'>pecuniae</span> <span class='ocrx_word' id='word_1_253' title='bbox 335 1618 539 1662; x_wconf 82' lang='lat' dir='ltr'>argenteae,</span> <span class='ocrx_word' id='word_1_254' title='bbox 554 1618 597 1649; x_wconf 88' lang='lat' dir='ltr'>ut</span> <span class='ocrx_word' id='word_1_255' title='bbox 616 1618 722 1661; x_wconf 89' lang='lat' dir='ltr'>puta,</span> <span class='ocrx_word' id='word_1_256' title='bbox 743 1612 774 1648; x_wconf 90' lang='lat' dir='ltr'>si</span> <span class='ocrx_word' id='word_1_257' title='bbox 794 1611 879 1658; x_wconf 90' lang='lat' dir='ltr'>quis</span> <span class='ocrx_word' id='word_1_258' title='bbox 893 1608 1119 1646; x_wconf 87' lang='lat' dir='ltr'>concederet</span> <span class='ocrx_word' id='word_1_259' title='bbox 1135 1608 1338 1655; x_wconf 90' lang='lat' dir='ltr'>pecuniam</span> <span class='ocrx_word' id='word_1_260' title='bbox 1363 1606 1433 1653; x_wconf 89' lang='lat' dir='ltr'>sig-</span> 
     </span>
     <span class='ocr_line' id='line_1_30' title="bbox 146 1660 1433 1712; baseline -0.006 -11"><span class='ocrx_word' id='word_1_261' title='bbox 146 1670 276 1702; x_wconf 87' lang='lat' dir='ltr'>natam</span> <span class='ocrx_word' id='word_1_262' title='bbox 297 1666 345 1702; x_wconf 89' lang='lat' dir='ltr'>ad</span> <span class='ocrx_word' id='word_1_263' title='bbox 365 1668 676 1712; x_wconf 88' lang='lat' dir='ltr'>ostentationem,</span> <span class='ocrx_word' id='word_1_264' title='bbox 697 1665 755 1702; x_wconf 85' lang='lat' dir='ltr'>vel</span> <span class='ocrx_word' id='word_1_265' title='bbox 772 1665 819 1701; x_wconf 92' lang='lat' dir='ltr'>ad</span> <span class='ocrx_word' id='word_1_266' title='bbox 838 1662 1060 1712; x_wconf 88' lang='lat' dir='ltr'>ponendum</span> <span class='ocrx_word' id='word_1_267' title='bbox 1080 1661 1162 1697; x_wconf 90' lang='lat' dir='ltr'>loco</span> <span class='ocrx_word' id='word_1_268' title='bbox 1185 1660 1370 1708; x_wconf 83' lang='lat' dir='ltr'>pignoris,</span> <span class='ocrx_word' id='word_1_269' title='bbox 1398 1664 1433 1694; x_wconf 80' lang='lat' dir='ltr'>et</span> 
     </span>
     <span class='ocr_line' id='line_1_31' title="bbox 148 1715 1221 1767; baseline -0.007 -13"><span class='ocrx_word' id='word_1_270' title='bbox 148 1719 262 1755; x_wconf 89' lang='lat' dir='ltr'>talem</span> <span class='ocrx_word' id='word_1_271' title='bbox 282 1730 395 1756; x_wconf 90' lang='lat' dir='ltr'>usum</span> <span class='ocrx_word' id='word_1_272' title='bbox 412 1721 585 1767; x_wconf 83' lang='lat' dir='ltr'>pecuniae</span> <span class='ocrx_word' id='word_1_273' title='bbox 604 1719 706 1755; x_wconf 89' lang='lat' dir='ltr'>licite</span> <span class='ocrx_word' id='word_1_274' title='bbox 726 1718 844 1754; x_wconf 91' lang='lat' dir='ltr'>homo</span> <span class='ocrx_word' id='word_1_275' title='bbox 864 1715 1025 1753; x_wconf 84' lang='lat' dir='ltr'>vendere</span> <span class='ocrx_word' id='word_1_276' title='bbox 1043 1717 1181 1762; x_wconf 83' lang='lat' dir='ltr'>potest.</span> <span class='ocrx_word' id='word_1_277' title='bbox 1204 1726 1221 1745; x_wconf 61' lang='grc' dir='ltr'><strong><em>ι</em></strong></span> 
     </span>
    </p>

    <p class='ocr_par' dir='ltr' id='par_1_5' title="bbox 148 1766 1434 1924">
     <span class='ocr_line' id='line_1_32' title="bbox 194 1766 1434 1818; baseline -0.006 -10"><span class='ocrx_word' id='word_1_278' title='bbox 194 1771 363 1818; x_wconf 78' lang='lat' dir='ltr'>objectio</span> <span class='ocrx_word' id='word_1_279' title='bbox 381 1773 506 1809; x_wconf 79' lang='lat' dir='ltr'>certia.</span> <span class='ocrx_word' id='word_1_280' title='bbox 528 1772 694 1808; x_wconf 88' lang='lat' dir='ltr'>Pecunia</span> <span class='ocrx_word' id='word_1_281' title='bbox 708 1774 764 1806; x_wconf 86' lang='lat' dir='ltr'>est</span> <span class='ocrx_word' id='word_1_282' title='bbox 779 1769 985 1806; x_wconf 78' lang='lat' dir='ltr'>fructifera.</span> <span class='ocrx_word' id='word_1_283' title='bbox 1006 1767 1121 1813; x_wconf 89' lang='lat' dir='ltr'>Atqui</span> <span class='ocrx_word' id='word_1_284' title='bbox 1138 1766 1287 1802; x_wconf 85' lang='lat' dir='ltr'>licitum</span> <span class='ocrx_word' id='word_1_285' title='bbox 1308 1769 1365 1801; x_wconf 89' lang='lat' dir='ltr'>est</span> <span class='ocrx_word' id='word_1_286' title='bbox 1379 1775 1434 1800; x_wconf 83' lang='lat' dir='ltr'>ac-</span> 
     </span>
     <span class='ocr_line' id='line_1_33' title="bbox 148 1818 1434 1871; baseline -0.007 -11"><span class='ocrx_word' id='word_1_287' title='bbox 148 1824 273 1871; x_wconf 87' lang='lat' dir='ltr'>cipere</span> <span class='ocrx_word' id='word_1_288' title='bbox 298 1824 448 1860; x_wconf 85' lang='lat' dir='ltr'>lucrum</span> <span class='ocrx_word' id='word_1_289' title='bbox 474 1835 520 1860; x_wconf 86' lang='lat' dir='ltr'>ex</span> <span class='ocrx_word' id='word_1_290' title='bbox 547 1824 674 1860; x_wconf 85' lang='lat' dir='ltr'>fructu</span> <span class='ocrx_word' id='word_1_291' title='bbox 703 1823 756 1858; x_wconf 89' lang='lat' dir='ltr'>rei</span> <span class='ocrx_word' id='word_1_292' title='bbox 783 1821 964 1869; x_wconf 66' lang='lat' dir='ltr'>propria).</span> <span class='ocrx_word' id='word_1_293' title='bbox 993 1819 1092 1866; x_wconf 89' lang='lat' dir='ltr'>Ergo</span> <span class='ocrx_word' id='word_1_294' title='bbox 1119 1818 1268 1854; x_wconf 88' lang='lat' dir='ltr'>licitum</span> <span class='ocrx_word' id='word_1_295' title='bbox 1296 1821 1352 1853; x_wconf 89' lang='lat' dir='ltr'>est</span> <span class='ocrx_word' id='word_1_296' title='bbox 1378 1827 1434 1851; x_wconf 90' lang='lat' dir='ltr'>su-</span> 
     </span>
     <span class='ocr_line' id='line_1_34' title="bbox 150 1876 1357 1924; baseline -0.007 -11"><span class='ocrx_word' id='word_1_297' title='bbox 150 1887 252 1913; x_wconf 88' lang='lat' dir='ltr'>mere</span> <span class='ocrx_word' id='word_1_298' title='bbox 267 1876 418 1913; x_wconf 79' lang='lat' dir='ltr'>lucrum</span> <span class='ocrx_word' id='word_1_299' title='bbox 438 1888 484 1912; x_wconf 85' lang='lat' dir='ltr'>ex</span> <span class='ocrx_word' id='word_1_300' title='bbox 504 1877 666 1924; x_wconf 85' lang='lat' dir='ltr'>pecunia</span> <span class='ocrx_word' id='word_1_301' title='bbox 691 1878 881 1910; x_wconf 87' lang='lat' dir='ltr'>mutuata.</span> <span class='ocrx_word' id='word_1_302' title='bbox 1350 1902 1357 1905; x_wconf 75' lang='grc'><em>.</em></span> 
     </span>
    </p>

    <p class='ocr_par' dir='ltr' id='par_1_6' title="bbox 150 1923 1436 2401">
     <span class='ocr_line' id='line_1_35' title="bbox 194 1923 1435 1977; baseline -0.008 -11"><span class='ocrx_word' id='word_1_303' title='bbox 194 1930 302 1976; x_wconf 78' lang='lat' dir='ltr'>Resp.</span> <span class='ocrx_word' id='word_1_304' title='bbox 334 1930 534 1977; x_wconf 89' lang='lat' dir='ltr'>Distinguo</span> <span class='ocrx_word' id='word_1_305' title='bbox 566 1929 774 1974; x_wconf 84' lang='lat' dir='ltr'>maj0rem:</span> <span class='ocrx_word' id='word_1_306' title='bbox 804 1925 970 1962; x_wconf 86' lang='lat' dir='ltr'>Pecunia</span> <span class='ocrx_word' id='word_1_307' title='bbox 998 1928 1054 1960; x_wconf 89' lang='lat' dir='ltr'>est</span> <span class='ocrx_word' id='word_1_308' title='bbox 1083 1923 1280 1959; x_wconf 82' lang='lat' dir='ltr'>fructifera</span> <span class='ocrx_word' id='word_1_309' title='bbox 1305 1933 1350 1957; x_wconf 83' lang='lat' dir='ltr'>ex</span> <span class='ocrx_word' id='word_1_310' title='bbox 1383 1932 1435 1966; x_wconf 84' lang='lat' dir='ltr'>se,</span> 
     </span>
     <span class='ocr_line' id='line_1_36' title="bbox 150 1976 1434 2030; baseline -0.009 -10"><span class='ocrx_word' id='word_1_311' title='bbox 150 1993 242 2030; x_wconf 76' lang='lat' dir='ltr'>neyo</span> <span class='ocrx_word' id='word_1_312' title='bbox 261 1994 270 2027; x_wconf 92' lang='lat'>;</span> <span class='ocrx_word' id='word_1_313' title='bbox 292 1994 338 2018; x_wconf 87' lang='lat' dir='ltr'>ex</span> <span class='ocrx_word' id='word_1_314' title='bbox 358 1982 548 2019; x_wconf 89' lang='lat' dir='ltr'>industria</span> <span class='ocrx_word' id='word_1_315' title='bbox 568 1982 752 2024; x_wconf 90' lang='lat' dir='ltr'>humana,</span> <span class='ocrx_word' id='word_1_316' title='bbox 777 1979 948 2016; x_wconf 83' lang='lat' dir='ltr'>concedo.</span> <span class='ocrx_word' id='word_1_317' title='bbox 976 1998 1021 2004; x_wconf 89' lang='lat'><em>-</em></span> <span class='ocrx_word' id='word_1_318' title='bbox 1043 1976 1209 2012; x_wconf 88' lang='lat' dir='ltr'>Pecunia</span> <span class='ocrx_word' id='word_1_319' title='bbox 1233 1986 1278 2010; x_wconf 83' lang='lat' dir='ltr'>ex</span> <span class='ocrx_word' id='word_1_320' title='bbox 1300 1986 1339 2010; x_wconf 85' lang='lat' dir='ltr'>se</span> <span class='ocrx_word' id='word_1_321' title='bbox 1359 1985 1434 2009; x_wconf 88' lang='lat' dir='ltr'>non</span> 
     </span>
     <span class='ocr_line' id='line_1_37' title="bbox 150 2027 1436 2083; baseline -0.009 -11"><span class='ocrx_word' id='word_1_322' title='bbox 150 2036 367 2081; x_wconf 79' lang='lat' dir='ltr'>fructificat,</span> <span class='ocrx_word' id='word_1_323' title='bbox 385 2035 451 2072; x_wconf 91' lang='lat' dir='ltr'>sed</span> <span class='ocrx_word' id='word_1_324' title='bbox 471 2046 539 2083; x_wconf 90' lang='lat' dir='ltr'>per</span> <span class='ocrx_word' id='word_1_325' title='bbox 557 2036 680 2082; x_wconf 87' lang='lat' dir='ltr'>ipsam</span> <span class='ocrx_word' id='word_1_326' title='bbox 700 2034 831 2076; x_wconf 91' lang='lat' dir='ltr'>homo,</span> <span class='ocrx_word' id='word_1_327' title='bbox 848 2031 1031 2068; x_wconf 89' lang='lat' dir='ltr'>adhibitis</span> <span class='ocrx_word' id='word_1_328' title='bbox 1048 2030 1178 2065; x_wconf 87' lang='lat' dir='ltr'>labore</span> <span class='ocrx_word' id='word_1_329' title='bbox 1196 2032 1232 2064; x_wconf 88' lang='lat' dir='ltr'>et</span> <span class='ocrx_word' id='word_1_330' title='bbox 1249 2027 1436 2063; x_wconf 87' lang='lat' dir='ltr'>industria</span> 
     </span>
     <span class='ocr_line' id='line_1_38' title="bbox 150 2081 1436 2137; baseline -0.008 -12"><span class='ocrx_word' id='word_1_331' title='bbox 150 2090 319 2137; x_wconf 89' lang='lat' dir='ltr'>propria,</span> <span class='ocrx_word' id='word_1_332' title='bbox 346 2088 503 2136; x_wconf 89' lang='lat' dir='ltr'>aliquod</span> <span class='ocrx_word' id='word_1_333' title='bbox 523 2088 828 2125; x_wconf 88' lang='lat' dir='ltr'>emolumentum</span> <span class='ocrx_word' id='word_1_334' title='bbox 854 2083 1029 2132; x_wconf 86' lang='lat' dir='ltr'>percipit,</span> <span class='ocrx_word' id='word_1_335' title='bbox 1057 2081 1211 2129; x_wconf 89' lang='lat' dir='ltr'>quando</span> <span class='ocrx_word' id='word_1_336' title='bbox 1241 2081 1404 2128; x_wconf 90' lang='lat' dir='ltr'>percipit</span> <span class='ocrx_word' id='word_1_337' title='bbox 1428 2091 1436 2115; x_wconf 80' lang='lat' dir='ltr'>z</span> 
     </span>
     <span class='ocr_line' id='line_1_39' title="bbox 151 2133 1436 2188; baseline -0.009 -9"><span class='ocrx_word' id='word_1_338' title='bbox 151 2153 242 2179; x_wconf 87' lang='lat' dir='ltr'>nam</span> <span class='ocrx_word' id='word_1_339' title='bbox 271 2142 375 2178; x_wconf 88' lang='lat' dir='ltr'>haud</span> <span class='ocrx_word' id='word_1_340' title='bbox 403 2153 489 2179; x_wconf 88' lang='lat' dir='ltr'>raro</span> <span class='ocrx_word' id='word_1_341' title='bbox 522 2141 711 2188; x_wconf 84' lang='lat' dir='ltr'>contingit</span> <span class='ocrx_word' id='word_1_342' title='bbox 742 2143 784 2175; x_wconf 83' lang='lat' dir='ltr'>ut</span> <span class='ocrx_word' id='word_1_343' title='bbox 816 2139 855 2174; x_wconf 89' lang='lat' dir='ltr'>in</span> <span class='ocrx_word' id='word_1_344' title='bbox 881 2136 1045 2185; x_wconf 87' lang='lat' dir='ltr'>negotiis</span> <span class='ocrx_word' id='word_1_345' title='bbox 1080 2135 1283 2183; x_wconf 85' lang='lat' dir='ltr'>pecuniam</span> <span class='ocrx_word' id='word_1_346' title='bbox 1315 2133 1436 2181; x_wconf 87' lang='lat' dir='ltr'>ipsam</span> 
     </span>
     <span class='ocr_line' id='line_1_40' title="bbox 151 2186 1436 2241; baseline -0.009 -10"><span class='ocrx_word' id='word_1_347' title='bbox 151 2196 318 2231; x_wconf 83' lang='lat' dir='ltr'>amittat.</span> <span class='ocrx_word' id='word_1_348' title='bbox 340 2195 422 2237; x_wconf 89' lang='lat' dir='ltr'>Qua</span> <span class='ocrx_word' id='word_1_349' title='bbox 441 2196 479 2230; x_wconf 91' lang='lat' dir='ltr'>in</span> <span class='ocrx_word' id='word_1_350' title='bbox 499 2194 638 2231; x_wconf 89' lang='lat' dir='ltr'>ultima</span> <span class='ocrx_word' id='word_1_351' title='bbox 656 2191 858 2241; x_wconf 86' lang='lat' dir='ltr'>hypothesi</span> <span class='ocrx_word' id='word_1_352' title='bbox 878 2193 1076 2227; x_wconf 88' lang='lat' dir='ltr'>mutuator</span> <span class='ocrx_word' id='word_1_353' title='bbox 1095 2187 1192 2224; x_wconf 86' lang='lat' dir='ltr'>nihil</span> <span class='ocrx_word' id='word_1_354' title='bbox 1218 2186 1436 2222; x_wconf 84' lang='lat' dir='ltr'>detrimenti</span> 
     </span>
     <span class='ocr_line' id='line_1_41' title="bbox 152 2239 1436 2296; baseline -0.009 -11"><span class='ocrx_word' id='word_1_355' title='bbox 152 2248 254 2295; x_wconf 80' lang='lat' dir='ltr'>capit</span> <span class='ocrx_word' id='word_1_356' title='bbox 269 2259 316 2284; x_wconf 87' lang='lat' dir='ltr'>ex</span> <span class='ocrx_word' id='word_1_357' title='bbox 334 2248 569 2296; x_wconf 85' lang='lat' dir='ltr'>negligentia</span> <span class='ocrx_word' id='word_1_358' title='bbox 589 2247 646 2284; x_wconf 86' lang='lat' dir='ltr'>vel</span> <span class='ocrx_word' id='word_1_359' title='bbox 671 2245 889 2282; x_wconf 85' lang='lat' dir='ltr'>infortuniis</span> <span class='ocrx_word' id='word_1_360' title='bbox 909 2254 987 2279; x_wconf 90' lang='lat' dir='ltr'>non</span> <span class='ocrx_word' id='word_1_361' title='bbox 1007 2241 1179 2290; x_wconf 82' lang='lat' dir='ltr'>pecuniae</span> <span class='ocrx_word' id='word_1_362' title='bbox 1203 2239 1268 2276; x_wconf 87' lang='lat' dir='ltr'>scd</span> <span class='ocrx_word' id='word_1_363' title='bbox 1289 2242 1436 2274; x_wconf 90' lang='lat' dir='ltr'>mutua-</span> 
     </span>
     <span class='ocr_line' id='line_1_42' title="bbox 153 2293 1436 2348; baseline -0.009 -11"><span class='ocrx_word' id='word_1_364' title='bbox 153 2301 254 2346; x_wconf 82' lang='lat' dir='ltr'>tarii,</span> <span class='ocrx_word' id='word_1_365' title='bbox 275 2305 312 2337; x_wconf 86' lang='lat' dir='ltr'>et</span> <span class='ocrx_word' id='word_1_366' title='bbox 327 2301 391 2348; x_wconf 89' lang='lat' dir='ltr'>jus</span> <span class='ocrx_word' id='word_1_367' title='bbox 410 2302 603 2348; x_wconf 86' lang='lat' dir='ltr'>integrum</span> <span class='ocrx_word' id='word_1_368' title='bbox 631 2300 769 2336; x_wconf 84' lang='lat' dir='ltr'>retinet</span> <span class='ocrx_word' id='word_1_369' title='bbox 790 2297 839 2334; x_wconf 85' lang='lat' dir='ltr'>ad</span> <span class='ocrx_word' id='word_1_370' title='bbox 859 2300 981 2334; x_wconf 80' lang='lat' dir='ltr'>totam</span> <span class='ocrx_word' id='word_1_371' title='bbox 1002 2305 1112 2331; x_wconf 89' lang='lat' dir='ltr'>suam</span> <span class='ocrx_word' id='word_1_372' title='bbox 1128 2293 1332 2341; x_wconf 89' lang='lat' dir='ltr'>pecuniam</span> <span class='ocrx_word' id='word_1_373' title='bbox 1358 2302 1436 2327; x_wconf 93' lang='lat' dir='ltr'>mu-</span> 
     </span>
     <span class='ocr_line' id='line_1_43' title="bbox 154 2345 1435 2401; baseline -0.009 -10"><span class='ocrx_word' id='word_1_374' title='bbox 154 2357 303 2391; x_wconf 81' lang='lat' dir='ltr'>tuatam</span> <span class='ocrx_word' id='word_1_375' title='bbox 322 2354 583 2401; x_wconf 86' lang='lat' dir='ltr'>repetendam.</span> <span class='ocrx_word' id='word_1_376' title='bbox 604 2354 702 2400; x_wconf 88' lang='lat' dir='ltr'>Ergo</span> <span class='ocrx_word' id='word_1_377' title='bbox 724 2362 846 2399; x_wconf 90' lang='lat' dir='ltr'>neque</span> <span class='ocrx_word' id='word_1_378' title='bbox 864 2351 929 2398; x_wconf 81' lang='lat' dir='ltr'>jus</span> <span class='ocrx_word' id='word_1_379' title='bbox 954 2349 1069 2385; x_wconf 83' lang='lat' dir='ltr'>habet</span> <span class='ocrx_word' id='word_1_380' title='bbox 1091 2345 1291 2391; x_wconf 76' lang='lat' dir='ltr'>repetendi</span> <span class='ocrx_word' id='word_1_381' title='bbox 1309 2355 1331 2381; x_wconf 74' lang='lat' dir='ltr'>a</span> <span class='ocrx_word' id='word_1_382' title='bbox 1356 2355 1435 2380; x_wconf 89' lang='lat' dir='ltr'>mu-</span> 
     </span>
    </p>
   </div>
  </div>
 </body>
</html>
