<?xml version="1.0" encoding="UTF-8"?>
<!DOCTYPE html PUBLIC "-//W3C//DTD XHTML 1.0 Transitional//EN"
    "http://www.w3.org/TR/xhtml1/DTD/xhtml1-transitional.dtd">
<html xmlns="http://www.w3.org/1999/xhtml" xml:lang="en" lang="en">
 <head>
  <title>
</title>
<meta http-equiv="Content-Type" content="text/html;charset=utf-8" />
  <meta name='ocr-system' content='tesseract 3.04.00' />
  <meta name='ocr-capabilities' content='ocr_page ocr_carea ocr_par ocr_line ocrx_word'/>
</head>
<body>
  <div class='ocr_page' id='page_1' title='image "./summaphilosophic03zigluoft_0323.png"; bbox 0 0 1584 2569; ppageno 0'>
   <div class='ocr_carea' id='block_1_1' title="bbox 198 96 1341 137">
    <p class='ocr_par' dir='ltr' id='par_1_1' title="bbox 198 96 1341 137">
     <span class='ocr_line' id='line_1_1' title="bbox 198 96 1341 137; baseline -0.005 -2"><span class='ocrx_word' id='word_1_1' title='bbox 198 109 279 135; x_wconf 56' lang='lat' dir='ltr'><strong>aar.</strong></span> <span class='ocrx_word' id='word_1_2' title='bbox 305 109 341 137; x_wconf 77' lang='lat' dir='ltr'><strong>v,</strong></span> <span class='ocrx_word' id='word_1_3' title='bbox 369 108 413 135; x_wconf 75' lang='lat' dir='ltr'><strong>m:</strong></span> <span class='ocrx_word' id='word_1_4' title='bbox 438 107 748 134; x_wconf 74' lang='lat' dir='ltr'>SUBORDINATIONB</span> <span class='ocrx_word' id='word_1_5' title='bbox 772 106 903 133; x_wconf 70' lang='lat' dir='ltr'><strong>surus</strong></span> <span class='ocrx_word' id='word_1_6' title='bbox 934 106 981 132; x_wconf 67' lang='lat' dir='ltr'><strong>An</strong></span> <span class='ocrx_word' id='word_1_7' title='bbox 1008 104 1199 132; x_wconf 64' lang='lat' dir='ltr'><strong>eccrnsuu</strong></span> <span class='ocrx_word' id='word_1_8' title='bbox 1275 96 1341 130; x_wconf 85' lang='lat'><strong>313</strong></span> 
     </span>
    </p>
   </div>
   <div class='ocr_carea' id='block_1_2' title="bbox 58 177 1351 1326">
    <p class='ocr_par' dir='ltr' id='par_1_2' title="bbox 58 177 1349 1072">
     <span class='ocr_line' id='line_1_2' title="bbox 59 177 1341 228; baseline -0.004 -10"><span class='ocrx_word' id='word_1_9' title='bbox 59 183 149 218; x_wconf 89' lang='lat' dir='ltr'><strong>nino</strong></span> <span class='ocrx_word' id='word_1_10' title='bbox 168 185 205 218; x_wconf 89' lang='lat' dir='ltr'><strong>et</strong></span> <span class='ocrx_word' id='word_1_11' title='bbox 225 183 454 228; x_wconf 87' lang='lat' dir='ltr'>opportune,</span> <span class='ocrx_word' id='word_1_12' title='bbox 474 185 525 226; x_wconf 92' lang='lat' dir='ltr'><strong>te,</strong></span> <span class='ocrx_word' id='word_1_13' title='bbox 549 179 784 217; x_wconf 79' lang='lat' dir='ltr'><strong>Venerabilis</strong></span> <span class='ocrx_word' id='word_1_14' title='bbox 803 180 946 224; x_wconf 84' lang='lat' dir='ltr'><strong>Frater,</strong></span> <span class='ocrx_word' id='word_1_15' title='bbox 970 178 1073 215; x_wconf 88' lang='lat' dir='ltr'><strong>virus</strong></span> <span class='ocrx_word' id='word_1_16' title='bbox 1096 177 1195 214; x_wconf 90' lang='lat' dir='ltr'><strong>civili</strong></span> <span class='ocrx_word' id='word_1_17' title='bbox 1217 177 1341 214; x_wconf 87' lang='lat' dir='ltr'><strong>socie-</strong></span> 
     </span>
     <span class='ocr_line' id='line_1_3' title="bbox 59 230 1344 281; baseline -0.003 -11"><span class='ocrx_word' id='word_1_18' title='bbox 59 235 128 271; x_wconf 88' lang='lat' dir='ltr'><strong>tati</strong></span> <span class='ocrx_word' id='word_1_19' title='bbox 144 234 336 281; x_wconf 83' lang='lat' dir='ltr'><strong>ingestum</strong></span> <span class='ocrx_word' id='word_1_20' title='bbox 356 234 394 270; x_wconf 91' lang='lat' dir='ltr'><strong>in</strong></span> <span class='ocrx_word' id='word_1_21' title='bbox 415 234 634 270; x_wconf 78' lang='lat' dir='ltr'>antidotum</span> <span class='ocrx_word' id='word_1_22' title='bbox 659 233 693 269; x_wconf 87' lang='lat' dir='ltr'><strong>ei</strong></span> <span class='ocrx_word' id='word_1_23' title='bbox 715 237 932 270; x_wconf 88' lang='lat' dir='ltr'><strong>convertere</strong></span> <span class='ocrx_word' id='word_1_24' title='bbox 952 230 1194 268; x_wconf 81' lang='lat' dir='ltr'><strong>contendisse</strong></span> <span class='ocrx_word' id='word_1_25' title='bbox 1214 241 1344 267; x_wconf 88' lang='lat' dir='ltr'><strong>cense-</strong></span> 
     </span>
     <span class='ocr_line' id='line_1_4' title="bbox 59 284 1342 335; baseline -0.004 -12"><span class='ocrx_word' id='word_1_26' title='bbox 59 297 159 323; x_wconf 87' lang='lat' dir='ltr'><strong>mus.</strong></span> <span class='ocrx_word' id='word_1_27' title='bbox 180 287 366 335; x_wconf 87' lang='lat' dir='ltr'>Equidem</span> <span class='ocrx_word' id='word_1_28' title='bbox 385 287 418 322; x_wconf 91' lang='lat' dir='ltr'><strong>si</strong></span> <span class='ocrx_word' id='word_1_29' title='bbox 436 286 591 323; x_wconf 75' lang='lat' dir='ltr'>cuilibet</span> <span class='ocrx_word' id='word_1_30' title='bbox 612 295 726 333; x_wconf 80' lang='lat' dir='ltr'><strong>aegrae</strong></span> <span class='ocrx_word' id='word_1_31' title='bbox 746 285 885 322; x_wconf 88' lang='lat' dir='ltr'><strong>mentis</strong></span> <span class='ocrx_word' id='word_1_32' title='bbox 915 285 1067 321; x_wconf 86' lang='lat' dir='ltr'><strong>somnia</strong></span> <span class='ocrx_word' id='word_1_33' title='bbox 1092 294 1159 332; x_wconf 87' lang='lat' dir='ltr'><strong>per</strong></span> <span class='ocrx_word' id='word_1_34' title='bbox 1179 284 1282 331; x_wconf 86' lang='lat' dir='ltr'><strong>leges</strong></span> <span class='ocrx_word' id='word_1_35' title='bbox 1304 284 1342 318; x_wconf 92' lang='lat' dir='ltr'><strong>in</strong></span> 
     </span>
     <span class='ocr_line' id='line_1_5' title="bbox 59 336 1343 387; baseline -0.002 -12"><span class='ocrx_word' id='word_1_36' title='bbox 59 338 231 376; x_wconf 86' lang='lat' dir='ltr'><strong>medium</strong></span> <span class='ocrx_word' id='word_1_37' title='bbox 257 340 426 387; x_wconf 85' lang='lat' dir='ltr'><strong>proferre</strong></span> <span class='ocrx_word' id='word_1_38' title='bbox 451 339 577 383; x_wconf 80' lang='lat' dir='ltr'><strong>liceat,</strong></span> <span class='ocrx_word' id='word_1_39' title='bbox 600 349 721 386; x_wconf 87' lang='lat' dir='ltr'><strong>eaque</strong></span> <span class='ocrx_word' id='word_1_40' title='bbox 741 338 858 374; x_wconf 89' lang='lat' dir='ltr'><strong>etiam</strong></span> <span class='ocrx_word' id='word_1_41' title='bbox 878 338 934 373; x_wconf 93' lang='lat' dir='ltr'><strong>uti</strong></span> <span class='ocrx_word' id='word_1_42' title='bbox 953 337 1122 374; x_wconf 84' lang='lat' dir='ltr'><strong>scientiae</strong></span> <span class='ocrx_word' id='word_1_43' title='bbox 1156 336 1343 384; x_wconf 82' lang='lat' dir='ltr'><strong>dogmata</strong></span> 
     </span>
     <span class='ocr_line' id='line_1_6' title="bbox 58 390 1342 440; baseline -0.003 -12"><span class='ocrx_word' id='word_1_44' title='bbox 58 402 302 440; x_wconf 86' lang='lat' dir='ltr'><strong>propugnare</strong></span> <span class='ocrx_word' id='word_1_45' title='bbox 323 403 366 428; x_wconf 91' lang='lat' dir='ltr'><strong>ac</strong></span> <span class='ocrx_word' id='word_1_46' title='bbox 391 392 564 437; x_wconf 81' lang='lat' dir='ltr'><strong>tradere3</strong></span> <span class='ocrx_word' id='word_1_47' title='bbox 587 392 693 428; x_wconf 84' lang='lat' dir='ltr'><strong>nulla</strong></span> <span class='ocrx_word' id='word_1_48' title='bbox 718 391 830 439; x_wconf 88' lang='lat' dir='ltr'><strong>plane</strong></span> <span class='ocrx_word' id='word_1_49' title='bbox 851 390 949 427; x_wconf 88' lang='lat' dir='ltr'><strong>ratio</strong></span> <span class='ocrx_word' id='word_1_50' title='bbox 974 391 1118 434; x_wconf 88' lang='lat' dir='ltr'><strong>subest,</strong></span> <span class='ocrx_word' id='word_1_51' title='bbox 1145 400 1213 426; x_wconf 88' lang='lat' dir='ltr'><strong>cur</strong></span> <span class='ocrx_word' id='word_1_52' title='bbox 1235 390 1273 425; x_wconf 92' lang='lat' dir='ltr'><strong>id</strong></span> <span class='ocrx_word' id='word_1_53' title='bbox 1294 390 1342 424; x_wconf 87' lang='lat' dir='ltr'><strong>li-</strong></span> 
     </span>
     <span class='ocr_line' id='line_1_7' title="bbox 58 442 1343 491; baseline -0.003 -10"><span class='ocrx_word' id='word_1_54' title='bbox 58 455 140 481; x_wconf 88' lang='lat' dir='ltr'><strong>cere</strong></span> <span class='ocrx_word' id='word_1_55' title='bbox 160 455 238 480; x_wconf 89' lang='lat' dir='ltr'><strong>non</strong></span> <span class='ocrx_word' id='word_1_56' title='bbox 258 444 394 482; x_wconf 81' lang='lat' dir='ltr'><strong>debeat</strong></span> <span class='ocrx_word' id='word_1_57' title='bbox 412 445 565 481; x_wconf 86' lang='lat' dir='ltr'><strong>veritati</strong></span> <span class='ocrx_word' id='word_1_58' title='bbox 587 455 595 480; x_wconf 94' lang='lat'>:</span> <span class='ocrx_word' id='word_1_59' title='bbox 617 455 686 481; x_wconf 89' lang='lat' dir='ltr'><strong>nec</strong></span> <span class='ocrx_word' id='word_1_60' title='bbox 702 445 838 491; x_wconf 79' lang='lat' dir='ltr'><strong>quivis,</strong></span> <span class='ocrx_word' id='word_1_61' title='bbox 860 443 1104 490; x_wconf 88' lang='lat' dir='ltr'><strong>quantumvis</strong></span> <span class='ocrx_word' id='word_1_62' title='bbox 1124 442 1343 479; x_wconf 88' lang='lat' dir='ltr'><strong>fabularum</strong></span> 
     </span>
     <span class='ocr_line' id='line_1_8' title="bbox 59 496 1343 545; baseline -0.002 -12"><span class='ocrx_word' id='word_1_63' title='bbox 59 500 224 534; x_wconf 85' lang='lat' dir='ltr'><strong>sectator</strong></span> <span class='ocrx_word' id='word_1_64' title='bbox 252 502 289 534; x_wconf 89' lang='lat' dir='ltr'><strong>et</strong></span> <span class='ocrx_word' id='word_1_65' title='bbox 311 498 480 534; x_wconf 82' lang='lat' dir='ltr'><strong>veritatis</strong></span> <span class='ocrx_word' id='word_1_66' title='bbox 508 508 610 542; x_wconf 87' lang='lat' dir='ltr'><strong>osor,</strong></span> <span class='ocrx_word' id='word_1_67' title='bbox 640 498 714 533; x_wconf 91' lang='lat' dir='ltr'><strong>nisi</strong></span> <span class='ocrx_word' id='word_1_68' title='bbox 741 507 898 545; x_wconf 67' lang='lat' dir='ltr'><strong>prorsus</strong></span> <span class='ocrx_word' id='word_1_69' title='bbox 916 497 1097 541; x_wconf 87' lang='lat' dir='ltr'><strong>insaniat,</strong></span> <span class='ocrx_word' id='word_1_70' title='bbox 1120 496 1172 532; x_wconf 88' lang='lat' dir='ltr'><strong>illi</strong></span> <span class='ocrx_word' id='word_1_71' title='bbox 1202 506 1343 543; x_wconf 86' lang='lat' dir='ltr'><strong>negare</strong></span> 
     </span>
     <span class='ocr_line' id='line_1_9' title="bbox 59 548 1349 598; baseline -0.002 -12"><span class='ocrx_word' id='word_1_72' title='bbox 59 550 199 596; x_wconf 91' lang='lat' dir='ltr'><strong>poterit</strong></span> <span class='ocrx_word' id='word_1_73' title='bbox 227 550 383 597; x_wconf 90' lang='lat' dir='ltr'><strong>hujusce</strong></span> <span class='ocrx_word' id='word_1_74' title='bbox 410 551 508 597; x_wconf 89' lang='lat' dir='ltr'><strong>juris</strong></span> <span class='ocrx_word' id='word_1_75' title='bbox 531 550 857 598; x_wconf 84' lang='lat' dir='ltr'><strong>perspicuitatem.</strong></span> <span class='ocrx_word' id='word_1_76' title='bbox 886 550 953 586; x_wconf 90' lang='lat' dir='ltr'><strong>Cui</strong></span> <span class='ocrx_word' id='word_1_77' title='bbox 978 549 1134 596; x_wconf 90' lang='lat' dir='ltr'><strong>quidem</strong></span> <span class='ocrx_word' id='word_1_78' title='bbox 1160 548 1349 598; x_wconf 61' lang='lat' dir='ltr'><strong>inelucta-t</strong></span> 
     </span>
     <span class='ocr_line' id='line_1_10' title="bbox 59 602 1343 651; baseline -0.001 -12"><span class='ocrx_word' id='word_1_79' title='bbox 59 602 124 638; x_wconf 91' lang='lat' dir='ltr'><strong>bili</strong></span> <span class='ocrx_word' id='word_1_80' title='bbox 145 604 362 651; x_wconf 85' lang='lat' dir='ltr'><strong>argumenti</strong></span> <span class='ocrx_word' id='word_1_81' title='bbox 381 603 508 639; x_wconf 90' lang='lat' dir='ltr'><strong>virtuti</strong></span> <span class='ocrx_word' id='word_1_82' title='bbox 530 614 606 639; x_wconf 90' lang='lat' dir='ltr'><strong>non</strong></span> <span class='ocrx_word' id='word_1_83' title='bbox 620 613 758 650; x_wconf 89' lang='lat' dir='ltr'><strong>parum</strong></span> <span class='ocrx_word' id='word_1_84' title='bbox 776 603 894 638; x_wconf 88' lang='lat' dir='ltr'><strong>etiam</strong></span> <span class='ocrx_word' id='word_1_85' title='bbox 917 602 1067 639; x_wconf 83' lang='lat' dir='ltr'><strong>roboris</strong></span> <span class='ocrx_word' id='word_1_86' title='bbox 1087 602 1244 644; x_wconf 91' lang='lat' dir='ltr'><strong>accedit,</strong></span> <span class='ocrx_word' id='word_1_87' title='bbox 1267 602 1343 638; x_wconf 90' lang='lat' dir='ltr'><strong>sive</strong></span> 
     </span>
     <span class='ocr_line' id='line_1_11' title="bbox 59 655 1344 704; baseline -0.002 -12"><span class='ocrx_word' id='word_1_88' title='bbox 59 666 105 692; x_wconf 84' lang='lat' dir='ltr'><strong>ex</strong></span> <span class='ocrx_word' id='word_1_89' title='bbox 124 656 458 692; x_wconf 86' lang='lat' dir='ltr'><strong>animadversione</strong></span> <span class='ocrx_word' id='word_1_90' title='bbox 477 667 500 693; x_wconf 91' lang='lat' dir='ltr'><strong>a</strong></span> <span class='ocrx_word' id='word_1_91' title='bbox 516 658 565 693; x_wconf 88' lang='lat' dir='ltr'><strong>Te</strong></span> <span class='ocrx_word' id='word_1_92' title='bbox 585 657 782 704; x_wconf 89' lang='lat' dir='ltr'><strong>proposita</strong></span> <span class='ocrx_word' id='word_1_93' title='bbox 802 656 931 703; x_wconf 86' lang='lat' dir='ltr'><strong>quoad</strong></span> <span class='ocrx_word' id='word_1_94' title='bbox 958 655 1280 702; x_wconf 87' lang='lat' dir='ltr'><strong>impedimentum</strong></span> <span class='ocrx_word' id='word_1_95' title='bbox 1306 655 1344 690; x_wconf 87' lang='lat' dir='ltr'><strong>in</strong></span> 
     </span>
     <span class='ocr_line' id='line_1_12' title="bbox 58 707 1344 757; baseline -0.002 -12"><span class='ocrx_word' id='word_1_96' title='bbox 58 709 227 745; x_wconf 78' lang='lat' dir='ltr'><strong>scientiae</strong></span> <span class='ocrx_word' id='word_1_97' title='bbox 264 709 451 745; x_wconf 89' lang='lat' dir='ltr'><strong>damnum</strong></span> <span class='ocrx_word' id='word_1_98' title='bbox 488 709 665 757; x_wconf 85' lang='lat' dir='ltr'><strong>plurimis</strong></span> <span class='ocrx_word' id='word_1_99' title='bbox 702 709 896 755; x_wconf 88' lang='lat' dir='ltr'><strong>objectum</strong></span> <span class='ocrx_word' id='word_1_100' title='bbox 934 709 1098 755; x_wconf 78' lang='lat' dir='ltr'><strong>ingeniis</strong></span> <span class='ocrx_word' id='word_1_101' title='bbox 1128 707 1344 755; x_wconf 86' lang='lat' dir='ltr'><strong>explicandi</strong></span> 
     </span>
     <span class='ocr_line' id='line_1_13' title="bbox 59 760 1345 809; baseline -0.002 -12"><span class='ocrx_word' id='word_1_102' title='bbox 59 766 266 809; x_wconf 89' lang='lat' dir='ltr'><strong>conceptus</strong></span> <span class='ocrx_word' id='word_1_103' title='bbox 286 772 388 807; x_wconf 83' lang='lat' dir='ltr'><strong>suOS,</strong></span> <span class='ocrx_word' id='word_1_104' title='bbox 406 762 483 798; x_wconf 88' lang='lat' dir='ltr'><strong>sive</strong></span> <span class='ocrx_word' id='word_1_105' title='bbox 502 773 522 797; x_wconf 89' lang='lat' dir='ltr'><strong>e</strong></span> <span class='ocrx_word' id='word_1_106' title='bbox 542 761 652 798; x_wconf 84' lang='lat' dir='ltr'><strong>factis</strong></span> <span class='ocrx_word' id='word_1_107' title='bbox 673 761 912 809; x_wconf 83' lang='lat' dir='ltr'><strong>experientia</strong></span> <span class='ocrx_word' id='word_1_108' title='bbox 928 760 1201 808; x_wconf 88' lang='lat' dir='ltr'><strong>comprobatis,</strong></span> <span class='ocrx_word' id='word_1_109' title='bbox 1224 763 1345 807; x_wconf 66' lang='lat' dir='ltr'><strong>partae</strong></span> 
     </span>
     <span class='ocr_line' id='line_1_14' title="bbox 59 814 1344 862; baseline -0.001 -12"><span class='ocrx_word' id='word_1_110' title='bbox 59 825 82 850; x_wconf 89' lang='lat' dir='ltr'><strong>a</strong></span> <span class='ocrx_word' id='word_1_111' title='bbox 105 815 277 850; x_wconf 88' lang='lat' dir='ltr'><strong>veritatis</strong></span> <span class='ocrx_word' id='word_1_112' title='bbox 304 815 525 862; x_wconf 83' lang='lat' dir='ltr'><strong>captivitate</strong></span> <span class='ocrx_word' id='word_1_113' title='bbox 553 815 814 852; x_wconf 87' lang='lat' dir='ltr'><strong>inclinationis</strong></span> <span class='ocrx_word' id='word_1_114' title='bbox 845 815 1061 851; x_wconf 85' lang='lat' dir='ltr'><strong>litterarum</strong></span> <span class='ocrx_word' id='word_1_115' title='bbox 1087 824 1131 850; x_wconf 89' lang='lat' dir='ltr'><strong>ac</strong></span> <span class='ocrx_word' id='word_1_116' title='bbox 1163 814 1344 850; x_wconf 88' lang='lat' dir='ltr'><strong>altiorum</strong></span> 
     </span>
     <span class='ocr_line' id='line_1_15' title="bbox 59 864 1344 915; baseline -0.002 -12"><span class='ocrx_word' id='word_1_117' title='bbox 59 867 360 915; x_wconf 85' lang='lat' dir='ltr'><strong>disciplinarum,</strong></span> <span class='ocrx_word' id='word_1_118' title='bbox 388 878 458 904; x_wconf 90' lang='lat' dir='ltr'><strong>nec</strong></span> <span class='ocrx_word' id='word_1_119' title='bbox 481 878 558 904; x_wconf 91' lang='lat' dir='ltr'><strong>non</strong></span> <span class='ocrx_word' id='word_1_120' title='bbox 579 864 843 915; x_wconf 85' lang='lat' dir='ltr'><strong>impudentiae‚</strong></span> <span class='ocrx_word' id='word_1_121' title='bbox 869 878 946 914; x_wconf 88' lang='lat' dir='ltr'><strong>qua</strong></span> <span class='ocrx_word' id='word_1_122' title='bbox 964 868 1046 914; x_wconf 75' lang='lat' dir='ltr'><strong>Jam</strong></span> <span class='ocrx_word' id='word_1_123' title='bbox 1072 867 1344 915; x_wconf 84' lang='lat' dir='ltr'><strong>perniciosissi-</strong></span> 
     </span>
     <span class='ocr_line' id='line_1_16' title="bbox 60 919 1344 968; baseline -0.001 -12"><span class='ocrx_word' id='word_1_124' title='bbox 60 930 125 956; x_wconf 88' lang='lat' dir='ltr'><strong>ma</strong></span> <span class='ocrx_word' id='word_1_125' title='bbox 140 919 315 968; x_wconf 85' lang='lat' dir='ltr'><strong>religioni</strong></span> <span class='ocrx_word' id='word_1_126' title='bbox 334 932 411 956; x_wconf 86' lang='lat' dir='ltr'><strong>non</strong></span> <span class='ocrx_word' id='word_1_127' title='bbox 424 921 555 964; x_wconf 90' lang='lat' dir='ltr'><strong>modo,</strong></span> <span class='ocrx_word' id='word_1_128' title='bbox 578 921 645 957; x_wconf 87' lang='lat' dir='ltr'><strong>sed</strong></span> <span class='ocrx_word' id='word_1_129' title='bbox 663 920 835 956; x_wconf 88' lang='lat' dir='ltr'><strong>humano</strong></span> <span class='ocrx_word' id='word_1_130' title='bbox 856 931 1009 967; x_wconf 87' lang='lat' dir='ltr'><strong>quoque</strong></span> <span class='ocrx_word' id='word_1_131' title='bbox 1025 921 1218 956; x_wconf 85' lang='lat' dir='ltr'><strong>consortio</strong></span> <span class='ocrx_word' id='word_1_132' title='bbox 1236 920 1344 967; x_wconf 89' lang='lat' dir='ltr'><strong>prin-</strong></span> 
     </span>
     <span class='ocr_line' id='line_1_17' title="bbox 59 971 1344 1020; baseline -0.002 -11"><span class='ocrx_word' id='word_1_133' title='bbox 59 971 158 1019; x_wconf 89' lang='lat' dir='ltr'><strong>cipia</strong></span> <span class='ocrx_word' id='word_1_134' title='bbox 183 983 229 1008; x_wconf 79' lang='lat' dir='ltr'><strong>ex</strong></span> <span class='ocrx_word' id='word_1_135' title='bbox 248 972 333 1020; x_wconf 89' lang='lat' dir='ltr'><strong>ipsa</strong></span> <span class='ocrx_word' id='word_1_136' title='bbox 360 972 544 1009; x_wconf 83' lang='lat' dir='ltr'><strong>cathedra</strong></span> <span class='ocrx_word' id='word_1_137' title='bbox 574 973 790 1020; x_wconf 82' lang='lat' dir='ltr'><strong>vulgantur.</strong></span> <span class='ocrx_word' id='word_1_138' title='bbox 818 974 909 1015; x_wconf 86' lang='lat' dir='ltr'><strong>Quae</strong></span> <span class='ocrx_word' id='word_1_139' title='bbox 935 983 1026 1008; x_wconf 88' lang='lat' dir='ltr'><strong>sane</strong></span> <span class='ocrx_word' id='word_1_140' title='bbox 1052 972 1285 1008; x_wconf 87' lang='lat' dir='ltr'><strong>detrimenta</strong></span> <span class='ocrx_word' id='word_1_141' title='bbox 1313 972 1344 1007; x_wconf 88' lang='lat' dir='ltr'><strong>si</strong></span> 
     </span>
     <span class='ocr_line' id='line_1_18' title="bbox 59 1015 1351 1072; baseline 0 -12"><span class='ocrx_word' id='word_1_142' title='bbox 59 1024 298 1072; x_wconf 88' lang='lat' dir='ltr'><strong>deploranda</strong></span> <span class='ocrx_word' id='word_1_143' title='bbox 328 1029 418 1062; x_wconf 90' lang='lat' dir='ltr'><strong>sunt</strong></span> <span class='ocrx_word' id='word_1_144' title='bbox 441 1026 480 1061; x_wconf 91' lang='lat' dir='ltr'><strong>in</strong></span> <span class='ocrx_word' id='word_1_145' title='bbox 503 1026 658 1062; x_wconf 89' lang='lat' dir='ltr'><strong>licentia</strong></span> <span class='ocrx_word' id='word_1_146' title='bbox 671 1035 749 1072; x_wconf 86' lang='lat' dir='ltr'><strong>qua</strong></span> <span class='ocrx_word' id='word_1_147' title='bbox 779 1025 922 1072; x_wconf 89' lang='lat' dir='ltr'><strong>passim</strong></span> <span class='ocrx_word' id='word_1_148' title='bbox 937 1036 1046 1061; x_wconf 85' lang='lat' dir='ltr'><strong>error</strong></span> <span class='ocrx_word' id='word_1_149' title='bbox 1062 1025 1205 1072; x_wconf 89' lang='lat' dir='ltr'><strong>populo</strong></span> <span class='ocrx_word' id='word_1_150' title='bbox 1220 1015 1351 1072; x_wconf 85' lang='lat' dir='ltr'><strong>propi-¹</strong></span> 
     </span>
    </p>

    <p class='ocr_par' dir='ltr' id='par_1_3' title="bbox 61 1077 1349 1126">
     <span class='ocr_line' id='line_1_19' title="bbox 61 1077 1349 1126; baseline 0.001 -14"><span class='ocrx_word' id='word_1_151' title='bbox 61 1082 188 1123; x_wconf 82' lang='lat' dir='ltr'><strong>natur,</strong></span> <span class='ocrx_word' id='word_1_152' title='bbox 212 1078 384 1114; x_wconf 86' lang='lat' dir='ltr'><strong>exitialia</strong></span> <span class='ocrx_word' id='word_1_153' title='bbox 411 1078 581 1126; x_wconf 85' lang='lat' dir='ltr'><strong>profecto</strong></span> <span class='ocrx_word' id='word_1_154' title='bbox 613 1080 701 1114; x_wconf 88' lang='lat' dir='ltr'><strong>sunt</strong></span> <span class='ocrx_word' id='word_1_155' title='bbox 727 1077 929 1114; x_wconf 88' lang='lat' dir='ltr'><strong>ducenda&#39;</strong></span> <span class='ocrx_word' id='word_1_156' title='bbox 920 1089 959 1113; x_wconf 80' lang='lat' dir='ltr'><strong>in</strong></span> <span class='ocrx_word' id='word_1_157' title='bbox 989 1078 1228 1114; x_wconf 88' lang='lat' dir='ltr'><strong>institutione</strong></span> <span class='ocrx_word' id='word_1_158' title='bbox 1254 1077 1349 1113; x_wconf 90' lang='lat' dir='ltr'><strong>ado-</strong></span> 
     </span>
    </p>

    <p class='ocr_par' dir='ltr' id='par_1_4' title="bbox 60 1130 1351 1326">
     <span class='ocr_line' id='line_1_20' title="bbox 60 1130 1345 1178; baseline -0.001 -12"><span class='ocrx_word' id='word_1_159' title='bbox 60 1130 251 1166; x_wconf 84' lang='lat' dir='ltr'><strong>lescentiae</strong></span> <span class='ocrx_word' id='word_1_160' title='bbox 272 1140 316 1167; x_wconf 91' lang='lat' dir='ltr'><strong>ac</strong></span> <span class='ocrx_word' id='word_1_161' title='bbox 327 1130 553 1177; x_wconf 87' lang='lat' dir='ltr'><strong>juventutis,</strong></span> <span class='ocrx_word' id='word_1_162' title='bbox 569 1131 608 1167; x_wconf 92' lang='lat' dir='ltr'><strong>in</strong></span> <span class='ocrx_word' id='word_1_163' title='bbox 628 1141 705 1178; x_wconf 86' lang='lat' dir='ltr'><strong>qua</strong></span> <span class='ocrx_word' id='word_1_164' title='bbox 724 1131 861 1167; x_wconf 87' lang='lat' dir='ltr'><strong>radix</strong></span> <span class='ocrx_word' id='word_1_165' title='bbox 852 1141 936 1178; x_wconf 81' lang='lat' dir='ltr'><strong>ipsa</strong></span> <span class='ocrx_word' id='word_1_166' title='bbox 952 1131 1143 1167; x_wconf 86' lang='lat' dir='ltr'><strong>societatis</strong></span> <span class='ocrx_word' id='word_1_167' title='bbox 1164 1130 1345 1167; x_wconf 78' lang='lat' dir='ltr'><strong>humance</strong></span> 
     </span>
     <span class='ocr_line' id='line_1_21' title="bbox 61 1177 1349 1231; baseline 0 -13"><span class='ocrx_word' id='word_1_168' title='bbox 61 1183 115 1218; x_wconf 87' lang='lat' dir='ltr'><strong>ita</strong></span> <span class='ocrx_word' id='word_1_169' title='bbox 134 1183 407 1231; x_wconf 82' lang='lat' dir='ltr'><strong>corrumpitur,</strong></span> <span class='ocrx_word' id='word_1_170' title='bbox 440 1187 482 1220; x_wconf 87' lang='lat' dir='ltr'><strong>ut</strong></span> <span class='ocrx_word' id='word_1_171' title='bbox 503 1184 657 1220; x_wconf 89' lang='lat' dir='ltr'><strong>nonnisi</strong></span> <span class='ocrx_word' id='word_1_172' title='bbox 682 1188 890 1220; x_wconf 88' lang='lat' dir='ltr'><strong>venenatos</strong></span> <span class='ocrx_word' id='word_1_173' title='bbox 916 1184 1061 1219; x_wconf 85' lang='lat' dir='ltr'><strong>fructus</strong></span> <span class='ocrx_word' id='word_1_174' title='bbox 1086 1184 1182 1219; x_wconf 85' lang='lat' dir='ltr'><strong>ferre</strong></span> <span class='ocrx_word' id='word_1_175' title='bbox 1209 1177 1349 1227; x_wconf 59' lang='lat' dir='ltr'><strong>veleatl</strong></span> 
     </span>
     <span class='ocr_line' id='line_1_22' title="bbox 60 1223 1351 1283; baseline 0.002 -13"><span class='ocrx_word' id='word_1_176' title='bbox 60 1235 125 1281; x_wconf 88' lang='lat' dir='ltr'><strong>qui</strong></span> <span class='ocrx_word' id='word_1_177' title='bbox 146 1235 253 1272; x_wconf 90' lang='lat' dir='ltr'><strong>illam</strong></span> <span class='ocrx_word' id='word_1_178' title='bbox 278 1236 361 1282; x_wconf 79' lang='lat' dir='ltr'><strong>Jam</strong></span> <span class='ocrx_word' id='word_1_179' title='bbox 387 1247 546 1283; x_wconf 73' lang='lat' dir='ltr'><strong>aegram,</strong></span> <span class='ocrx_word' id='word_1_180' title='bbox 576 1236 773 1279; x_wconf 82' lang='lat' dir='ltr'><strong>afflictam,</strong></span> <span class='ocrx_word' id='word_1_181' title='bbox 802 1239 1036 1283; x_wconf 86' lang='lat' dir='ltr'><strong>prostratam</strong></span> <span class='ocrx_word' id='word_1_182' title='bbox 1055 1235 1103 1272; x_wconf 90' lang='lat' dir='ltr'><strong>ad</strong></span> <span class='ocrx_word' id='word_1_183' title='bbox 1121 1223 1351 1282; x_wconf 82' lang='lat' dir='ltr'><strong>dissolutio-j</strong></span> 
     </span>
     <span class='ocr_line' id='line_1_23' title="bbox 60 1287 553 1326; baseline 0.004 -3"><span class='ocrx_word' id='word_1_184' title='bbox 60 1297 148 1324; x_wconf 85' lang='lat' dir='ltr'><strong>nem</strong></span> <span class='ocrx_word' id='word_1_185' title='bbox 169 1287 326 1325; x_wconf 85' lang='lat' dir='ltr'><strong>demum</strong></span> <span class='ocrx_word' id='word_1_186' title='bbox 345 1289 553 1326; x_wconf 90' lang='lat' dir='ltr'><strong>adducant.</strong></span> 
     </span>
    </p>
   </div>
   <div class='ocr_carea' id='block_1_3' title="bbox 461 1406 943 1529">
    <p class='ocr_par' dir='ltr' id='par_1_5' title="bbox 461 1406 943 1529">
     <span class='ocr_line' id='line_1_24' title="bbox 461 1406 943 1448; baseline 0.002 -6"><span class='ocrx_word' id='word_1_187' title='bbox 461 1406 713 1444; x_wconf 76' lang='lat' dir='ltr'>ARTICULUS</span> <span class='ocrx_word' id='word_1_188' title='bbox 745 1406 943 1448; x_wconf 85' lang='lat' dir='ltr'><strong>QUINTUS</strong></span> 
     </span>
     <span class='ocr_line' id='line_1_25' title="bbox 665 1483 736 1529; baseline -0.014 0"><span class='ocrx_word' id='word_1_189' title='bbox 665 1483 736 1529; x_wconf 78' lang='lat'>(68)</span> 
     </span>
    </p>
   </div>
   <div class='ocr_carea' id='block_1_4' title="bbox 279 1545 1129 1601">
    <p class='ocr_par' dir='ltr' id='par_1_6' title="bbox 279 1545 1129 1601">
     <span class='ocr_line' id='line_1_26' title="bbox 279 1545 1129 1601; baseline 0 -1"><span class='ocrx_word' id='word_1_190' title='bbox 279 1545 335 1601; x_wconf 69' lang='lat' dir='ltr'><strong>De</strong></span> <span class='ocrx_word' id='word_1_191' title='bbox 348 1563 665 1601; x_wconf 70' lang='lat' dir='ltr'><strong>subordinatione</strong></span> <span class='ocrx_word' id='word_1_192' title='bbox 685 1564 818 1601; x_wconf 81' lang='lat' dir='ltr'><strong>Status</strong></span> <span class='ocrx_word' id='word_1_193' title='bbox 834 1564 886 1600; x_wconf 87' lang='lat' dir='ltr'><strong>ad</strong></span> <span class='ocrx_word' id='word_1_194' title='bbox 903 1564 1129 1601; x_wconf 85' lang='lat' dir='ltr'><strong>Ecclesiam.</strong></span> 
     </span>
    </p>
   </div>
   <div class='ocr_carea' id='block_1_5' title="bbox 59 1655 1352 2390">
    <p class='ocr_par' dir='ltr' id='par_1_7' title="bbox 59 1655 1352 2390">
     <span class='ocr_line' id='line_1_27' title="bbox 105 1655 1343 1703; baseline 0 -10"><span class='ocrx_word' id='word_1_195' title='bbox 105 1655 137 1693; x_wconf 88' lang='lat'><strong>1.</strong></span> <span class='ocrx_word' id='word_1_196' title='bbox 166 1656 394 1701; x_wconf 79' lang='lat' dir='ltr'><strong>Quaestionis</strong></span> <span class='ocrx_word' id='word_1_197' title='bbox 413 1661 567 1695; x_wconf 86' lang='lat' dir='ltr'><strong>natura.</strong></span> <span class='ocrx_word' id='word_1_198' title='bbox 597 1658 767 1695; x_wconf 80' lang='lat' dir='ltr'><strong>Societas</strong></span> <span class='ocrx_word' id='word_1_199' title='bbox 798 1658 977 1703; x_wconf 77' lang='lat' dir='ltr'><strong>religiosa</strong></span> <span class='ocrx_word' id='word_1_200' title='bbox 1008 1660 1050 1694; x_wconf 89' lang='lat' dir='ltr'><strong>ut</strong></span> <span class='ocrx_word' id='word_1_201' title='bbox 1068 1660 1127 1693; x_wconf 89' lang='lat' dir='ltr'><strong>est</strong></span> <span class='ocrx_word' id='word_1_202' title='bbox 1158 1657 1343 1694; x_wconf 89' lang='lat' dir='ltr'><strong>catholica</strong></span> 
     </span>
     <span class='ocr_line' id='line_1_28' title="bbox 59 1709 1344 1758; baseline 0.002 -14"><span class='ocrx_word' id='word_1_203' title='bbox 59 1709 222 1745; x_wconf 84' lang='lat' dir='ltr'><strong>Ecclesia</strong></span> <span class='ocrx_word' id='word_1_204' title='bbox 239 1711 400 1746; x_wconf 91' lang='lat' dir='ltr'><strong>convivit</strong></span> <span class='ocrx_word' id='word_1_205' title='bbox 420 1720 510 1746; x_wconf 91' lang='lat' dir='ltr'><strong>cum</strong></span> <span class='ocrx_word' id='word_1_206' title='bbox 531 1710 713 1746; x_wconf 84' lang='lat' dir='ltr'><strong>societate</strong></span> <span class='ocrx_word' id='word_1_207' title='bbox 732 1710 846 1755; x_wconf 81' lang='lat' dir='ltr'><strong>civili,</strong></span> <span class='ocrx_word' id='word_1_208' title='bbox 865 1711 920 1746; x_wconf 90' lang='lat' dir='ltr'><strong>ita</strong></span> <span class='ocrx_word' id='word_1_209' title='bbox 943 1720 1081 1756; x_wconf 90' lang='lat' dir='ltr'><strong>nempe</strong></span> <span class='ocrx_word' id='word_1_210' title='bbox 1100 1714 1141 1746; x_wconf 88' lang='lat' dir='ltr'><strong>ut</strong></span> <span class='ocrx_word' id='word_1_211' title='bbox 1160 1710 1344 1758; x_wconf 91' lang='lat' dir='ltr'><strong>spiritua-</strong></span> 
     </span>
     <span class='ocr_line' id='line_1_29' title="bbox 59 1761 1344 1810; baseline 0.002 -14"><span class='ocrx_word' id='word_1_212' title='bbox 59 1761 105 1797; x_wconf 91' lang='lat' dir='ltr'><strong>lis</strong></span> <span class='ocrx_word' id='word_1_213' title='bbox 116 1764 286 1808; x_wconf 88' lang='lat' dir='ltr'><strong>potestas</strong></span> <span class='ocrx_word' id='word_1_214' title='bbox 297 1762 491 1798; x_wconf 85' lang='lat' dir='ltr'><strong>Pontificis</strong></span> <span class='ocrx_word' id='word_1_215' title='bbox 505 1763 656 1799; x_wconf 90' lang='lat' dir='ltr'><strong>romani</strong></span> <span class='ocrx_word' id='word_1_216' title='bbox 668 1763 717 1798; x_wconf 85' lang='lat' dir='ltr'><strong>sit</strong></span> <span class='ocrx_word' id='word_1_217' title='bbox 734 1762 849 1798; x_wconf 85' lang='lat' dir='ltr'><strong>veluti</strong></span> <span class='ocrx_word' id='word_1_218' title='bbox 864 1762 902 1799; x_wconf 94' lang='lat' dir='ltr'><strong>in</strong></span> <span class='ocrx_word' id='word_1_219' title='bbox 915 1766 1095 1799; x_wconf 90' lang='lat' dir='ltr'><strong>contactu</strong></span> <span class='ocrx_word' id='word_1_220' title='bbox 1113 1773 1201 1798; x_wconf 93' lang='lat' dir='ltr'><strong>cum</strong></span> <span class='ocrx_word' id='word_1_221' title='bbox 1218 1767 1344 1810; x_wconf 88' lang='lat' dir='ltr'><strong>potes-</strong></span> 
     </span>
     <span class='ocr_line' id='line_1_30' title="bbox 60 1814 1344 1862; baseline 0.002 -13"><span class='ocrx_word' id='word_1_222' title='bbox 60 1818 139 1850; x_wconf 90' lang='lat' dir='ltr'><strong>tate</strong></span> <span class='ocrx_word' id='word_1_223' title='bbox 152 1814 263 1860; x_wconf 83' lang='lat' dir='ltr'><strong>civili,</strong></span> <span class='ocrx_word' id='word_1_224' title='bbox 279 1818 317 1851; x_wconf 89' lang='lat' dir='ltr'><strong>et</strong></span> <span class='ocrx_word' id='word_1_225' title='bbox 340 1816 405 1862; x_wconf 87' lang='lat' dir='ltr'><strong>qui</strong></span> <span class='ocrx_word' id='word_1_226' title='bbox 421 1819 510 1852; x_wconf 86' lang='lat' dir='ltr'><strong>sunt</strong></span> <span class='ocrx_word' id='word_1_227' title='bbox 528 1816 689 1852; x_wconf 89' lang='lat' dir='ltr'><strong>civiliter</strong></span> <span class='ocrx_word' id='word_1_228' title='bbox 698 1815 842 1851; x_wconf 86' lang='lat' dir='ltr'><strong>subditi</strong></span> <span class='ocrx_word' id='word_1_229' title='bbox 863 1815 1087 1862; x_wconf 84' lang='lat' dir='ltr'><strong>temporalis</strong></span> <span class='ocrx_word' id='word_1_230' title='bbox 1103 1816 1344 1852; x_wconf 89' lang='lat' dir='ltr'><strong>auctoritatis</strong></span> 
     </span>
     <span class='ocr_line' id='line_1_31' title="bbox 60 1867 1345 1905; baseline 0.002 -4"><span class='ocrx_word' id='word_1_231' title='bbox 60 1867 136 1902; x_wconf 91' lang='lat' dir='ltr'><strong>sint</strong></span> <span class='ocrx_word' id='word_1_232' title='bbox 163 1867 279 1904; x_wconf 84' lang='lat' dir='ltr'><strong>simul</strong></span> <span class='ocrx_word' id='word_1_233' title='bbox 315 1867 458 1904; x_wconf 87' lang='lat' dir='ltr'><strong>subditi</strong></span> <span class='ocrx_word' id='word_1_234' title='bbox 488 1868 729 1905; x_wconf 86' lang='lat' dir='ltr'><strong>auctoritatis</strong></span> <span class='ocrx_word' id='word_1_235' title='bbox 763 1868 1048 1905; x_wconf 86' lang='lat' dir='ltr'><strong>Ecclesiasticae.</strong></span> <span class='ocrx_word' id='word_1_236' title='bbox 1083 1867 1345 1904; x_wconf 87' lang='lat' dir='ltr'><strong>Communiter</strong></span> 
     </span>
     <span class='ocr_line' id='line_1_32' title="bbox 60 1919 1347 1969; baseline 0.002 -15"><span class='ocrx_word' id='word_1_237' title='bbox 60 1919 282 1956; x_wconf 87' lang='lat' dir='ltr'><strong>conceditur</strong></span> <span class='ocrx_word' id='word_1_238' title='bbox 312 1921 417 1969; x_wconf 88' lang='lat' dir='ltr'><strong>quod</strong></span> <span class='ocrx_word' id='word_1_239' title='bbox 442 1921 650 1958; x_wconf 84' lang='lat' dir='ltr'><strong>auctoritas</strong></span> <span class='ocrx_word' id='word_1_240' title='bbox 676 1920 794 1957; x_wconf 88' lang='lat' dir='ltr'><strong>civilis</strong></span> <span class='ocrx_word' id='word_1_241' title='bbox 817 1921 919 1957; x_wconf 86' lang='lat' dir='ltr'><strong>intra</strong></span> <span class='ocrx_word' id='word_1_242' title='bbox 935 1919 1079 1957; x_wconf 89' lang='lat' dir='ltr'><strong>limites</strong></span> <span class='ocrx_word' id='word_1_243' title='bbox 1105 1921 1165 1956; x_wconf 90' lang='lat' dir='ltr'><strong>sui</strong></span> <span class='ocrx_word' id='word_1_244' title='bbox 1190 1921 1278 1957; x_wconf 87' lang='lat' dir='ltr'><strong>finis</strong></span> <span class='ocrx_word' id='word_1_245' title='bbox 1299 1922 1347 1957; x_wconf 89' lang='lat' dir='ltr'><strong>sit</strong></span> 
     </span>
     <span class='ocr_line' id='line_1_33' title="bbox 60 1971 1346 2021; baseline 0.002 -13"><span class='ocrx_word' id='word_1_246' title='bbox 60 1971 109 2008; x_wconf 86' lang='lat' dir='ltr'><strong>ab</strong></span> <span class='ocrx_word' id='word_1_247' title='bbox 127 1972 294 2010; x_wconf 83' lang='lat' dir='ltr'><strong>Ecclesia</strong></span> <span class='ocrx_word' id='word_1_248' title='bbox 321 1973 596 2021; x_wconf 88' lang='lat' dir='ltr'><strong>independens,</strong></span> <span class='ocrx_word' id='word_1_249' title='bbox 630 1984 674 2010; x_wconf 91' lang='lat' dir='ltr'><strong>eo</strong></span> <span class='ocrx_word' id='word_1_250' title='bbox 705 1973 820 2010; x_wconf 91' lang='lat' dir='ltr'><strong>modo</strong></span> <span class='ocrx_word' id='word_1_251' title='bbox 842 1984 919 2021; x_wconf 88' lang='lat' dir='ltr'><strong>quo</strong></span> <span class='ocrx_word' id='word_1_252' title='bbox 943 1973 1151 2009; x_wconf 84' lang='lat' dir='ltr'><strong>Ecclesiam</strong></span> <span class='ocrx_word' id='word_1_253' title='bbox 1174 1976 1346 2021; x_wconf 87' lang='lat' dir='ltr'><strong>respectu</strong></span> 
     </span>
     <span class='ocr_line' id='line_1_34' title="bbox 59 2024 1347 2073; baseline 0.002 -14"><span class='ocrx_word' id='word_1_254' title='bbox 59 2024 119 2060; x_wconf 90' lang='lat' dir='ltr'><strong>sui</strong></span> <span class='ocrx_word' id='word_1_255' title='bbox 141 2025 230 2062; x_wconf 86' lang='lat' dir='ltr'><strong>finis</strong></span> <span class='ocrx_word' id='word_1_256' title='bbox 249 2025 572 2073; x_wconf 84' lang='lat' dir='ltr'><strong>independentem</strong></span> <span class='ocrx_word' id='word_1_257' title='bbox 601 2026 769 2063; x_wconf 84' lang='lat' dir='ltr'><strong>diximus</strong></span> <span class='ocrx_word' id='word_1_258' title='bbox 797 2037 820 2063; x_wconf 86' lang='lat' dir='ltr'><strong>a</strong></span> <span class='ocrx_word' id='word_1_259' title='bbox 843 2026 1014 2073; x_wconf 87' lang='lat' dir='ltr'><strong>qualibet</strong></span> <span class='ocrx_word' id='word_1_260' title='bbox 1044 2026 1273 2063; x_wconf 85' lang='lat' dir='ltr'><strong>auctoritate</strong></span> <span class='ocrx_word' id='word_1_261' title='bbox 1296 2027 1347 2062; x_wconf 90' lang='lat' dir='ltr'><strong>ci·</strong></span> 
     </span>
     <span class='ocr_line' id='line_1_35' title="bbox 60 2076 1348 2127; baseline 0.002 -15"><span class='ocrx_word' id='word_1_262' title='bbox 60 2076 134 2114; x_wconf 87' lang='lat' dir='ltr'><strong>vili.</strong></span> <span class='ocrx_word' id='word_1_263' title='bbox 170 2078 221 2114; x_wconf 86' lang='lat' dir='ltr'><strong>At</strong></span> <span class='ocrx_word' id='word_1_264' title='bbox 255 2078 494 2127; x_wconf 89' lang='lat' dir='ltr'><strong>impossibile</strong></span> <span class='ocrx_word' id='word_1_265' title='bbox 525 2079 684 2116; x_wconf 90' lang='lat' dir='ltr'><strong>omnino</strong></span> <span class='ocrx_word' id='word_1_266' title='bbox 713 2082 772 2115; x_wconf 88' lang='lat' dir='ltr'><strong>est</strong></span> <span class='ocrx_word' id='word_1_267' title='bbox 800 2081 842 2115; x_wconf 91' lang='lat' dir='ltr'><strong>ut</strong></span> <span class='ocrx_word' id='word_1_268' title='bbox 879 2078 966 2115; x_wconf 83' lang='lat' dir='ltr'><strong>duae</strong></span> <span class='ocrx_word' id='word_1_269' title='bbox 998 2078 1201 2115; x_wconf 85' lang='lat' dir='ltr'><strong>societates</strong></span> <span class='ocrx_word' id='word_1_270' title='bbox 1233 2078 1348 2115; x_wconf 90' lang='lat' dir='ltr'><strong>simul</strong></span> 
     </span>
     <span class='ocr_line' id='line_1_36' title="bbox 59 2129 1346 2179; baseline 0.001 -14"><span class='ocrx_word' id='word_1_271' title='bbox 59 2129 271 2167; x_wconf 84' lang='lat' dir='ltr'><strong>coexistant</strong></span> <span class='ocrx_word' id='word_1_272' title='bbox 296 2132 379 2178; x_wconf 83' lang='lat' dir='ltr'><strong>pari</strong></span> <span class='ocrx_word' id='word_1_273' title='bbox 399 2131 709 2179; x_wconf 85' lang='lat' dir='ltr'><strong>independentia,</strong></span> <span class='ocrx_word' id='word_1_274' title='bbox 737 2130 809 2167; x_wconf 92' lang='lat' dir='ltr'><strong>hoc</strong></span> <span class='ocrx_word' id='word_1_275' title='bbox 834 2133 890 2167; x_wconf 88' lang='lat' dir='ltr'><strong>est</strong></span> <span class='ocrx_word' id='word_1_276' title='bbox 915 2131 996 2166; x_wconf 88' lang='lat' dir='ltr'><strong>sine</strong></span> <span class='ocrx_word' id='word_1_277' title='bbox 1022 2135 1159 2167; x_wconf 89' lang='lat' dir='ltr'><strong>mutua</strong></span> <span class='ocrx_word' id='word_1_278' title='bbox 1184 2130 1233 2167; x_wconf 91' lang='lat' dir='ltr'><strong>ad</strong></span> <span class='ocrx_word' id='word_1_279' title='bbox 1254 2131 1346 2167; x_wconf 88' lang='lat' dir='ltr'><strong>invi-</strong></span> 
     </span>
     <span class='ocr_line' id='line_1_37' title="bbox 60 2184 1352 2232; baseline 0.002 -15"><span class='ocrx_word' id='word_1_280' title='bbox 60 2192 144 2218; x_wconf 90' lang='lat' dir='ltr'><strong>cem</strong></span> <span class='ocrx_word' id='word_1_281' title='bbox 165 2184 504 2231; x_wconf 83' lang='lat' dir='ltr'><strong>subordinatione3</strong></span> <span class='ocrx_word' id='word_1_282' title='bbox 525 2186 805 2232; x_wconf 82' lang='lat' dir='ltr'><strong>consequenter</strong></span> <span class='ocrx_word' id='word_1_283' title='bbox 825 2194 979 2220; x_wconf 87' lang='lat' dir='ltr'><strong>necesse</strong></span> <span class='ocrx_word' id='word_1_284' title='bbox 1005 2186 1062 2220; x_wconf 89' lang='lat' dir='ltr'><strong>est</strong></span> <span class='ocrx_word' id='word_1_285' title='bbox 1080 2188 1122 2220; x_wconf 92' lang='lat' dir='ltr'><strong>ut</strong></span> <span class='ocrx_word' id='word_1_286' title='bbox 1145 2184 1202 2219; x_wconf 85' lang='lat' dir='ltr'><strong>vel</strong></span> <span class='ocrx_word' id='word_1_287' title='bbox 1228 2184 1352 2220; x_wconf 87' lang='lat' dir='ltr'><strong>Eccle-</strong></span> 
     </span>
     <span class='ocr_line' id='line_1_38' title="bbox 61 2234 1348 2280; baseline 0.002 -11"><span class='ocrx_word' id='word_1_288' title='bbox 61 2234 120 2270; x_wconf 89' lang='lat' dir='ltr'><strong>sia</strong></span> <span class='ocrx_word' id='word_1_289' title='bbox 141 2235 265 2272; x_wconf 91' lang='lat' dir='ltr'><strong>Statui</strong></span> <span class='ocrx_word' id='word_1_290' title='bbox 283 2237 399 2280; x_wconf 88' lang='lat' dir='ltr'><strong>civili,</strong></span> <span class='ocrx_word' id='word_1_291' title='bbox 420 2237 478 2274; x_wconf 91' lang='lat' dir='ltr'><strong>vel</strong></span> <span class='ocrx_word' id='word_1_292' title='bbox 505 2238 635 2274; x_wconf 87' lang='lat' dir='ltr'><strong>Status</strong></span> <span class='ocrx_word' id='word_1_293' title='bbox 654 2236 775 2273; x_wconf 89' lang='lat' dir='ltr'><strong>civilis</strong></span> <span class='ocrx_word' id='word_1_294' title='bbox 797 2236 972 2274; x_wconf 84' lang='lat' dir='ltr'><strong>Ecclesiae</strong></span> <span class='ocrx_word' id='word_1_295' title='bbox 993 2236 1043 2272; x_wconf 87' lang='lat' dir='ltr'><strong>sit</strong></span> <span class='ocrx_word' id='word_1_296' title='bbox 1059 2235 1348 2272; x_wconf 85' lang='lat' dir='ltr'><strong>subordinatus.</strong></span> 
     </span>
     <span class='ocr_line' id='line_1_39' title="bbox 61 2288 1345 2337; baseline 0.002 -15"><span class='ocrx_word' id='word_1_297' title='bbox 61 2288 116 2322; x_wconf 91' lang='lat' dir='ltr'><strong>En</strong></span> <span class='ocrx_word' id='word_1_298' title='bbox 136 2289 312 2335; x_wconf 75' lang='lat' dir='ltr'><strong>quaestio,</strong></span> <span class='ocrx_word' id='word_1_299' title='bbox 345 2290 391 2325; x_wconf 89' lang='lat' dir='ltr'><strong>de</strong></span> <span class='ocrx_word' id='word_1_300' title='bbox 411 2300 488 2337; x_wconf 90' lang='lat' dir='ltr'><strong>qua</strong></span> <span class='ocrx_word' id='word_1_301' title='bbox 513 2290 625 2336; x_wconf 88' lang='lat' dir='ltr'><strong>plura</strong></span> <span class='ocrx_word' id='word_1_302' title='bbox 655 2290 738 2337; x_wconf 84' lang='lat' dir='ltr'><strong>jam</strong></span> <span class='ocrx_word' id='word_1_303' title='bbox 770 2289 939 2326; x_wconf 87' lang='lat' dir='ltr'><strong>diximus</strong></span> <span class='ocrx_word' id='word_1_304' title='bbox 969 2290 1086 2325; x_wconf 85' lang='lat' dir='ltr'><strong>Artic.</strong></span> <span class='ocrx_word' id='word_1_305' title='bbox 1110 2291 1150 2325; x_wconf 81' lang='lat'><strong>61</strong></span> <span class='ocrx_word' id='word_1_306' title='bbox 1173 2293 1211 2324; x_wconf 91' lang='lat' dir='ltr'><strong>et</strong></span> <span class='ocrx_word' id='word_1_307' title='bbox 1231 2290 1288 2332; x_wconf 89' lang='grc'><strong>63,</strong></span> <span class='ocrx_word' id='word_1_308' title='bbox 1310 2293 1345 2324; x_wconf 81' lang='lat' dir='ltr'><strong>et</strong></span> 
     </span>
     <span class='ocr_line' id='line_1_40' title="bbox 64 2339 1345 2390; baseline 0.002 -13"><span class='ocrx_word' id='word_1_309' title='bbox 64 2339 171 2388; x_wconf 73' lang='lat' dir='ltr'><strong>cujus</strong></span> <span class='ocrx_word' id='word_1_310' title='bbox 189 2341 421 2379; x_wconf 86' lang='lat' dir='ltr'><strong>solutionem</strong></span> <span class='ocrx_word' id='word_1_311' title='bbox 440 2343 481 2380; x_wconf 91' lang='lat' dir='ltr'><strong>in</strong></span> <span class='ocrx_word' id='word_1_312' title='bbox 500 2342 574 2380; x_wconf 90' lang='lat' dir='ltr'><strong>hoc</strong></span> <span class='ocrx_word' id='word_1_313' title='bbox 593 2343 729 2381; x_wconf 81' lang='lat' dir='ltr'><strong>ultimo</strong></span> <span class='ocrx_word' id='word_1_314' title='bbox 747 2343 907 2381; x_wconf 85' lang='lat' dir='ltr'><strong>articulo</strong></span> <span class='ocrx_word' id='word_1_315' title='bbox 927 2342 1125 2390; x_wconf 85' lang='lat' dir='ltr'><strong>speciatim</strong></span> <span class='ocrx_word' id='word_1_316' title='bbox 1146 2341 1285 2380; x_wconf 77' lang='lat' dir='ltr'><strong>damus</strong></span> <span class='ocrx_word' id='word_1_317' title='bbox 1304 2346 1345 2379; x_wconf 88' lang='lat' dir='ltr'><strong>ut</strong></span> 
     </span>
    </p>
   </div>
  </div>
 </body>
</html>
