1584 2569
203 115 271 151 264
290 124 348 149 JUS
366 124 526 149 NATURAE.
549 123 619 148 Lm.
640 123 665 147 u
686 123 763 147 cn.
783 122 823 146 u.
839 121 883 146 DE
899 121 1086 146 soclm‘ATE
1105 121 1177 147 CXV.
1198 121 1235 146 m
1255 121 1295 146 SE
1313 121 1482 146 SPECTATA

204 196 367 233 cratiam
387 194 662 242 appellavimus
678 203 686 236 ;
704 192 872 228 diximus
887 194 1016 228 autem
1035 191 1298 227 monarchiam
1315 193 1486 239 regimen

205 250 332 292 unius,
352 248 427 284 sive
443 249 542 294 reyis
557 248 633 282 sive
649 244 892 292 imperatoris
908 245 983 280 sive
999 245 1074 280 alio
1092 245 1248 280 nomine
1263 247 1484 292 nuncupati.

205 301 402 349 Synthesis
417 301 629 346 utriusque,
652 309 789 345 nempe
809 297 1320 342 democrastamonarchz’ca,
1339 298 1398 333 vel
1413 310 1486 334 mo-

204 353 639 391 marchia-democratica
665 355 723 387 est
745 361 886 386 novum
911 350 1004 385 illud
1025 350 1209 396 regimen,
1229 350 1333 397 quod
1352 361 1487 397 reproe·

203 409 427 444 sentativum
444 417 509 441 seu
524 403 833 441 constitutionale
850 403 969 439 audit.

251 461 297 497 11.
311 460 502 504 Principia
513 462 553 494 et.
563 459 755 494 elementa
762 457 960 502 regiminis
968 457 1293 501 repraesentativi.
1305 457 1487 503 Regimen

205 513 556 560 repraesentativum
578 509 763 546 fundatur
789 510 825 544 in
847 510 1035 556 principio
1063 509 1166 555 quod
1193 510 1395 556 potestatis
1423 521 1489 556 pu-

207 567 311 602 blicae
334 565 547 611 subjectum
568 567 625 599 est
646 562 867 607 multitudo,
896 573 962 597 seu
996 562 1174 609 populus,
1197 563 1263 609 qui
1284 562 1486 609 praefatam

207 621 435 665 potestatem
467 615 772 652 inalienabiliter
792 614 977 661 possidet.
1005 617 1187 651 Attamen
1213 615 1328 650 simul
1353 616 1431 652 Rex
1449 617 1489 652 in

208 672 280 708 hoc
298 671 484 716 regimine
501 669 730 713 admittitur,
749 668 814 704 sed
831 668 963 715 populi
978 667 1173 703 voluntate
1191 678 1257 703 rex
1272 671 1327 704 est
1339 669 1387 704 ad
1407 680 1488 715 reg-

208 724 378 761 nandum
403 734 478 758 non
500 723 547 758 ad
576 721 893 768 gubernandum3
915 721 1015 756 unde
1037 721 1151 756 illud:
1177 721 1255 757 Rex
1278 726 1411 767 reynat
1425 722 1489 757 sed

207 788 282 813 non
298 775 495 823 qubernat.
520 776 622 810 Inter
639 774 826 821 populum
849 776 977 809 autem
999 776 1035 808 et
1054 784 1184 821 regem
1205 776 1360 819 pactum
1377 775 1489 810 inter-

207 829 306 867 cedit
336 829 439 876 quod
473 828 613 864 dicitur
651 827 893 872 Con-stitutio,
927 837 992 862 seu
1027 837 1167 873 corpus
1203 826 1489 864 fundamentale

210 884 342 929 legum,
369 892 454 928 quae
481 880 634 916 nonnisi
661 890 728 925 per
759 879 1004 925 majestatem
1038 879 1266 927 popularem
1295 890 1371 915 una
1401 890 1488 916 cum

209 946 295 982 rege
312 934 454 970 mutari
471 935 644 980 possunt.
674 932 868 968 Gubernat
892 936 1023 967 autem
1040 935 1077 967 et
1101 931 1264 978 populus
1281 936 1324 967 ut
1344 931 1488 968 dictum

209 993 265 1024 est
286 988 322 1023 in
344 986 572 1034 praecedenti
593 985 761 1020 Articulo
792 996 829 1019 n.
858 986 920 1020 ΙΙΙ.
951 988 1140 1030 quatenus
1169 984 1207 1019 in
1237 984 1400 1031 puhlicis
1425 995 1487 1020 co-

210 1040 326 1075 mitiis
345 1039 444 1074 viros
464 1039 536 1074 sibi
557 1037 662 1083 eligit
682 1038 821 1084 quibus
847 1037 992 1083 delegat
1012 1047 1123 1072 suam
1145 1038 1340 1082 propriam
1366 1042 1487 1083 potes-

209 1097 328 1128 tatem
347 1091 616 1137 legislativam,
639 1095 680 1126 ut
697 1089 767 1136 ipsi
787 1090 941 1125 nomine
962 1094 999 1124 et
1020 1093 1209 1136 potestate
1224 1089 1403 1136 populari
1420 1090 1489 1125 sibi

208 1144 423 1181 concredita
443 1143 545 1190 leges
573 1142 754 1178 condant.
779 1142 821 1177 Hi
847 1142 1082 1177 constituunt
1112 1141 1309 1178 Cameram
1333 1142 1489 1188 deputa-

211 1203 345 1242 torum,
381 1207 448 1232 seu
476 1206 612 1242 corpus
635 1195 901 1241 leqislativum.
931 1196 984 1230 Ex
1005 1194 1125 1230 altera
1151 1198 1259 1241 parte
1280 1196 1357 1230 Rex
1386 1195 1491 1242 eligit

211 1250 286 1286 alia
317 1249 486 1290 comitia,
514 1253 551 1283 et
577 1249 660 1294 ipsa
689 1247 902 1295 legislativa
929 1258 1015 1294 quae
1047 1246 1210 1283 Senatus
1238 1246 1427 1291 dicuntur,
1455 1253 1492 1283 et

210 1313 295 1348 quae
315 1304 530 1348 temperant
553 1301 674 1346 ipsam
698 1303 926 1347 potestatem
950 1300 1177 1346 popularem
1199 1300 1489 1345 Deputatorum.

209 1359 388 1391 Attamen
433 1353 471 1389 in
504 1354 691 1400 regimine
724 1353 769 1388 de
801 1363 876 1399 quo
906 1353 1115 1398 loquimur,
1144 1353 1301 1387 Senatus
1322 1363 1398 1388 non
1431 1364 1493 1388 ne-

210 1408 374 1444 cessario
391 1406 568 1454 exigitur.
586 1407 691 1448 Hinc,
711 1406 800 1450 Rex,
824 1405 1054 1442 Constitutzo
1075 1410 1107 1440 et
1126 1405 1211 1441 duoe
1233 1405 1423 1450 Cameroe;
1445 1416 1491 1442 en

211 1461 509 1503 mechanismus‚
519 1459 575 1494 uti
587 1464 736 1502 vocant,
746 1458 946 1504 regiminis
963 1458 1312 1494 Constitutionalis.
1322 1478 1367 1484 —
1377 1459 1492 1505 Leges

212 1513 327 1559 igitur
348 1513 445 1547 fiunt
469 1522 491 1547 a
511 1511 677 1546 comitiis
706 1511 942 1558 legisffitivis,
962 1511 1162 1556 signantur
1182 1521 1204 1546 a
1227 1512 1340 1557 Rege,
1369 1522 1492 1546 execu-

212 1566 310 1601 tioni
325 1564 558 1600 mandantur
570 1575 591 1599 a
606 1563 815 1599 Ministrz's.
829 1564 872 1598 Hi
887 1563 1082 1609 eliguntur
1095 1574 1116 1598 a
1131 1565 1244 1609 Rege,
1260 1568 1297 1598 et
1309 1563 1493 1610 delegum

211 1617 423 1653 executione
442 1616 674 1664 respondere
691 1616 892 1662 Deputatz's
913 1615 1065 1659 debent,
1088 1627 1109 1651 a
1131 1616 1267 1661 quibus
1286 1616 1388 1662 rejici
1410 1627 1494 1663 pos-

212 1675 312 1712 sunt,
335 1671 391 1705 eis
417 1669 642 1716 denegando
669 1674 805 1714 votum,
827 1673 868 1704 ut
895 1669 1016 1713 aiunt,
1038 1669 1217 1715 fiducioe;
1243 1680 1318 1715 quo
1347 1670 1384 1704 in
1404 1680 1494 1705 casu

209 1723 319 1768 juxta
341 1722 503 1769 aliquos,
529 1723 604 1757 Rex
633 1726 785 1757 tenetur
811 1721 968 1766 seligere
989 1722 1185 1756 ministros
1206 1732 1250 1756 ex
1277 1732 1495 1769 propugna-

213 1774 359 1810 toribus
371 1774 561 1822 opinionis
577 1774 818 1821 praevalentis
831 1777 966 1810 contra
983 1774 1181 1809 ministros
1199 1774 1385 1810 exclusos·
1405 1775 1496 1821 Regi

212 1832 341 1863 tamen
371 1826 595 1863 conceditur
624 1831 794 1873 potestas
827 1826 1045 1862 dimittendi
1066 1828 1266 1862 Cameram
1295 1827 1498 1873 deputato-

212 1891 312 1923 rum,
334 1884 371 1915 et
391 1880 591 1928 populum,
616 1880 717 1915 intra
737 1879 1037 1916 determinatum
1060 1883 1223 1927 tempus,
1253 1879 1300 1915 ad
1322 1890 1419 1916 nova
1437 1891 1497 1916 co-

212 1933 322 1969 mitia
346 1933 594 1969 convocandi.
621 1953 666 1958 —
691 1934 738 1970 Ut
769 1938 899 1969 autem
927 1933 1056 1980 legum
1087 1933 1258 1968 executio
1301 1934 1498 1980 procurari

214 1986 346 2032 possit,
379 1986 567 2022 exercitus
598 1985 752 2022 militiae
781 1985 975 2032 reqularis
1007 1985 1205 2031 subjicitur
1231 1985 1426 2021 illinisti-is
1462 1990 1498 2020 et

214 2038 307 2085 Regi
317 2050 331 2080 ;
347 2038 412 2074 sed
433 2041 474 2073 ut
493 2037 755 2085 aequilibrium
774 2038 961 2074 habeatur
979 2042 1015 2073 et
1036 2042 1324 2084 praecaveantur
1342 2038 1496 2081 abusus,

213 2091 342 2127 existit
353 2090 499 2126 militia
515 2091 653 2134 civica,
667 2102 751 2138 quae
766 2091 919 2138 proprie
934 2095 992 2127 est
1006 2091 1229 2138 praesidium
1245 2090 1444 2137 populare.
1455 2111 1498 2116 —

213 2143 323 2185 Quod
337 2147 465 2179 autem
481 2143 627 2179 dictum
645 2148 702 2179 est
722 2144 768 2180 de
789 2144 988 2190 potestatis
1003 2143 1224 2190 legislativae
1238 2146 1274 2178 et
1295 2144 1498 2189 potestatis

214 2196 417 2232 executivae
444 2195 690 2232 distractione
724 2197 847 2244 deque
876 2197 974 2232 inter
1005 2196 1109 2243 ipsas
1128 2194 1363 2242 aequilibrio,
1397 2195 1499 2231 idem

215 2248 428 2295 applicatur
441 2247 617 2296 potestati
630 2248 876 2296 Judiciariae.
895 2249 969 2285 Alii
990 2249 1092 2284 enim
1109 2252 1198 2284 sunt
1209 2247 1359 2295 Judices
1374 2248 1495 2295 juris,

216 2302 279 2337 alii
305 2304 394 2337 sunt
409 2301 557 2348 judices
574 2302 702 2347 facti:
726 2302 790 2349 qui
810 2302 936 2338 ultimi
951 2301 1084 2349 jurati
1103 2301 1296 2337 dicuntur.
1317 2321 1361 2327 --
1385 2301 1496 2336 Deni-

215 2364 288 2400 que
313 2354 356 2389 u't
375 2355 539 2402 populus
563 2355 807 2401 majestatem
826 2365 937 2391 suam
954 2358 1129 2391 exerceat
1151 2365 1267 2401 supra
1283 2364 1374 2390 suos
1402 2353 1496 2389 dele—
