1584 2569
226 141 307 166 Am,
338 142 359 165 l.
390 142 430 165 DE
457 141 532 166 OPF.
562 142 603 167 ET
628 142 705 167 JUR.
734 141 903 167 PAClFICIS
929 141 1054 166 GEN'HS
1083 141 1124 164 AD
1152 139 1290 165 GENTEM
1333 127 1398 163 271

121 212 242 258 reaia,
268 217 322 257 ut,
350 213 384 247 vi
414 213 701 260 principiorum,
729 224 868 249 nornen
902 213 1049 259 regium
1079 212 1236 247 retineat
1258 214 1293 245 et
1323 221 1397 246 rem

120 275 276 312 prorsus
294 265 457 302 amittat.

545 360 715 400 CAPUT
751 360 982 401 TERTIUM

309 453 356 482 mv:
386 452 599 482 SOCIETATE
630 453 743 482 cmm
771 454 808 481 m
838 452 983 482 ORDINE
1011 453 1061 482 An
1090 453 1210 481 ΑΠΑΜ

166 535 361 581 Prologus.
378 535 578 572 Declarata
591 537 728 572 natura
743 536 933 571 societatis
950 535 1081 578 civilis,
1101 534 1144 570 de
1157 532 1402 571 ‘relationibus

119 588 216 625 inter
249 599 365 624 unam
402 593 438 624 et
465 588 583 625 aliam
610 589 830 624 societatem
858 588 1076 624 immediate
1104 587 1305 624 dicendum
1333 591 1402 632 est,

117 641 162 677 Et
185 643 219 676 1⁰
244 641 412 688 quidem,
431 641 931 690 derelationibuspacz'flcis
943 646 1024 677 tum
1045 641 1084 676 in
1100 651 1249 687 genere.
1269 643 1347 676 tum
1363 641 1400 675 in

118 694 265 741 speeie3
288 695 326 730 2⁰
344 694 490 742 dejure
514 694 614 732 belli.

540 800 791 837 ARTICULUS
818 799 988 838 PRIMUS

716 876 800 920 {(59)

246 951 300 988 De
320 951 466 999 officim
483 955 515 987 et
527 950 689 998 juribus
707 951 888 998 pacificis
906 950 1029 997 yemis
1049 950 1100 986 ad
1119 954 1273 997 yentem.

168 1051 195 1087 1.
213 1051 332 1087 Radix
347 1051 444 1096 juris
457 1050 765 1087 internationali.
783 1050 950 1086 Societas
966 1059 1220 1096 quaecumque
1231 1047 1399 1084 humana

118 1114 162 1139 ex
185 1102 426 1138 multitudine
445 1105 481 1138 et
501 1103 743 1145 auctoritate,
765 1102 874 1149 quasi
896 1112 941 1137 ex
961 1101 1100 1148 duplici
1121 1100 1305 1148 principio
1327 1111 1400 1137 ma-

119 1155 250 1191 terialz·
264 1154 472 1201 etformalz'
482 1155 654 1191 resultat.
669 1156 762 1191 Hinc
774 1155 934 1191 societas
949 1154 1213 1190 consideratur
1228 1157 1263 1189 et
1276 1163 1401 1188 revera

118 1211 174 1244 est
197 1218 360 1255 persona
387 1207 564 1254 quaedam
597 1208 769 1244 moralis.
800 1209 840 1243 In
872 1207 943 1243 hoc
976 1207 1161 1254 principio
1190 1206 1235 1241 de
1269 1206 1402 1241 morali

116 1261 390 1308 personalitate
412 1261 606 1296 societatis
627 1264 683 1296 est
703 1261 810 1296 radix
833 1260 1048 1296 officiorum
1082 1262 1117 1295 et
1141 1259 1297 1306 jurium,
1320 1267 1401 1305 quae

120 1313 247 1358 vigent
267 1313 364 1348 inter
386 1316 536 1359 gentem
556 1317 592 1348 et
615 1317 779 1359 gentem.

166 1366 212 1402 11.
225 1367 275 1402 De
287 1366 424 1402 officiis
435 1366 678 1402 naturalibus
692 1367 796 1402 inter
810 1366 998 1402 nationes.
1015 1366 1104 1405 Quae
1116 1374 1203 1400 vero
1216 1364 1403 1400 naturalia

120 1418 248 1454 officia
274 1418 495 1454 nationibus
525 1419 625 1454 inter
649 1429 687 1454 se
714 1418 946 1465 comparatis
967 1417 1203 1459 incumbant,
1235 1416 1280 1452 de
1308 1416 1403 1452 facili

123 1481 169 1506 ex
189 1471 386 1518 praemisso
408 1471 594 1518 principio
623 1471 753 1507 inferri
778 1472 815 1507 in
845 1481 981 1518 genere
1005 1473 1143 1518 potest.
1167 1469 1270 1506 Unde
1297 1479 1341 1506 ea
1367 1473 1404 1507 ut

124 1523 324 1561 corollaria
345 1523 494 1560 damus.

172 1575 430 1613 Corollarium
444 1577 625 1623 primum.
642 1577 734 1612 Cum
747 1587 837 1624 ergo
854 1576 970 1612 homo
986 1579 1133 1612 naturae
1150 1574 1276 1610 officio
1287 1574 1405 1610 homi-

125 1640 211 1665 nem
233 1629 389 1677 diligere
422 1632 598 1666 teneatur
617 1631 688 1676 (39,
716 1630 758 1675 I),
778 1630 878 1667 idem
907 1628 1081 1666 naturale
1112 1628 1280 1664 officium
1309 1627 1406 1675 viget

124 1682 223 1718 inter
242 1684 428 1719 nationes.

173 1734 431 1771 corollarium
459 1735 632 1772 alterum.
661 1735 758 1777 Quia
778 1737 906 1771 autem
927 1734 1044 1770 homo
1078 1737 1227 1770 tenetur
1253 1732 1408 1778 quidem

126 1797 256 1824 amare
271 1789 502 1835 proximum,
520 1792 559 1824 at
571 1798 646 1823 non
658 1787 756 1834 plus,
771 1798 837 1824 nec
854 1791 1042 1833 quantum
1055 1787 1224 1832 seipsum
1241 1787 1311 1831 (39,
1327 1785 1407 1830 111);

126 1840 226 1876 idem
250 1850 273 1876 a
292 1840 440 1876 fortiori
459 1839 661 1876 dicendum
682 1843 739 1877 est
760 1840 806 1877 de
834 1850 964 1878 amore
987 1840 1116 1878 debito
1134 1839 1182 1877 ab
1203 1849 1278 1876 una
1300 1837 1408 1875 alteri

126 1893 284 1928 nationi.

174 1945 432 1982 Corollarium
444 1945 609 1982 tertium.
627 1947 679 1982 Ex
695 1955 824 1982 amore
837 1945 902 1991 qui
915 1943 1077 1980 debetur
1087 1942 1264 1991 proximo
1277 1948 1409 1979 nostro

126 2001 299 2046 sequitur
322 1999 534 2035 necessario
562 1998 731 2034 officium
759 1998 886 2044 ipsum
916 2008 992 2033 non
1018 1996 1197 2041 laedendi,
1224 1996 1410 2042 praecipue

126 2056 256 2089 autem
276 2052 377 2088 circa
395 2051 476 2098 ejus
496 2051 625 2088 vitam.
659 2051 738 2087 vita
759 2061 848 2097 ergo
867 2049 1074 2087 nationalis
1101 2060 1122 2085 a
1150 2049 1300 2084 nemine
1321 2048 1408 2084 laedi

127 2104 251 2150 debet,
275 2104 495 2140 sedintacta
512 2114 583 2150 per
599 2114 634 2139 se
646 2103 906 2140 conservanda
926 2107 996 2140 est.
1016 2101 1119 2138 Unde
1136 2103 1272 2138 merito
1289 2102 1325 2137 S.
1338 2102 1411 2137 Au-

128 2158 317 2204 gustinus,
335 2158 381 2193 IV
401 2157 456 2193 De
476 2157 637 2194 Ciuitate
662 2156 748 2200 Dei,
777 2157 865 2203 Cap.
889 2156 948 2199 VI,
977 2156 1167 2192 exclamat
1190 2166 1197 2191 t
1227 2169 1241 2187 ι
1272 2154 1411 2189 Inserre

127 2214 255 2247 autem
277 2210 377 2246 bella
395 2210 580 2254 finitimis,
601 2212 637 2245 et
657 2208 745 2245 inde
763 2210 800 2244 in
818 2212 944 2245 cetera
963 2207 1167 2256 procedere
1189 2218 1232 2244 ac
1253 2206 1411 2253 populos

128 2264 198 2299 sibi
219 2274 295 2299 non
316 2263 501 2299 molestos
512 2263 594 2300 sola
611 2263 717 2309 regni
739 2261 948 2309 cupiditate
967 2266 1162 2298 conterere
1178 2266 1214 2296 et
1233 2260 1409 2301 subdere,

130 2316 220 2363 quid
243 2316 346 2352 aliud
374 2327 491 2364 quam
519 2315 663 2364 grande
695 2315 940 2351 latrocinium
976 2313 1254 2350 nominandum
1277 2313 1361 2348 est?
1391 2324 1407 2346 n

130 2370 172 2404 Et
185 2370 273 2414 Cap.
292 2369 335 2404 lV
357 2369 410 2405 ait
430 2380 436 2404 :
458 2383 472 2401 -x
491 2371 650 2406 Remota
664 2369 794 2414 itaque
807 2368 969 2416 justitia,
985 2367 1078 2414 quid
1090 2369 1178 2402 sunt
1194 2375 1323 2412 regna,
1340 2365 1410 2401 nisi
