1584 2569
164 95 232 130 292
251 103 309 131 ms
329 103 490 130 nucu.
511 104 582 129 Lm.
605 104 644 130 11.
667 104 742 130 cn.
760 103 811 128 ιν.
827 103 869 128 ns
889 102 1081 129 SOCIETATE
1099 103 1216 129 nnuc.
1239 104 1275 130 m
1297 104 1337 131 sn
1356 106 1450 132 srnc.

158 176 227 223 jus
243 175 475 221 defensionis
492 175 671 211 adversus
687 174 869 211 Ecclesioe
885 174 1098 218 molimina,
1113 176 1346 212 naturaliter
1360 178 1453 213 insi·
1487 163 1494 176 ‘

164 234 240 264 tum
253 228 482 264 auctoritati
494 227 678 274 politicae,
694 226 806 273 cujus
822 226 960 263 virtute
973 227 1142 264 declarat
1155 228 1301 264 nullam
1317 229 1454 270 habere

161 281 239 316 vim
259 279 395 325 bullas,
417 279 544 315 brevia
559 278 791 326 Pontificum
804 282 915 326 atque
933 278 1045 315 aliud
1058 279 1312 328 quodcumque
1328 286 1454 318 actum

162 333 427 370 ecclesiasticae
440 333 684 369 auctoritatis
693 332 828 379 quibus
840 331 1011 378 facultas
1020 332 1091 368 illa
1105 333 1308 379 nonfuerit
1319 334 1454 381 imper-

175 386 260 421 tita.
282 405 327 411 —
343 387 396 421 Ex
416 386 555 432 quibus
575 385 864 421 definitionibus
884 384 1089 420 manifesta
1108 389 1164 421 est
1187 386 1324 422 veritas
1343 387 1464 424 nostri

161 438 366 475 corollarii.
395 438 555 485 Regium
581 438 681 473 enim
706 437 837 474 Placet
862 448 929 474 seu
954 438 1105 485 regium
1130 438 1355 486 Eaeequatur
1375 451 1454 476 non

164 491 290 527 solum
317 495 373 527 est
396 490 588 526 vinculum
612 491 815 538 potestatis
841 489 1117 533 ecclesiasticae,
1145 502 1221 528 non
1247 491 1373 529 solum
1397 495 1455 529 est

163 547 273 580 atrox
291 544 432 590 inJuria
453 543 559 579 illata
575 543 750 580 Ecclesiae
771 543 880 590 quasi
898 544 982 591 ipsa
1002 544 1131 580 Status
1153 544 1272 580 civilis
1289 545 1379 592 jura
1398 546 1455 581 in-

162 596 298 632 vadere
320 596 522 631 ambitiose
547 594 756 642 aliquando
779 596 915 631 molita
933 596 1059 639 fuerit,
1079 596 1146 633 sed
1172 602 1228 632 est
1247 598 1363 634 etiam
1384 599 1455 634 ini-

162 649 351 695 quissima
368 651 405 684 et
421 648 586 684 exitialis
603 651 839 695 potestatum
859 649 1048 696 perversio
1071 661 1079 685 :
1102 648 1292 697 siquidem
1311 661 1380 698 per
1398 661 1456 686 re-

164 702 271 749 gium
290 700 413 748 placet
431 701 595 737 Ecclesia
610 700 810 748 subjicitur
825 701 960 746 Statui‚
979 700 1052 737 hoc
1069 705 1125 738 est
1143 702 1275 738 anima
1287 704 1453 750 corpori,

163 754 318 800 spiritus
345 755 531 798 materias,
563 754 662 789 Deus
688 753 852 800 denique
875 753 1038 790 homini.
1067 774 1112 780 —-
1135 755 1258 801 Digna
1283 759 1341 791 est
1367 767 1453 802 quae

163 808 310 854 legatur
330 806 562 842 Dissertatio
579 806 623 842 de
636 806 742 853 reyio
758 805 900 852 Placet,
920 806 1023 842 edita
1039 817 1062 843 a
1083 806 1304 844 doctissimo
1326 808 1455 844 Cardi-

163 860 241 896 nali
270 859 429 896 Camillo
456 859 657 912 Tarquini,
683 863 719 895 et
745 858 889 894 inserta
912 859 992 894 suis
1015 857 1329 897 [mutationibus
1345 861 1455 907 juris

167 912 431 950 Eccleszastici
444 911 607 958 publici.

212 965 471 1003 Corollarium
488 966 651 1001 tertium.
672 965 744 1001 Sed
759 969 945 1012 praeterea
956 964 1043 1011 jure
1061 975 1130 1001 suo
1145 966 1312 1003 Ecclesia
1329 966 1454 1011 docet,

165 1021 353 1066 potestate
364 1018 438 1054 sibi
453 1017 636 1054 aChristo
651 1017 807 1062 tradita,
828 1028 961 1054 omnes
980 1022 1127 1065 gentes,
1140 1019 1257 1055 etiam
1270 1024 1455 1055 renuente

166 1072 221 1107 vel
241 1071 450 1108 obsistente
470 1070 569 1107 civili
591 1071 833 1113 auctoritate,
856 1080 940 1116 quae
960 1070 1033 1107 hoc
1053 1071 1092 1106 in
1112 1081 1199 1107 casu
1217 1071 1307 1118 jura
1326 1072 1455 1108 Eccle-

164 1126 230 1160 siae
252 1123 398 1160 invadit
421 1123 684 1169 injustissime.

212 1176 470 1214 corollarium
489 1180 679 1223 quartum.
704 1176 791 1211 Jure
815 1186 906 1222 ergo
928 1186 971 1211 ac
994 1176 1130 1212 merito
1155 1176 1392 1214 damnantur
1416 1178 1456 1212 in

164 1229 314 1277 Syllabo
348 1229 403 1264 Pii
430 1229 544 1275 Papae
573 1229 617 1264 IX
645 1230 846 1274 sequentes
872 1228 1175 1275 propositiones,
1202 1240 1288 1277 quae
1315 1229 1456 1265 directe

164 1282 390 1330 plenitudini
433 1285 547 1327 atque
592 1281 899 1329 independentiae
941 1282 1144 1328 potestatis
1191 1282 1455 1319 ecclesiasticae

164 1335 429 1372 adversantur.

215 1402 229 1420 ι
252 1387 418 1424 Ecclesia
440 1397 515 1423 non
537 1392 594 1423 est
611 1397 701 1423 vera
719 1387 960 1434 perfectaque
982 1387 1145 1423 societas
1164 1387 1275 1433 plane
1286 1388 1419 1431 libera,
1434 1403 1450 1420 ›

165 1446 248 1484 etc„
270 1445 312 1476 ut
332 1451 449 1488 supra
470 1442 541 1485 (62,
563 1440 637 1484 1v).

214 1507 230 1526 ‹
259 1493 438 1529 Doctrina
463 1491 774 1539 comparantium
795 1492 1012 1527 Romanum
1039 1492 1260 1528 Pontificem
1288 1492 1457 1539 Principi

165 1546 281 1583 libero
303 1549 340 1581 et
357 1545 485 1591 agenti
504 1545 543 1580 in
566 1544 743 1580 universa
761 1543 940 1587 Ecclesia,
960 1543 1134 1579 doctrina
1151 1548 1207 1579 est
1227 1555 1313 1591 quae
1330 1544 1456 1581 medio

165 1609 242 1635 aevo
264 1598 462 1646 praevaluit
486 1612 501 1630 ›
521 1597 702 1644 (XXXIV).

213 1666 229 1684 ι
256 1652 299 1687 In
325 1650 503 1686 conflictu
529 1650 659 1697 legum
680 1649 881 1697 utriusque
901 1650 1116 1696 potestatis,
1133 1650 1198 1697 jus
1224 1650 1330 1686 civile
1358 1660 1456 1697 prae-

167 1704 266 1740 valet
287 1717 303 1737 ι
333 1703 464 1748 (XLII).

213 1771 228 1789 ‹
250 1755 375 1792 Civilis
394 1755 602 1791 auctoritas
623 1757 749 1802 potest
769 1765 808 1790 se
827 1753 1044 1790 immiscere
1066 1754 1194 1798 rebus,
1218 1766 1301 1802 quoe
1329 1754 1377 1791 ad.
1395 1765 1458 1791 re-

165 1810 360 1857 ligionem,
382 1817 509 1844 mores
530 1812 566 1842 et
583 1807 756 1852 regimen
776 1806 973 1854 spirituale
993 1808 1199 1854 pertinent.
1219 1808 1312 1843 Hinc
1331 1811 1460 1855 potest

165 1862 210 1898 de
236 1860 554 1898 instructionibus
579 1859 763 1906 judicare,
784 1869 881 1906 quas
909 1858 1080 1896 Ecclesiae
1102 1864 1275 1907 pastores
1298 1861 1346 1895 ad
1371 1870 1460 1895 con-

165 1915 413 1951 scientiarum
442 1922 622 1949 normam
653 1922 723 1960 pro
755 1922 825 1948 suo
858 1922 1016 1948 munere
1045 1912 1185 1957 edunt,
1216 1913 1310 1960 quin
1341 1912 1458 1949 etiam

106 1987 108 1989 -
165 1969 290 2014 potest
328 1966 374 2003 de
412 1965 630 2001 divinorum
669 1968 1002 2001 sacramentorum
1048 1965 1384 2001 administratione
1423 1968 1460 2000 et

165 2017 485 2065 dispositionibus
517 2017 566 2053 ad
597 2028 642 2053 ea
670 2017 914 2064 suscipienda
946 2018 1173 2053 necessariis
1208 2017 1411 2053 decernere
1440 2031 1456 2049 »

128 2076 133 2079 ⁸
170 2071 318 2117 (xliv).

215 2139 231 2157 ι
261 2124 414 2160 Laicum
442 2123 675 2159 Gubernium
705 2123 822 2159 habet
852 2123 916 2169 jus
951 2122 1169 2170 deponendi
1199 2123 1248 2159 ab
1280 2122 1459 2159 exercitio
1508 2127 1511 2128 ’

167 2177 372 2226 pastoralis
399 2176 601 2212 ministerii
631 2176 849 2223 episcopos,
878 2186 1001 2222 neque
1026 2180 1179 2212 tenetur
1206 2175 1361 2211 obedire
1390 2176 1462 2211 Ro-

126 2231 130 2235 ’
167 2240 282 2266 mano
309 2229 482 2265 Pontifici
505 2229 542 2264 in
564 2228 611 2264 iis
635 2239 722 2274 quae
748 2229 1014 2275 episcopatum
1041 2233 1078 2264 et
1104 2228 1376 2274 episcoporum
1402 2238 1461 2263 re-

168 2283 334 2330 spiciunt
353 2281 648 2318 institutionem.
673 2295 688 2314 ι
713 2280 797 2327 (LI).

216 2349 232 2368 ‹
255 2335 377 2381 Reges
398 2338 434 2370 et
458 2334 652 2379 Principes
672 2344 750 2370 non
773 2334 899 2371 solum
926 2333 974 2370 ab
1000 2333 1176 2369 Ecclesiae
1197 2332 1463 2379 jurisdictione
