1554 2569
168 148 231 177 Ἰἳῦ
266 153 325 178 JUS
339 154 500 180 NATURAE.
524 154 594 180 Lm.
609 163 632 179 ι.
651 154 727 179 CAP.
745 154 769 178 1.
783 154 825 178 DE
838 154 925 178 JURE
943 154 985 179 m·
999 154 1074 179 OFF.
1092 153 1295 179 GENERATm
1305 151 1448 176 suimus

165 224 345 271 jectivum
363 226 551 262 naturale.
567 226 645 262 Aut
665 225 881 272 adaequatio
902 225 968 262 illa
984 224 1172 272 dependet
1191 235 1236 260 ex
1252 223 1449 260 voluntate

166 277 489 323 contrahentium,
516 278 574 315 vel
595 279 778 314 statuitur
803 289 826 315 a
849 278 932 326 lege
965 278 1077 322 civili,
1097 281 1247 324 utputa
1282 275 1449 323 pretium

167 330 282 366 tritici
299 335 336 366 et
351 330 426 367 alia
445 331 610 375 similia;
633 336 669 366 et
688 332 725 366 in
747 330 996 367 hocsecundo
1017 341 1107 367 casu
1128 328 1366 375 habeturJus
1386 327 1447 363 ob-

169 383 346 429 jectivum
364 385 585 430 positivum.

114 481 115 484 Ἴ
212 436 271 473 VI.
289 437 432 473 Divisio
441 437 537 483 juris
552 437 765 483 subjective
782 438 944 482 accepti.
957 437 975 472 J
980 448 1022 472 us
1032 436 1239 482 subJ‘ective
1254 438 1451 481 sumptum

168 501 213 525 ex
231 489 373 536 duplici
404 491 527 537 capite
548 490 773 526 divisionem
795 491 925 535 sumit,
955 500 1092 536 nempe
1111 500 1156 525 ex
1184 492 1293 536 parte
1316 486 1450 534 princi-

169 542 221 589 pii
243 553 308 578 seu
331 542 437 590 legis,
457 553 479 579 a
497 553 573 589 qua
589 543 851 591 constituitur,
874 546 910 579 et
927 553 974 579 ex
992 546 1099 590 parte
1120 540 1259 588 objecti
1277 550 1343 576 seu
1357 537 1450 586 justi

169 594 216 631 ad
240 594 343 642 quod
366 596 618 631 terminatur:
647 598 704 631 est
730 596 832 631 enim
858 595 973 632 veluti
1009 594 1180 630 medium
1201 594 1301 629 inter
1331 601 1452 628 unum

169 652 205 683 et
226 647 342 683 aliud.
358 668 403 674 —-
423 648 476 683 Ex
498 652 605 695 parte
627 648 804 695 principii
825 658 890 684 seu
911 647 1005 695 legis
1017 646 1200 683 dividitur
1220 646 1258 681 in
1278 644 1452 682 naturale

169 705 206 736 et
237 701 458 747 positivum,
493 701 705 737 secundum
735 700 838 747 quod
857 711 879 737 a
896 700 978 748 lege
1011 699 1176 736 naturali
1204 702 1271 735 aut
1291 697 1454 746 positiva

169 754 364 797 statuitur,
381 753 550 800 aliasque
565 753 844 790 subdivisiones
862 753 964 789 subit
977 753 1090 800 juxta
1104 750 1388 787 subdivisiones
1404 749 1453 785 le·

171 816 275 853 gum.
292 826 337 832 -
352 806 405 841 Ex
426 810 533 853 parte
554 807 709 843 termini
735 817 801 843 seu
822 806 961 853 obJecti
982 805 1166 842 dividitur
1185 805 1223 840 in
1238 805 1302 851 Jus
1323 803 1365 839 in
1400 812 1454 846 re,

170 863 207 894 et
227 860 265 894 in
281 859 346 906 jus
365 859 417 895 ad
430 870 518 896 rem.
540 860 713 895 Primum
733 864 790 896 est
807 860 871 906 jus
891 858 995 906 quod
1021 859 1108 906 quis
1128 857 1243 894 habet
1264 857 1302 892 in
1317 867 1356 892 re
1377 865 1454 891 non

170 911 295 948 solum
316 923 385 948 sua
410 911 475 948 sed
497 912 629 948 habita
656 923 721 949 seu
739 922 932 960 possessa;
952 915 988 947 et
1004 914 1289 957 consequenter·
1303 908 1368 944 dat
1395 918 1455 944 ac-

165 965 544 1016 tionemfilegitimam
563 965 600 1000 in
618 965 742 1012 ipsam
759 975 848 1001 rem.
864 964 1034 1000 Alterum
1054 967 1183 999 autem
1202 966 1257 998 est
1273 962 1336 1009 jus
1354 960 1456 1008 quod

170 1018 255 1064 quis
275 1017 390 1053 habet
407 1022 449 1053 ut
466 1028 525 1053 res
545 1017 674 1064 aliqua
684 1018 751 1054 fiat
767 1028 848 1062 sua,
870 1017 1043 1064 quamvis
1059 1027 1143 1052 eam
1166 1015 1365 1051 actualiter
1379 1024 1457 1049 non

171 1070 310 1106 habeat
328 1081 336 1105 :
359 1069 460 1106 unde
481 1069 545 1106 dat
574 1071 765 1107 actionem
785 1081 861 1106 non
879 1071 918 1105 in
937 1080 1014 1106 rem
1034 1070 1156 1116 ipsam
1194 1067 1259 1104 sed
1277 1068 1316 1103 in
1331 1076 1457 1113 perso-

171 1133 273 1168 nam,
301 1133 323 1158 a
342 1133 418 1169 qua
442 1123 528 1169 jure
549 1123 669 1170 repeti
688 1127 814 1169 potest
837 1121 940 1169 quod
960 1132 1019 1157 res
1036 1122 1104 1157 siat
1125 1120 1240 1165 illius,
1271 1120 1380 1166 cujus
1400 1123 1458 1154 est

168 1177 232 1222 J'us
253 1175 301 1211 ad
324 1186 404 1211 rem
425 1175 542 1210 illam.

220 1229 295 1264 VIl.
323 1229 373 1264 De
386 1229 483 1274 juris
508 1228 814 1273 propriatatibus
829 1238 898 1263 seu
915 1227 1132 1263 attributis.
1146 1227 1165 1262 J
1170 1237 1213 1262 us
1230 1229 1360 1262 antem
1375 1224 1459 1260 sub·

172 1282 308 1328 jective
330 1285 546 1328 spectatum
581 1281 679 1316 sicut
699 1285 736 1316 et
771 1280 951 1327 quaelibet
981 1280 1056 1316 alia
1074 1290 1148 1323 reS,
1167 1289 1237 1315 sua
1257 1278 1371 1314 habet
1403 1280 1459 1313 at·

175 1334 331 1370 tributa.
351 1333 438 1369 Tria
463 1337 592 1369 autem
614 1333 676 1369 hic
695 1332 859 1369 breviter
875 1342 1129 1376 recensemus,
1164 1335 1202 1366 et
1229 1334 1318 1366 sunt
1359 1329 1457 1365 limi-

178 1385 450 1431 tatio,collisio
475 1390 512 1421 et
534 1385 681 1422 coactio
703 1395 711 1420 :
733 1384 916 1421 limitatio
933 1388 989 1420 est
1005 1384 1104 1431 J'uris
1124 1383 1354 1419 attributum
1372 1382 1461 1417 inse

177 1439 335 1486 spectati
354 1450 363 1483 3
385 1437 537 1474 collisio
554 1442 611 1473 est
629 1437 867 1484 :attributum
883 1437 983 1484 juris
1000 1437 1039 1472 in
1069 1435 1356 1482 comparatione
1374 1434 1462 1470 cum

175 1502 279 1538 Jure3
308 1491 454 1528 coactio
475 1494 530 1526 est
566 1491 796 1526 attributum
819 1500 1056 1536 consequens
1074 1488 1157 1536 jus,
1180 1489 1218 1524 in
1258 1487 1391 1524 ordine
1413 1486 1461 1524 ad

179 1544 294 1580 aliam
314 1553 517 1591 personam
546 1543 584 1578 in
605 1553 721 1590 quam
737 1543 802 1589 jus
828 1542 1002 1578 habetur.
1025 1542 1204 1577 Dicamus
1228 1540 1393 1576 breviter
1416 1539 1462 1575 de

179 1596 352 1643 singulis.

224 1650 527 1685 V111.1.imitatio
544 1649 654 1694 juris.
675 1649 741 1683 Jus
750 1647 957 1694 subJective
977 1646 1262 1683 consideratum
1275 1645 1465 1681 enascitur

180 1713 202 1738 a
221 1702 315 1750 lege,
338 1707 380 1737 ut
399 1713 516 1748 supra
535 1701 681 1737 dictum
698 1705 755 1736 est
774 1711 812 1735 n.
832 1700 896 1735 111.
919 1700 994 1736 Lex
1012 1704 1142 1735 autem
1163 1698 1338 1734 ordinem
1355 1698 1464 1744 ponit

181 1754 219 1791 in
236 1755 383 1791 actibus
397 1754 576 1790 humanis
591 1754 706 1801 juxta
724 1753 812 1788 finis
827 1753 1060 1800 exigentiam
1082 1751 1129 1787 ad
1150 1761 1265 1798 quem
1283 1755 1388 1786 actus
1407 1760 1464 1786 or·

183 1807 377 1843 dinantur.
398 1807 496 1854 Ergo
517 1806 688 1843 extensio
714 1806 863 1853 jurium
884 1816 930 1841 ex
950 1805 1025 1840 fine
1047 1805 1144 1851 ipso,
1167 1814 1282 1850 quem
1310 1803 1372 1838 lex
1391 1802 1465 1838 sibi

183 1860 377 1907 proponit,
412 1859 649 1896 desumenda
683 1863 765 1902 est;
794 1863 837 1894 ut
862 1858 1004 1894 scilicet
1019 1857 1084 1904 jus
1114 1857 1162 1892 sit
1198 1855 1465 1893 solummodo:

186 1916 221 1948 1⁰
246 1914 285 1948 in
316 1912 444 1948 media
475 1913 555 1948 sine
590 1912 729 1958 quibus
749 1911 837 1947 finis
874 1911 1038 1947 obtineri
1074 1920 1150 1946 non
1176 1912 1324 1957 potest;
1354 1909 1391 1944 2⁰
1426 1908 1465 1943 in

184 1965 308 2002 media
326 1965 430 2002 licita
461 1975 547 2012 quae
565 1965 613 2001 ad
629 1966 744 2000 finem
762 1964 856 2011 legis
886 1963 1045 2006 ducunt,
1065 1973 1143 1998 non
1164 1966 1295 1998 autern
1313 1962 1352 1997 in
1392 1960 1468 1996 alia

183 2028 270 2065 quae
309 2029 330 2054 a
361 2019 436 2054 fine
463 2022 660 2062 avertunt,
688 2021 724 2052 et
752 2027 838 2063 quae
873 2016 1000 2062 turpia
1034 2019 1148 2060 sunt;
1186 2016 1222 2050 3⁰
1242 2013 1404 2061 denique
1430 2014 1469 2049 in

184 2081 297 2107 omne
312 2071 349 2106 id
370 2071 417 2107 ad
444 2070 548 2117 quod
567 2070 687 2106 altera
720 2079 886 2117 persona
904 2066 1135 2104 servandum
1173 2067 1377 2114 obligatur.
1400 2066 1468 2102 Jus

183 2124 286 2160 enim
320 2128 356 2159 et
394 2123 565 2159 officium
590 2122 817 2159 correlativa
843 2125 946 2166 sunt,
982 2124 1020 2157 et
1040 2120 1228 2156 terminus
1255 2119 1372 2155 officii
1408 2122 1468 2155 est

185 2176 300 2212 etiam
322 2176 506 2210 terminus
523 2176 634 2221 juris.

229 2229 291 2265 IX.
309 2228 460 2264 surium
472 2229 634 2265 collisio.
650 2228 804 2264 Jurium
823 2226 972 2263 collisio
994 2229 1052 2262 est
1070 2235 1260 2272 apparens
1275 2224 1467 2273 oppositio

183 2281 280 2328 juris
296 2291 384 2317 cum
401 2281 501 2328 jure,
524 2281 577 2316 ita
597 2285 640 2316 ut
659 2280 776 2317 homo
799 2283 964 2326 nequeat
977 2288 1098 2314 unum
1119 2288 1283 2324 servare,
1304 2277 1398 2324 quin
1416 2276 1468 2313 al·

188 2339 312 2370 terum
332 2332 460 2369 laedat.
482 2333 566 2368 Dixi
594 2332 697 2380 quod
718 2331 941 2379 hujusmodi
963 2331 1153 2378 oppositio
1175 2334 1230 2367 est
1264 2339 1468 2377 appareas,

189 2397 265 2423 nou
285 2385 421 2423 realis:
444 2396 533 2423 nam
547 2385 611 2434 jus
632 2396 678 2423 ex
696 2385 778 2434 lege
799 2389 855 2422 est
871 2396 880 2432 3
898 2385 959 2422 lex
977 2388 1107 2422 autem
1124 2387 1180 2421 est
1200 2383 1392 2433 expressio
1409 2392 1467 2421 ve·
