1584 2569
312 141 395 167 ΛΒΤ.
417 141 497 166 vni.
525 141 568 166 DE
588 140 747 166 DIVERSIS
774 139 956 165 REGfflmis
982 138 1109 163 Fonms
1322 126 1387 162 261

104 222 189 248 cum
216 212 352 249 eodem
381 214 562 260 Angciico
593 217 674 258 iam
701 215 931 247 notavimus.
959 230 1005 237 —-
1030 211 1096 245 Est
1121 219 1210 256 ergo
1241 212 1389 244 certum

103 266 142 302 in
172 265 335 302 subditis
363 265 426 312 jus
455 265 658 302 resistendi
695 265 858 312 passive,
890 263 962 299 hoc
998 267 1055 299 est
1082 273 1157 298 non
1186 261 1391 297 obediendi

106 319 272 366 praefatis
292 319 439 365 legibus
461 319 685 366 tyrannicis.
711 318 827 364 Atqui
853 321 1051 364 tyrannus,
1075 317 1173 351 sicut
1201 318 1392 362 potestate

109 372 275 407 abutitur
301 371 528 418 legislativa,
552 372 604 407 ita
625 375 749 419 potest
777 371 885 406 abuti
918 373 1106 417 potestate
1135 368 1333 403 executiva
1354 371 1391 402 et

109 425 320 461 dolentiam
348 425 487 460 inferre
516 425 678 461 subditis
711 429 753 460 ut
788 423 997 471 tyrannicis
1032 422 1181 469 legibus
1218 423 1390 467 pareant.

103 477 201 525 Ergo
217 478 280 524 jus
302 479 429 525 ipsum
450 478 552 524 quod
568 478 604 513 in
625 489 713 514 casu
734 480 791 513 est
811 477 849 512 in
865 476 1027 512 subditis
1043 476 1195 522 passive
1211 485 1286 510 non
1307 474 1391 508 obe-

103 530 232 566 diendi
254 530 447 577 tyrannidi
466 532 667 578 potestatis
685 530 911 576 legistativae
925 529 990 565 dat
1008 529 1172 575 ipsisjns
1190 526 1393 563 resistendi

103 583 293 620 violentioe
320 585 523 632 potestatis
557 585 775 627 executivae‚
808 583 883 618 vim
911 583 946 618 vi
977 582 1213 628 repellendo,
1246 581 1284 616 in
1316 590 1393 626 quo

101 637 310 673 consistere
331 637 499 673 diximus
518 638 776 673 resistentiam
790 636 1044 682 defensivam:
1061 645 1169 670 secus
1188 633 1393 669 ridiculum

102 693 202 726 esset
216 689 280 736 jus
298 691 525 726 resistentia)
543 691 716 737 passivae,
738 691 768 725 si
787 700 863 725 non
884 693 1014 736 posset
1035 688 1151 723 active
1173 686 1325 722 defendi
1347 686 1394 720 ab

104 742 247 789 injusto
268 744 457 780 invasore.
485 743 567 786 Quo
596 744 633 778 in
658 754 749 779 casu
777 754 852 778 non
872 742 1064 777 resistitur
1085 740 1305 776 auctoritati
1328 739 1392 773 sed

106 796 310 841 violentiae,
332 796 497 857 nonjuri
519 796 696 842 sedjuris
719 796 870 840 abusui,
887 806 961 830 non
981 794 1142 842 principi
1164 792 1228 829 sed
1250 792 1393 839 injusto

104 850 323 896 aggressori
344 849 490 907 proprii
511 849 610 896 juris
632 850 670 884 in
692 854 779 885 actu
801 848 1073 896 aggressionis.

153 901 292 936 Verum
319 901 391 937 hac
416 902 452 936 in
482 912 521 937 re
548 901 723 937 ordinate
752 905 808 936 est
826 877 1139 948 tprocedendum.
1163 900 1258 934 Nam
1281 897 1394 944 juxta

106 965 151 990 ea
179 965 265 1000 quae
299 965 415 1000 supra
435 954 684 1000 probavimus
701 955 772 999 (49,
800 955 854 998 V),
872 954 1062 989 elementa
1084 952 1310 987 immediata
1332 962 1385 986 so·

104 1007 252 1043 cietatis
276 1007 392 1042 civilis
411 1011 500 1043 sunt
516 1018 593 1043 non
613 1007 825 1052 individua,
853 1017 928 1042 non
947 1006 1118 1050 familiae,
1141 1004 1208 1040 sed
1226 1004 1389 1040 munici-

103 1059 174 1105 pia
193 1059 250 1095 vel
266 1059 493 1106 provinc-ite,
507 1071 593 1107 quae
615 1064 702 1095 sunt
719 1060 922 1096 societates
934 1059 1110 1104 persectae
1131 1058 1287 1104 (quibus
1307 1067 1395 1092 con-

107 1116 322 1160 sequenter,
344 1113 416 1148 nisi
444 1112 529 1148 aliae
555 1114 710 1159 vigeant
730 1113 834 1160 leges
863 1110 1186 1153 fundamentales,
1214 1110 1395 1146 societate

106 1165 278 1213 legitimo
293 1166 463 1213 principe
478 1166 650 1211 viduata,
669 1166 852 1212 competit
868 1166 929 1211 jus
944 1164 1108 1212 eligendi
1130 1174 1271 1199 novum
1296 1163 1397 1210 prin-

106 1219 232 1266 cipem
251 1229 329 1254 non
349 1218 596 1254 multitudini
614 1229 680 1254 seu
700 1219 858 1265 populo)
877 1221 914 1253 et
933 1228 1018 1264 quae
1038 1221 1127 1253 sunt
1147 1217 1276 1252 media
1298 1217 1395 1251 inter

107 1274 339 1319 potestatem
365 1271 513 1307 civilem
543 1275 579 1307 et
605 1271 772 1307 familias
797 1270 939 1316 (ibid.).
972 1270 1029 1306 Ad
1053 1269 1280 1316 provincias
1306 1279 1395 1315 ergo

106 1324 164 1361 vel
183 1324 232 1360 ad
262 1324 492 1370 municipia,
521 1335 607 1372 quae
632 1334 762 1360 veram
789 1326 962 1371 respectu
990 1323 1229 1358 familiarum
1253 1322 1395 1357 hahent

105 1377 394 1421 auctoritatem,
414 1387 491 1412 non
515 1381 644 1413 autem
663 1376 711 1412 ad
735 1376 900 1412 familias
920 1376 978 1411 vel
999 1375 1208 1420 individua,
1232 1374 1393 1421 pertinet

106 1428 288 1466 adhibere
302 1430 560 1466 resistentiam
578 1429 813 1466 defensivam
832 1433 868 1464 et
886 1428 1081 1475 repellere,
1101 1428 1243 1463 viribus
1262 1427 1393 1470 unitis,

104 1482 258 1529 tyranni
278 1482 513 1518 violentiam.
543 1482 654 1525 Quod
675 1482 705 1517 si
726 1483 842 1518 etiam
863 1482 1068 1517 Provinciae
1095 1481 1151 1516 vel
1173 1480 1391 1527 Municipia,

104 1536 188 1571 loco
212 1535 438 1583 protegendi
464 1540 502 1572 et
530 1535 759 1572 defendendi
790 1535 980 1580 subditos,
1009 1536 1268 1570 instrumenta
1298 1534 1393 1569 fiunt

106 1587 321 1635 tyrannidis
335 1588 501 1632 socialis,
518 1588 699 1624 standum
721 1591 778 1623 est
795 1588 833 1623 in
852 1588 933 1624 sola
948 1588 1168 1623 resistentia
1189 1587 1339 1634 passiva
1358 1591 1394 1620 et

107 1641 371 1677 desistendum
390 1652 412 1677 a
432 1642 651 1678 resistentia
673 1642 878 1686 desensiva,
898 1652 974 1677 non
996 1641 1145 1676 defectu
1163 1641 1260 1686 juris
1282 1640 1394 1676 abso-

106 1693 191 1738 luti,
213 1694 280 1729 sed
295 1696 450 1741 propter
463 1694 732 1730 certitudinem
749 1694 907 1740 majoris
927 1693 1032 1729 mali.
1052 1695 1092 1728 In
1109 1693 1180 1729 hoe
1196 1704 1286 1740 ergo
1302 1703 1395 1727 casu

106 1746 376 1782 recurrendum
394 1746 511 1782 estad
525 1757 646 1792 regem
662 1747 829 1782 omnium
846 1747 1064 1790 Dominum,
1083 1746 1152 1792 qui
1170 1750 1222 1781 est
1239 1745 1397 1791 adjutor

108 1799 150 1833 in
169 1797 534 1843 opportunitatibus,
560 1799 601 1833 in
623 1799 883 1842 tribulatione,
906 1803 948 1834 ut
977 1808 1094 1845 supra
1115 1798 1282 1833 diximus
1308 1808 1396 1833 cum

109 1850 146 1888 S.
165 1851 328 1887 Thema
429 1849 474 1926 χ

266 1865 448 2023 s·
500 1951 755 1988 Aimcutus
798 1949 1006 1987 ocrAvus

223 1982 306 2067 Μ
314 1972 379 2073 §bix
721 2033 794 2078 (56)

109 2011 326 2188 ἑῇς
440 2115 493 2152 De
512 2115 675 2152 diversis
697 2115 898 2161 reyiminis
912 2114 1065 2160 formis.

156 2220 186 2257 1.
204 2160 347 2259 Divisio
368 2224 547 2268 generiea
563 2222 762 2268 regiminis
778 2221 943 2267 politici.
959 2219 1172 2258 Diversitas
1194 2219 1393 2266 regiminis

112 2272 268 2319 politici,
290 2285 368 2311 non
391 2286 414 2311 a
437 2276 590 2323 publica
610 2275 853 2318 auctoritate,
879 2284 965 2320 quae
989 2274 1102 2310 unica
1122 2277 1180 2309 est
1200 2278 1236 2308 et
1258 2272 1395 2309 eadem

111 2335 278 2373 semper,
299 2327 363 2364 sed
386 2338 409 2363 a
429 2328 609 2375 subjectis
628 2339 650 2364 a
670 2327 809 2374 quibus
830 2332 1027 2363 exercetur
1043 2327 1126 2373 ipsa
1142 2329 1313 2373 potestas
1333 2336 1397 2373 po-

111 2375 215 2415 litica
252 2378 479 2418 desumitur.
519 2381 613 2417 Hinc
645 2379 780 2416 divisio
818 2380 994 2426 generica
1028 2379 1163 2414 sormae
1195 2378 1396 2422 regiminis
