1584 2569
204 116 348 153 300108
368 126 527 152 NATURAE.
550 126 620 150 LIB.
648 125 687 152 11.
710 125 786 150 mr.
810 121 846 146 V.
873 121 916 146 ΒΕ
941 121 1070 147 MUTUIS
1089 121 1277 147 RELATXON.
1295 120 1397 148 INTER
1408 121 1486 147 mc,

199 199 387 243 nituntur,
407 197 506 234 cives
525 208 601 233 non
622 199 797 243 possunt,
820 193 870 227 ad
888 192 1075 229 hominem
1091 192 1356 229 ratiocinando
1370 193 1488 240 (Mi,

198 252 276 298 XI),
287 250 531 287 considerare
541 250 811 287 auctoritatem
823 252 865 285 ut
873 249 1009 296 seipsis
1024 249 1222 286 moraliter
1231 251 1484 298 superiorem,

200 309 238 342 et
262 304 366 351 leges
385 308 428 340 ut
447 305 524 340 vim
557 303 743 339 hahentes
767 302 927 338 moralis
951 302 1226 350 obligationis3
1253 303 1319 340 sed
1344 305 1485 340 rationi

201 356 428 393 individuali
457 356 661 403 imperanti
681 355 872 392 rationem
892 354 1167 392 individualem
1188 361 1399 403 opponunt.
1418 357 1479 394 Re-

202 414 332 447 manet
347 410 403 446 vis
414 409 625 445 materialis
640 418 725 456 quae
743 408 924 455 praevalet
938 408 976 444 in
991 408 1207 456 imperante
1220 420 1229 453 ;
1249 414 1289 445 at
1301 410 1355 446 vis
1369 414 1487 447 mate-

201 464 307 500 rialis
326 473 403 499 non
422 465 479 498 est
503 461 694 498 vinculum
715 461 852 498 sociale
873 461 1099 507 hominum3
1122 461 1258 499 deinde
1283 473 1350 510 per
1375 464 1484 500 mali-

201 517 295 552 tiam
318 515 444 559 vitari,
472 515 550 550 imo
582 518 620 550 et
646 514 818 560 superari
841 516 992 560 potest3
1017 518 1053 550 et
1086 514 1142 550 ita
1176 526 1244 562 per
1273 516 1349 552 vim
1377 516 1487 563 impii

203 580 246 605 ac
269 568 376 604 stulti
397 567 587 614 principes
615 566 829 613 majestate,
857 576 935 613 qua
954 569 1089 603 contra
1115 567 1235 603 Deum
1261 567 1484 613 abutuntur,

202 632 225 658 a
245 620 389 657 civibus
420 619 604 669 expoliari
633 621 806 667 possunt.
827 619 962 666 Sicque
983 620 1025 654 fit
1045 621 1086 655 ut
1106 620 1264 666 politica
1279 621 1484 657 auctoritas

201 679 337 710 contra
364 673 484 708 Deum
509 671 738 719 impiissime
759 672 975 719 insurgens,
999 671 1126 708 videat
1152 672 1328 709 subditos
1354 678 1487 711 contra

203 726 369 773 seipsam
390 725 646 771 insurgentes.

250 779 301 813 De
327 778 525 823 impietate
546 777 723 813 atheismi
743 777 887 825 politici
913 788 990 813 non
1009 777 1168 825 loquor:
1191 778 1275 825 ipsa
1298 780 1401 816 enim
1423 791 1487 828 per

203 842 242 867 se
266 834 384 877 patet.
408 831 445 866 Si
467 830 569 866 enim
590 831 754 878 impium
775 834 832 866 est
850 830 954 877 quod
971 830 1062 866 civis
1083 831 1160 866 Deo
1183 830 1345 879 deneget
1361 832 1488 870 officia

203 883 410 931 religionis,
435 883 711 930 impiissimum
737 887 794 919 est
821 883 861 918 in
887 883 963 919 illis
990 884 1055 931 qui
1083 884 1312 920 Societatem
1337 890 1474 933 regunt

205 939 301 972 Nam
335 937 406 983 ipsi
440 936 616 972 homines
654 939 758 981 sunt,
794 940 831 972 et
857 936 943 972 ideo
981 935 1029 971 ad
1061 936 1258 983 implenda
1283 948 1369 984 quae
1403 942 1490 975 sunt

205 990 373 1025 hominis
393 989 445 1024 ad
469 990 587 1024 Deum
609 992 811 1033 tenentur-3
840 989 1029 1036 principes
1060 993 1160 1032 sunt,
1188 992 1224 1025 et
1249 989 1335 1026 ideo
1360 1002 1489 1029 exem-

204 1043 266 1090 plo
296 1042 443 1077 virtutis
475 1045 512 1076 et
538 1041 733 1088 religionis
759 1040 940 1077 omnibus
966 1041 1127 1077 subditis
1154 1042 1292 1089 praeire
1319 1043 1458 1081 debent
1479 1058 1489 1091 ;

206 1095 254 1131 ad
274 1095 417 1130 bonum
437 1095 630 1130 societatis
645 1098 744 1135 sunt,
762 1097 798 1129 et
812 1093 898 1129 ideo
916 1094 1142 1140 reIIgionem
1162 1105 1240 1130 non
1258 1095 1489 1144 subvertere,

205 1159 282 1184 non
303 1147 545 1194 posthabere,
572 1147 638 1182 sed
665 1147 754 1182 totis
772 1146 916 1182 viribus
939 1146 1078 1182 debent
1099 1157 1336 1193 promovere,
1357 1152 1400 1185 ut
1424 1150 1491 1187 ho·

207 1200 331 1236 mines
352 1211 374 1235 a
394 1200 590 1242 societate,
612 1210 634 1234 a
654 1210 731 1246 qua
747 1199 810 1245 jus
839 1199 981 1235 habent
1002 1199 1276 1245 perfectionem
1303 1202 1490 1239 moralem
1513 1206 1517 1210 '

206 1252 420 1300 expetendi,
450 1252 725 1288 detrimentum
756 1262 832 1287 non
861 1252 1015 1298 capiant
1052 1253 1091 1288 in
1120 1252 1180 1288 his
1206 1264 1292 1300 quae
1324 1256 1490 1292 maxime

207 1305 478 1352 perfectionem
510 1305 730 1351 respiciunt,
781 1304 1007 1350 religionem
1053 1316 1190 1353 nempe
1236 1311 1273 1342 et
1308 1310 1491 1345 aeternam

207 1359 347 1395 animae
365 1358 543 1394 salutem.

546 1456 843 1493 AnrlcULus
882 1455 1155 1493 SECUNDUS

816 1537 890 1582 (65)

582 1615 637 1652 De
661 1615 833 1652 libertate
854 1616 1108 1654 conscientiae.

255 1719 284 1754 1.
306 1717 516 1753 Libertatis
542 1717 791 1753 conscientiae
811 1717 933 1753 notio.
962 1717 1110 1753 Passim
1134 1717 1248 1754 hodie
1271 1730 1404 1758 omnes
1428 1724 1494 1770 qui

208 1771 488 1807 liberalismum
509 1769 751 1815 profitentur,
774 1770 1034 1806 necessariam
1052 1771 1291 1817 proclamant
1307 1777 1497 1812 conscien-

209 1824 272 1859 tiae
292 1824 509 1859 libertatem
529 1833 537 1865 ;
557 1826 593 1858 et
612 1822 836 1858 liberalibus
866 1822 1114 1859 rationalistis
1131 1834 1208 1859 non
1234 1827 1346 1872 pauci
1367 1827 1438 1864 hac
1458 1830 1495 1864 in

210 1887 249 1912 re
280 1876 523 1911 consentiunt
551 1874 729 1910 catholici
761 1886 807 1910 ex
838 1875 983 1920 schola,
1020 1878 1062 1910 ut
1090 1877 1211 1921 aiunt,
1237 1877 1403 1925 liberali,
1430 1883 1494 1927 qui

212 1928 295 1964 ideo
321 1927 531 1964 catholicos
564 1927 742 1963 liberales
770 1938 809 1963 se
844 1927 988 1964 dicunt.
1024 1927 1096 1963 Sed
1129 1929 1223 1975 quid
1254 1935 1310 1966 est
1338 1931 1499 1969 libertas

210 1981 483 2017 conscientiae?
522 1981 753 2024 Generatim,
784 1980 896 2026 juxta
935 1980 1016 2026 ejus
1058 1987 1379 2030 propugnatores,
1422 1985 1499 2022 dici

211 2037 336 2081 potest
353 2034 522 2080 facultas
545 2033 742 2079 eoyitandi
770 2038 803 2069 et
824 2033 965 2080 agendi
991 2044 1075 2081 quoe
1093 2035 1217 2081 mayz‘s
1238 2035 1362 2073 iubent
1382 2039 1424 2074 in
1445 2039 1498 2075 iis

210 2097 294 2134 quoe
311 2086 431 2122 Deum
449 2091 483 2122 et
511 2086 734 2132 reliyionem
754 2085 979 2133 respiciunt.
1010 2087 1227 2128 Quaerimus
1247 2099 1338 2137 ergo
1366 2094 1494 2128 utrum

212 2140 328 2175 homo
352 2138 520 2185 gaudeat
548 2139 619 2174 hoc
641 2139 739 2186 jure,
770 2150 836 2175 seu
860 2139 931 2175 hac
957 2139 1133 2176 libertate
1160 2142 1427 2180 conscientiae:
1460 2150 1495 2180 et

212 2197 305 2229 nota
324 2192 441 2228 verba
462 2192 698 2238 quaestionis,
721 2202 812 2228 nam
833 2192 1044 2239 quaerimus
1060 2192 1219 2240 dejure.

258 2246 306 2282 11.
329 2246 595 2281 Praenotamen
617 2245 796 2290 primum.
818 2246 860 2280 In
878 2247 1117 2281 antecessum
1137 2248 1330 2292 praemitto
1351 2251 1496 2286 nemini

212 2297 427 2334 infidelium
456 2308 524 2344 per
547 2297 768 2333 violentiam
804 2297 950 2344 imponi
984 2307 1096 2344 posse
1123 2298 1247 2345 fidem,
1273 2311 1391 2347 quam
1415 2302 1494 2348 ipse

213 2350 341 2386 renuit
363 2349 578 2393 admittere,
609 2350 700 2398 quia
720 2349 866 2386 credere
894 2349 1101 2386 voluntatis
1121 2356 1185 2396 est,
1207 2356 1250 2387 ut
1270 2353 1322 2388 ait
1343 2353 1378 2389 S.
1400 2354 1496 2390 Tho-
