1554 2569
135 154 215 193 2113.
235 155 286 193 Vr.
308 155 352 192 131}
366 155 558 192 §fiixffiriisss
573 154 811 191 uoluminis
834 164 1055 191 nummimu
1078 165 1257 192 Acriomm
1333 159 1372 193 61

80 228 191 274 'vera.
210 238 326 274 Actus
345 248 423 273 non
444 241 534 273 sunt
555 237 715 273 humani
736 241 773 273 et
792 241 1075 284 consequenter
1095 238 1278 283 morales,
1302 240 1376 274 nisi

90 294 280 337 quatenus
301 301 323 326 a
340 290 536 326 voluntate
558 289 768 326 deliberata
787 290 1000 337 procedunt
1022 292 1070 336 (2,
1094 291 1137 335 1).
1159 291 1376 327 Voluntatis

43 344 46 348 ’
90 347 220 380 autem
239 343 429 379 motivum
448 347 508 378 est
531 341 717 389 objectum
743 353 765 378 a
784 353 859 389 quo
880 346 940 378 est
961 343 1183 379 substantia
1214 345 1376 380 actionis

90 395 262 440 moralis,
282 399 325 430 nt
344 394 490 431 dictum
511 399 584 439 est,
605 399 642 431 et
661 395 752 442 finis
773 395 838 442 qui
859 399 917 430 est
935 395 1230 432 circumstantia
1250 397 1373 443 ipsius

90 453 213 493 actus,
234 452 271 484 et
291 447 462 494 adquem
482 447 662 483 voluntas
672 447 823 483 ordinat
841 458 931 484 suas
953 449 1137 484 actiones.
1160 448 1259 496 Ergo
1276 450 1375 496 prin-

91 501 327 548 cipalissima
339 500 630 537 circumstantia
649 505 707 537 est
727 500 792 536 illa
803 510 889 547 quae
906 501 1061 548 attingit
1074 506 1202 537 actum
1215 513 1261 537 ex
1271 506 1377 549 parte

90 554 178 600 finis
203 554 412 600 operantis,
444 552 613 589 secunda
642 564 732 589 vero
766 558 824 588 est
856 552 922 589 illa
948 564 1035 601 quae
1068 555 1223 602 attingit
1252 556 1375 602 ipsam

92 606 351 642 substantiam
371 610 478 642 actus
499 605 537 641 in
569 607 686 642 finem
708 605 887 642 ordinati.
909 627 955 632 —
986 607 1276 654 Consequenter
1295 608 1378 643 aliae

91 659 391 696 circumstantiae
412 662 501 694 sunt
522 659 646 705 magis
664 658 723 694 vel
742 659 872 694 minus
900 659 1130 706 principales
1163 660 1375 696 secundum

91 711 194 759 quod
221 711 346 759 magis
389 710 447 746 vel
475 711 605 746 minus
636 711 681 746 ad
716 711 785 746 has
833 712 1157 758 appropinquant.
1192 733 1237 738 —-
1274 713 1374 748 Ibz'd.

91 765 206 801 Artic.
225 764 285 800 IV.

136 817 179 853 V.
207 817 340 853 Dubia.
364 816 496 858 Quoad
517 817 828 853 circumstantias
860 822 990 854 autem
1011 822 1216 854 moventur
1245 818 1376 864 dubia,

92 880 257 917 quorum
270 870 482 905 solutiones
496 869 655 905 maximi
676 871 864 905 momenti
881 871 1018 906 suntin
1031 871 1279 918 philosophia
1292 872 1376 918 {mo-

93 923 176 959 rali.
198 922 240 958 In
257 926 343 957 actu
355 921 526 957 humano
542 921 651 957 adest
672 922 866 968 obiectum
888 923 935 959 ad
956 923 1058 970 quod
1074 934 1120 959 ex
1142 934 1182 960 se
1202 925 1378 960 termina-

88 980 156 1021 ,tur
175 976 230 1021 (ut
248 974 339 1009 furti
359 973 552 1020 objectum
562 977 620 1010 est
640 985 701 1010 res
718 975 1056 1022 aliena),etexquo
1068 976 1314 1023 probavimus
1324 988 1378 1013 ac-

88 1024 177 1063 'tum
195 1026 409 1062 humanum
430 1026 610 1073 primitus
632 1026 834 1063 desumere
850 1028 1185 1064 suambonitatem
1200 1029 1260 1064 vel
1273 1030 1380 1065 mali·

88 1074 188 1115 'tiam
207 1078 394 1115 moralem
419 1089 428 1123 3
450 1078 592 1114 adsunt
612 1078 771 1126 insuper
799 1080 1115 1125 circumstantiae,
1149 1082 1250 1116 inter
1284 1092 1379 1128 quas

94 1132 299 1180 potissima
318 1136 377 1166 est
395 1131 484 1166 finis
507 1132 716 1178 operantis,
737 1132 802 1179 qui
823 1137 882 1168 est
902 1134 1091 1168 motivum
1111 1138 1147 1169 et
1168 1135 1254 1169 finis
1273 1139 1380 1170 actus

90 1185 289 1233 ¹interioris
309 1184 531 1219 voluntatis.
555 1184 749 1225 Quaeritur
768 1195 859 1232 ergo
877 1196 885 1220 :
911 1188 947 1221 1⁰
979 1190 1109 1221 utrum
1122 1190 1229 1222 actus
1250 1187 1382 1222 huma·

90 1234 168 1274 'nus
189 1237 239 1272 sit
260 1237 377 1272 etiam
400 1236 526 1272 bonus
547 1237 604 1272 vel
624 1237 750 1272 malus
775 1248 820 1273 ex
841 1238 1148 1281 circumstantia,
1167 1243 1214 1281 et,
1254 1241 1380 1286 posito

95 1289 198 1337 quod
217 1289 284 1333 sic,
306 1292 345 1324 20
379 1293 510 1324 utrum
532 1293 638 1324 actus
659 1289 852 1325 humanus
874 1290 1117 1336 specificetur
1133 1291 1250 1326 etiam
1272 1302 1293 1327 a
1313 1292 1379 1327 cir-

94 1342 330 1378 cumstantia
347 1341 414 1385 ita,
436 1347 478 1376 ut
498 1346 604 1377 actus
625 1352 670 1377 ex
691 1343 983 1378 circumstantia
996 1343 1136 1378 habeat
1152 1343 1383 1379 determina-

96 1400 175 1430 tam
196 1393 363 1441 speciem
384 1393 543 1429 malitioe
563 1398 600 1428 et
620 1394 817 1430 bonitatis.
840 1395 985 1436 Quibus
1007 1395 1135 1431 dubiis
1157 1396 1382 1443 singillatim

97 1451 140 1482 ut
160 1445 476 1493 respondeamus,
500 1447 551 1482 sit
571 1447 697 1493 prima
717 1448 930 1494 propositio
949 1458 957 1482 :

141 1499 202 1536 VI.
212 1498 322 1535 Actio
329 1499 497 1534 humana
513 1502 574 1535 est
584 1499 702 1535 etiam
709 1499 808 1536 bona
816 1500 879 1535 vel
893 1502 994 1536 mala
1002 1510 1048 1536 ex
1063 1502 1381 1538 circumstantiis.

95 1552 284 1588 Probatur
303 1552 516 1598 propositio
537 1562 583 1586 ex
604 1551 740 1587 eodem
761 1553 947 1599 principio
957 1555 1210 1600 assumptoin
1223 1565 1383 1590 numero

96 1605 235 1651 primo.
256 1603 452 1639 Videlicet.
473 1604 635 1639 Debono
651 1608 688 1640 et
705 1603 751 1640 de
761 1605 862 1640 malo
881 1606 919 1640 in
941 1606 1382 1652 actionibusjudicamus

97 1658 196 1693 sicut
217 1656 262 1692 de
283 1656 454 1692 bonitate
476 1661 512 1692 et
545 1657 694 1692 malitia
725 1668 868 1703 rerum,
891 1657 963 1694 hoc
1000 1663 1058 1694 est
1080 1669 1125 1694 ex
1146 1659 1383 1705 plenitudine

92 1709 248 1758 essendi
269 1709 398 1745 debita
416 1709 476 1745 vel
496 1709 579 1755 ejus
600 1709 763 1746 defectu.
792 1711 906 1757 Atqui
928 1711 966 1746 in
991 1712 1106 1747 rebus
1126 1712 1383 1755 naturalibus,

94 1762 269 1810 ¹quamvis
286 1762 411 1808 prima
430 1766 467 1797 et
483 1762 662 1809 specifica
681 1762 863 1809 persectio
879 1764 934 1798 rei
955 1764 1179 1800 attendatur
1199 1775 1245 1800 ex
1263 1765 1386 1800 forma

97 1813 353 1858 substantiali,
384 1818 514 1850 tamen
544 1818 625 1850 tota
657 1815 856 1861 plenitudo
893 1816 1140 1862 perfectionis
1171 1817 1209 1852 in
1242 1828 1281 1852 re
1303 1818 1386 1864 ipsa

100 1877 174 1902 non
195 1870 253 1901 est
273 1876 318 1901 ex
338 1866 423 1912 ipsa
442 1866 579 1910 forma,
602 1866 668 1901 sed
700 1868 867 1902 multum
900 1868 1174 1914 superadditur
1192 1880 1238 1904 ex
1259 1881 1387 1916 super-

93 1918 337 1963 ⁴¹venientibus
370 1917 653 1962 accidentibus;
689 1919 785 1954 sicut
825 1920 862 1954 in
887 1920 1044 1956 homine
1084 1932 1130 1956 ex
1162 1922 1300 1968 figura,
1341 1933 1383 1958 ex

94 1967 236 2014 colore,
258 1970 421 2016 aliisque
441 1969 683 2016 hujusmodi,
715 1981 880 2017 quorum
901 1972 932 2006 si
953 1972 1109 2018 aliquod
1132 1972 1232 2008 desit
1254 1973 1301 2009 ad
1322 1973 1383 2010 de-

99 2027 247 2059 centem
268 2021 550 2067 habitudinem,
565 2024 814 2070 consequitur
833 2025 979 2059 malum
1002 2025 1104 2071 quod
1114 2030 1172 2061 est
1191 2026 1387 2073 imperfec-

101 2076 167 2111 tio.
190 2075 288 2122 Ergo
307 2079 344 2110 et
365 2074 468 2110 idem
505 2074 710 2111 dicendum
745 2081 803 2111 est
822 2076 867 2111 de
900 2077 1116 2113 actionibus
1146 2080 1382 2127 moralibus,

99 2138 261 2174 quarum
284 2127 429 2162 scilicet
444 2127 642 2174 plenitudo
665 2128 818 2164 essendi
835 2139 901 2164 seu
914 2129 1098 2165 bonitatis
1113 2141 1190 2166 non
1205 2136 1287 2167 tota
1301 2143 1381 2168 con-

99 2180 337 2215 sistitinsua
355 2181 494 2226 specie,
517 2191 605 2227 quae
620 2185 678 2216 est
700 2191 746 2216 ex
768 2181 931 2227 obJ'ectO,
954 2182 1021 2218 sed
1043 2183 1187 2229 aliquid
1202 2184 1380 2220 bonitatis

99 2232 255 2268 additur
275 2243 319 2267 ex
350 2231 424 2277 his,
459 2243 544 2279 quae
576 2234 793 2269 actionibus
819 2235 914 2280 ipsis
950 2234 1168 2280 adveniunt,
1203 2241 1381 2284 tanquam

103 2295 236 2320 earum
258 2284 483 2330 accidentia,
505 2291 542 2321 et
568 2297 654 2332 quae
675 2286 985 2323 circumstantias
1008 2287 1190 2324 diximus.
1213 2289 1325 2336 Ergo,
1341 2301 1381 2326 ex

99 2338 293 2384 opposito,
318 2338 348 2372 si
371 2337 515 2383 aliquid
550 2338 662 2383 desit,
698 2338 800 2385 quod
821 2340 1039 2386 requiratur
1068 2340 1114 2375 ad
1137 2341 1286 2378 debitas
1319 2343 1381 2379 cir-

99 2389 368 2434 cumstantias,
388 2390 459 2426 erit
477 2391 574 2426 actio
595 2391 698 2426 mala
717 2392 926 2428 moraliter.
948 2412 993 2418 ——
1011 2392 1111 2428 Ibid.
1132 2394 1211 2428 Art.
1234 2394 1280 2430 Π.

137 2466 278 2492 Ζισιυιι.
294 2465 408 2491 sumnia
427 2464 632 2500 philosophica.
650 2467 681 2493 Τ.
701 2468 750 2495 111.
1211 2468 1227 2493 5
