1584 2569
428 109 506 134 mr.
535 109 589 134 111.
615 107 659 134 oz
683 106 883 134 romsrna
907 106 1177 132 nccmsmmci
1377 96 1441 132 29¹

160 179 316 217 omnino
334 190 450 227 supra
467 180 592 226 ipsam
614 190 622 214 :
642 179 783 215 etenim
803 178 923 214 civiliS
938 180 1108 226 potestas
1127 177 1228 213 circa
1249 177 1349 213 bona
1374 180 1441 213 ter.

158 242 250 269 rena
276 231 499 269 immediate
528 234 719 277 versatur,
747 234 784 268 et
812 231 963 268 etiamsi
996 231 1103 275 velit,
1131 240 1207 266 non
1243 234 1368 277 potest
1396 230 1443 265 ad

157 289 342 321 aeternam
360 284 639 322 beatitudinem
659 284 879 332 perducere,
898 294 983 331 quae
1004 294 1071 332 per
1091 283 1257 331 gratiam
1278 283 1445 318 divinam

157 338 363 374 obtinetur.
385 338 508 386 Igitur
532 342 569 373 et
595 338 804 374 auctoritas
831 348 897 374 seu
923 339 1092 381 potestas
1119 335 1375 372 ecclesiastica
1397 335 1445 372 ad

157 390 231 427 hoc
244 391 423 427 instituta
437 393 479 426 ut
496 390 642 435 fideles,
657 401 703 426 ex
718 390 858 438 quibus
872 389 1039 426 Ecclesia
1053 388 1246 432 coalescit,
1262 388 1446 435 perducat

158 442 207 479 ad
229 443 345 479 finem
374 442 482 479 illum
506 443 854 491 supernaturalem,
878 446 934 479 est
959 446 1098 478 natura
1117 452 1187 477 sua
1207 441 1365 477 omnino
1390 440 1446 475 in-

158 495 378 544 dependens
401 506 424 532 a
443 499 631 543 potestate
651 495 763 532 civili.
788 516 833 522 ——-
860 495 966 532 Adde
994 494 1098 542 quod
1123 494 1261 530 Christi
1282 493 1448 529 Ecclesia

158 553 215 585 est
232 549 393 585 societas
410 548 591 597 perfecta.
610 548 785 585 Potestas
803 548 919 595 igitur
937 548 1019 594 ejus
1036 547 1204 594 perfecta
1223 557 1302 583 esse
1319 545 1445 582 debet.

158 601 230 638 Sed
257 604 426 648 potestas
453 601 618 649 perfecta
647 600 984 649 independentiam
1012 600 1128 648 exigit
1149 600 1188 636 in
1210 597 1446 647 disponendo

159 655 203 691 de
221 655 358 691 mediis
374 654 423 691 ad
440 655 661 690 societatem
679 654 718 690 in
736 654 934 701 proprium
951 654 1065 690 finem
1089 652 1385 700 perducendam.
1401 672 1447 678 ——

157 706 262 744 Unde
300 707 471 743 Christus
515 717 741 743 ascensurus
776 707 815 743 in
852 707 989 743 coelum
1027 706 1216 743 solemnia
1253 705 1334 741 haec
1370 705 1448 740 suis

157 760 349 807 Apostolis
373 759 532 807 protulit
557 770 564 795 :
588 773 602 791 ‹
632 760 727 795 Data
752 762 810 795 est
835 758 931 795 mihi
955 759 1080 795 omnis
1101 763 1271 806 potestas
1295 759 1334 794 in
1354 757 1446 794 coelo

158 817 195 848 et
213 813 250 848 in
268 816 383 848 terra.
403 813 543 849 Euntes
561 822 651 858 ergo
670 812 801 848 docete
817 823 950 848 omnes
965 816 1109 859 gentes,
1126 811 1363 858 baptizantes
1382 821 1448 846 eos

156 865 194 900 in
220 865 376 901 nomine
401 865 540 909 Patris,
565 869 601 901 et
628 864 724 909 Filii,
747 869 785 900 et
810 865 973 912 Spiritus
996 865 1122 901 Sancti
1146 875 1154 900 :
1179 866 1356 901 docentes
1382 873 1447 899 eos

157 928 308 954 servare
329 917 460 954 omnia
480 928 732 965 quaecumque
758 917 939 954 mandavi
961 917 1068 953 vobis
1090 928 1099 953 :
1127 921 1164 953 et
1185 927 1270 953 ecce
1295 927 1366 963 ego
1386 927 1449 951 vo-

156 970 306 1006 biscum
341 981 426 1007 sum
448 970 629 1006 omnibus
654 969 809 1015 diebus,
847 981 968 1018 usque
998 970 1047 1007 ad
1072 971 1447 1007 consummationem

157 1023 298 1060 saeculi.
320 1037 336 1056 ι
358 1024 498 1059 Mum.
520 1023 675 1067 XXVIII,
699 1024 741 1059 18
761 1026 798 1059 et
822 1033 928 1070 seqq.
955 1044 1001 1050 —
1021 1024 1121 1059 Nota
1144 1023 1260 1059 verba
1279 1022 1417 1058 Christi
1438 1033 1447 1058 ε

157 1075 326 1122 loquitur
346 1075 392 1111 de
414 1086 485 1111 sua
507 1079 711 1123 potestate,
732 1076 793 1112 cui
820 1076 945 1112 omnis
966 1081 1135 1122 potestas
1157 1079 1310 1112 terrena
1335 1075 1448 1121 subji.

159 1128 268 1173 citur,
292 1128 461 1175 loquitur
485 1128 658 1164 absolute
682 1139 758 1164 non
784 1128 1062 1172 conditi0nate‚
1090 1129 1260 1176 loquitur
1285 1127 1449 1174 denique

158 1181 382 1228 imperative
402 1190 410 1215 ε
432 1180 575 1216 Euntes
596 1181 718 1217 docete
730 1193 743 1224 ;
759 1183 796 1216 et
814 1181 951 1227 triplex
971 1181 1140 1218 officium
1155 1181 1321 1228 injungit
1334 1182 1450 1226 Apos-

159 1233 260 1278 tolis,
281 1232 354 1269 hoc
379 1238 435 1269 est
456 1233 692 1280 prIncipibus
715 1233 903 1278 Ecclesioe,
935 1238 971 1270 et
994 1234 1186 1282 praeprue
1214 1234 1357 1270 Vicari0
1378 1243 1448 1268 suo

159 1288 270 1323 Petro
291 1296 299 1322 :
322 1287 360 1321 1⁰
381 1285 550 1322 officium
572 1286 733 1322 docendi
756 1297 888 1323 omnes
907 1291 1038 1333 gentes
1058 1287 1097 1322 in
1118 1286 1214 1331 fide;
1235 1306 1280 1313 -
1305 1288 1344 1322 2⁰
1370 1285 1447 1321 offi-

159 1339 261 1374 cium
280 1338 499 1385 baptizandi
515 1338 713 1374 credentes
727 1350 737 1384 ;
752 1358 799 1366 —
821 1341 859 1375 3⁰
887 1340 1055 1376 officium
1072 1339 1304 1375 Informandi
1320 1338 1448 1386 quoad

159 1401 300 1438 moreS,
323 1392 491 1428 docentes
516 1401 667 1427 servare
692 1391 834 1437 omnia,
857 1402 1097 1439 quoecumque
1122 1391 1305 1428 mandavi
1328 1390 1445 1427 vobis.

163 1443 296 1480 Officia
315 1448 446 1481 autem
471 1447 561 1480 sunt
574 1442 726 1490 juribus
746 1444 918 1485 relativa.
940 1446 1039 1492 Ergo
1059 1444 1091 1481 si
1112 1444 1339 1481 auctoritate
1366 1454 1447 1488 sua,

162 1496 440 1544 independente
461 1507 484 1534 a
502 1507 746 1545 quocumque
762 1497 862 1534 civili
883 1498 1114 1546 principatu,
1136 1498 1307 1534 Christus
1328 1498 1450 1544 impo-

161 1550 238 1586 suit
258 1549 384 1586 ofticia
403 1550 551 1586 Vlcario
572 1560 655 1595 suo,
678 1551 748 1587 iste
768 1551 919 1587 nonnisi
936 1562 959 1588 a
981 1551 1128 1588 Christo
1151 1552 1190 1587 in
1208 1551 1376 1588 Ecclesia
1394 1561 1450 1587 re-

162 1602 286 1650 genda
299 1602 501 1649 dependet,
519 1605 556 1638 et
568 1603 632 1650 jus
646 1602 764 1640 habet
782 1614 828 1640 ne
843 1603 920 1640 ulla
934 1603 1053 1641 civilis
1073 1604 1282 1642 auctoritas
1298 1613 1387 1639 eum
1402 1603 1451 1640 ab

161 1655 408 1702 adimplendo
435 1655 562 1692 officio
584 1666 653 1691 suo
681 1658 747 1692 aut
770 1655 960 1693 deterreat
982 1659 1050 1694 aut
1074 1656 1209 1706 quovis
1235 1656 1351 1694 modo
1379 1656 1451 1695 im-

161 1708 306 1754 pediat.

207 1761 273 1797 111,
302 1761 523 1797 Corollaria.
547 1760 806 1797 Corollarium
824 1762 1006 1808 primum.
1034 1762 1133 1809 Ergo
1154 1762 1322 1799 Ecclesia
1339 1771 1451 1798 suam

163 1815 394 1860 potestatem
410 1812 492 1859 J'ure
510 1823 580 1849 suo
598 1812 841 1848 strictissimo
859 1812 1064 1851 extendere
1080 1818 1204 1861 potest
1223 1817 1259 1850 et
1279 1814 1389 1850 debet
1404 1814 1450 1850 ad

164 1875 297 1902 omnes
317 1864 492 1901 homines
513 1865 579 1912 qui
600 1869 689 1901 sunt
707 1865 789 1912 eJus
809 1865 998 1911 membra,
1021 1866 1322 1914 independenter
1341 1877 1365 1907 8,
1385 1876 1449 1905 so-

163 1919 300 1955 cietate
320 1918 422 1953 civili
441 1917 489 1954 ad
507 1928 624 1964 quam
646 1917 822 1954 homines
843 1918 1001 1956 civiliter
1022 1920 1228 1966 pertinent.

210 1971 468 2008 Corollarium
487 1971 661 2008 alterum.
679 1973 744 2008 Est
762 1971 879 2019 igitur
898 1982 1006 2009 error
1025 1983 1181 2020 prorsus
1200 1971 1452 2010 intolerabihs

161 2024 260 2061 inter
278 2024 384 2071 regia
404 2024 496 2072 J'ura
520 2034 717 2061 recensere
742 2023 966 2062 facultatem
986 2025 1211 2072 subjiciendi
1232 2026 1336 2073 regio
1356 2026 1452 2063 Exe-

161 2080 315 2124 quatur,
337 2087 404 2113 seu
429 2077 534 2124 regio
560 2077 690 2114 Placet
712 2077 836 2114 bullas
862 2081 898 2114 et
926 2078 1054 2115 brevia
1079 2078 1309 2116 Pontificum
1335 2082 1452 2125 atque

162 2133 247 2165 acta
269 2139 522 2177 quaecumque
543 2129 593 2166 ad
618 2129 793 2168 Ecclesiae
813 2130 986 2178 regimen
1006 2131 1249 2178 pertinentIa.
1271 2152 1317 2158 —-
1334 2131 1451 2167 Placi-

162 2186 266 2228 tum,
289 2182 401 2230 juxta
426 2183 507 2229 ejus
538 2182 779 2220 defensorem
806 2184 1043 2231 Van-Espen‚
1067 2188 1125 2220 est
1145 2184 1315 2230 facultas
1339 2194 1452 2230 quam

163 2234 288 2271 civilis
304 2236 516 2273 auctoritas
530 2236 748 2282 impertitur
765 2235 880 2273 bullis
897 2247 942 2273 ac
961 2235 1131 2274 brevibus
1147 2237 1348 2285 Pontificis
1365 2241 1452 2273 cete-

163 2286 290 2335 risque
302 2287 475 2325 omnibus
491 2287 738 2325 auctoritatis
755 2289 1019 2327 ecclesiasticae
1039 2289 1151 2333 actis,
1168 2295 1209 2325 ut
1225 2293 1301 2326 vim
1320 2286 1361 2325 in
1380 2298 1451 2326 sua

165 2339 309 2377 ditione
320 2340 494 2378 habeant.
509 2341 679 2379 HineJus
688 2341 910 2390 placitiest,
918 2342 1031 2389 juxta
1040 2342 1220 2380 eumdem
1229 2343 1451 2389 Auctorem,
