1554 2569
284 115 365 139 ART.
388 114 427 138 11.
450 114 493 138 DE
512 113 659 139 ACTIBUS
683 112 868 138 fflrERA'ris
891 113 913 137 A
939 112 1150 138 VOLUNTATE
1334 111 1378 143 7ζᾶ

98 186 205 231 XXX,
237 186 328 233 quia
352 190 389 221 et
416 185 549 221 bestiae
575 185 704 232 aliqua
733 184 952 231 cognitione
987 194 1064 220 non
1100 189 1243 220 carent.
1274 185 1370 234 Atqu

99 237 321 287 imperfecta
343 241 400 274 est
422 238 461 273 in
484 238 615 273 bestiis
637 237 819 284 cognitio,
846 237 1014 284 perfecta
1036 241 1165 273 autem
1194 238 1231 272 in
1262 238 1387 277 nobis,

99 292 166 338 qui
198 291 244 327 ad
274 291 525 327 universalem
552 290 742 326 rationem
774 290 861 325 finis
881 293 918 325 et
949 289 1040 325 boni
1067 300 1134 336 per
1151 289 1386 326 intellectum

99 344 348 391 assurgimus.
371 343 469 391 Ergo
483 343 606 378 brutis
629 342 890 378 animantibus
910 343 1084 378 convenit
1101 342 1230 378 fruitio
1258 352 1388 379 secun-

100 396 193 432 dum
213 397 402 432 rationem
424 395 708 443 imperfectam3
731 395 909 430 rationali
931 398 1061 430 autem
1079 395 1306 431 substantia}
1335 407 1383 431 se·

99 448 271 485 cundum
291 448 498 496 perfectam
515 447 718 484 rationem.

149 501 219 536 Vix
246 505 375 537 autem
407 511 557 537 necesse
588 505 645 536 est
676 499 815 536 addere
856 499 959 547 quod
984 500 1113 535 fruitio
1147 501 1300 547 proprie
1333 504 1384 536 est

100 554 148 590 de
167 554 305 589 ultimo
326 554 414 589 fine.
437 554 581 589 Fruitio
617 554 719 589 enim
755 556 811 589 est
837 553 944 599 quies
963 553 1191 597 voluntatis3
1215 557 1253 588 at
1282 553 1386 599 quies

102 606 265 652 perfecte
293 616 371 641 non
397 610 453 641 est
481 606 554 641 nisi
589 606 628 641 in
668 605 906 652 possessione
933 605 1059 640 ultimi
1090 605 1197 649 finis,
1236 606 1300 652 qui
1335 610 1387 641 est

103 659 246 694 bonum
273 658 509 705 completum
540 662 577 693 et
609 658 796 694 terminus
827 658 1050 694 voluntatis.
1081 657 1134 692 Ex
1168 668 1244 704 quo
1272 658 1388 694 etiam

102 711 350 757 consequitur
379 710 482 756 quod
513 710 686 757 quamvis
715 710 844 757 aliqua
869 710 1093 758 imperfecta
1110 709 1240 745 fruitio
1271 711 1388 757 possit

104 763 235 798 haberi
267 764 382 798 etiam
411 763 456 798 de
489 764 564 799 fine
584 763 721 799 ultimo
751 763 793 798 in
825 764 1050 808 incentione3
1074 762 1241 810 perfecta
1262 767 1388 799 tamen

104 815 233 850 fruitio
266 816 304 850 in
340 816 470 851 animo
498 827 577 852 esse
607 827 683 852 non
715 820 841 863 potest
868 817 940 851 nisi
972 817 1009 851 in
1034 816 1126 851 reali
1154 817 1391 862 possessione

104 867 221 913 ipsius
247 867 373 901 ultimi
401 868 501 902 finis.
530 888 574 892 —
602 867 638 902 S.
664 868 732 903 Th.
761 868 840 912 I-II,
863 868 933 913 Qu,
964 868 1067 913 XV13
1092 867 1128 903 S.
1150 868 1310 916 August.
1338 868 1393 904 De

105 919 290 956 Doctrina
302 919 540 955 Christiana.
564 919 644 955 Lib.
666 919 694 964 1,
715 920 805 966 Cap.
829 920 892 954 111.

483 1043 736 1079 ARTICULUS
771 1043 1005 1079 SECUNDUS

711 1125 783 1168 ti7)

385 1205 440 1240 De
467 1205 616 1241 actibus
637 1206 835 1251 imperatis
861 1217 886 1241 a
913 1207 1116 1242 voluntate.

152 1287 180 1323 Ι.
199 1286 293 1331 Quid
308 1287 360 1322 sit
374 1288 476 1322 actio
496 1287 698 1332 imperata.
720 1287 825 1322 Aetio
849 1288 1036 1334 imperata
1052 1289 1097 1323 ab
1115 1287 1244 1334 aliqua
1263 1292 1395 1335 poten-

110 1340 161 1375 tia
179 1340 252 1384 (Ps.
276 1340 333 1384 47,
352 1339 415 1383 Ill)
438 1339 503 1374 illa
517 1339 669 1384 dicitur,
686 1340 794 1386 cujus
814 1341 987 1387 potentia
1007 1345 1063 1376 est
1080 1340 1233 1387 quidem
1257 1342 1396 1388 princi-

108 1393 215 1440 pium
247 1391 312 1428 sed
343 1402 419 1427 non
451 1391 691 1439 subJ'ectum3
721 1392 819 1427 sicut
851 1392 1030 1428 dominus
1056 1394 1221 1439 imperat
1240 1393 1397 1439 quidem

109 1455 216 1480 servo
241 1444 424 1489 actiones,
447 1453 534 1491 quae
553 1448 642 1480 sunt
663 1443 810 1480 domini
833 1445 930 1481 sicut
954 1446 1134 1493 principii
1157 1446 1395 1493 imperantis,

109 1497 174 1532 sed
218 1501 307 1532 sunt
345 1497 440 1532 servi
481 1496 580 1533 sicut
617 1497 795 1544 principii
822 1497 1008 1534 elicientis
1028 1502 1064 1533 et
1081 1498 1256 1544 subjecti.
1277 1499 1398 1546 Igitur

109 1549 207 1585 actio
227 1560 249 1585 a
267 1550 465 1585 voluntate
491 1550 679 1596 imperata
699 1554 755 1585 est
772 1550 838 1586 illa
857 1551 965 1597 cujus
986 1550 1218 1598 principium
1240 1562 1397 1587 movens

109 1606 166 1638 est
190 1602 368 1637 voluntas
398 1602 462 1638 sed
499 1602 731 1649 principium
766 1603 974 1638 elicitivum
1004 1607 1041 1638 et
1067 1604 1283 1650 subjeetum
1310 1608 1399 1639 sunt

108 1654 291 1701 potentiae
311 1657 428 1690 motae
455 1658 492 1690 et
524 1654 739 1701 applicatae,
768 1654 895 1701 quoad
918 1655 1143 1691 exercitium
1162 1665 1184 1690 a
1202 1655 1399 1692 voluntate

109 1717 206 1754 ipsa.

157 1760 204 1795 11.
227 1760 393 1804 Quaestio
415 1760 460 1796 de
471 1760 632 1804 imperio
644 1760 685 1795 in
699 1760 851 1796 actibus
865 1762 1143 1806 potentiarum.
1163 1759 1235 1796 Sed
1251 1760 1313 1796 hic
1329 1766 1402 1797 sta-

111 1812 181 1846 tim
202 1812 365 1847 occurrit
379 1811 585 1847 difficultas
606 1813 763 1847 omnino
783 1813 965 1848 solvenda
979 1817 1186 1859 antequam
1209 1812 1256 1848 ad
1278 1818 1402 1849 cetera

112 1863 342 1899 declaranda
361 1864 462 1900 circa
487 1867 594 1899 actus
615 1864 824 1910 imperatos
855 1876 876 1900 a
903 1865 1100 1901 voluntate
1130 1865 1399 1911 procedamus.

112 1916 324 1962 Loquimur
349 1915 395 1951 de
422 1916 571 1952 actibus
591 1926 613 1951 a
638 1915 836 1952 voluntate
858 1917 1081 1963 imperatis3
1107 1928 1197 1964 ergo
1225 1917 1402 1952 videmur

113 1979 326 2015 supponere
348 1968 452 2014 quod
474 1969 682 2015 imperium
703 1969 751 2004 sit
771 1973 878 2004 actus
903 1969 1126 2013 voluntatis,
1154 1970 1242 2004 cum
1273 1974 1401 2005 tamen

113 2032 193 2056 esse
221 2025 351 2056 actum
379 2021 539 2057 rationis
571 2021 706 2057 doceat
735 2021 772 2057 S.
800 2021 966 2057 Thomas
997 2025 1034 2056 et
1061 2023 1320 2058 communiter
1349 2027 1402 2058 te-

113 2077 229 2109 neant
262 2072 451 2109 doctiores
488 2073 711 2120 scriptores.
749 2094 791 2099 —
828 2074 1052 2121 Respondeo
1073 2075 1196 2110 verbis
1231 2074 1415 2121 ejusdemj

116 2125 152 2162 S.
177 2125 349 2160 Doctoris
371 2126 449 2161 1-11.
476 2126 545 2166 Qu.
572 2126 680 2169 XVII,
701 2126 818 2161 Artic.
846 2127 859 2161 Ι
884 2137 891 2161 :
914 2127 1107 2172 Imperare
1132 2132 1184 2163 est
1215 2132 1321 2163 actus
1342 2139 1403 2162 ra-

115 2178 233 2214 tionis
246 2179 530 2224 prcesupposz'to
553 2184 675 2214 tamen
695 2184 782 2214 actu
805 2179 1026 2215 voluntatis.
1048 2179 1103 2214 Λᾶ
1124 2181 1233 2226 cujus
1257 2180 1404 2216 eviden-

116 2231 210 2266 tiam
229 2231 553 2267 considerandum
569 2236 638 2277 est,
656 2232 759 2277 quod
779 2232 825 2268 ad
845 2233 995 2280 imperii
1018 2233 1208 2267 rationem
1227 2234 1301 2268 tria
1316 2243 1404 2269 con-

116 2287 296 2319 currunt:
319 2284 516 2320 ordinatio
543 2285 704 2331 alicujus
725 2284 772 2320 ad
793 2285 952 2331 aliquid,
983 2286 1178 2320 intimatio
1207 2289 1242 2319 et
1274 2287 1402 2322 mocio.

116 2334 288 2383 Exempli
310 2338 445 2384 gratia,
464 2337 688 2385 proeeipitur
707 2348 716 2371 .·
746 2337 878 2385 Dilz‘ye
895 2338 1034 2383 Deum;
1057 2339 1095 2373 in
1118 2337 1189 2373 hoo
1211 2342 1403 2386 praecepto
