1554 2569
121 110 203 135 aar.
222 110 258 135 v.
277 111 320 136 121:
339 111 387 135 ns
401 110 480 141 011AE
498 111 534 136 1⁸
552 110 806 137 verminium
818 111 994 137 mnrium
1009 110 1054 136 ΕΚ
1067 110 1179 136 mara
1193 110 1350 136 vonum.
1363 102 1402 135 91

121 180 236 227 [sicut
255 180 294 216 in
313 181 557 228 speculativis
578 183 707 229 opinio
731 182 782 225 (L.
805 183 863 226 40,
885 182 981 226 VIII)
1006 193 1045 216 se
1071 181 1188 217 habet
1210 181 1257 217 ad
1276 191 1407 217 verum

122 237 160 269 et
175 233 344 280 salsum]‚
366 233 432 270 sed
452 244 604 281 semper
630 235 677 270 ad
695 235 840 270 bonum
858 246 866 279 ;
886 235 938 270 ita
959 234 1060 281 quod
1086 234 1202 270 horno
1229 244 1346 281 agens
1363 244 1408 269 ex

122 285 262 321 virtute
284 296 436 333 semper
454 286 550 322 bene
579 288 671 334 agit.
698 308 743 313 —
780 287 919 323 Vitium
938 298 1025 323 vero
1047 297 1133 322 cum
1160 297 1204 321 ex
1233 287 1408 333 opposito

122 348 161 373 se
175 337 315 374 haheat
327 338 375 374 ad
388 339 583 384 virtutem,
595 344 655 376 est
669 340 823 376 habitus
842 351 906 376 seu
923 339 1128 385 dispositio
1141 339 1256 386 firma
1276 339 1409 374 mentis

122 401 197 437 qua
217 391 314 427 male
329 391 486 437 vivitur,
505 397 538 428 et
557 403 631 439 qua
648 393 778 428 nullus
797 392 882 428 bene
901 394 1037 428 utitur.

169 443 212 478 V.
225 443 446 480 Corollaria.
466 465 511 471 —
523 445 781 482 Corollarium
793 446 972 492 primum.
986 445 1080 481 Hinc
1097 444 1343 480 manifestum
1357 449 1411 480 est

124 494 241 541 quod,
268 506 356 532 cum
386 497 541 533 habitus
571 497 776 545 disponant
803 499 927 546 ipsam
959 497 1197 534 voluntatem
1227 497 1276 533 ad
1302 508 1413 544 agen-

124 548 231 592 dum,
256 559 325 595 per
349 560 387 585 se
414 560 491 586 non
511 551 635 586 solum
662 562 739 587 non
771 551 974 586 destruunt
993 555 1059 586 aut
1086 551 1266 586 minuunt
1283 551 1412 586 volun-

127 600 280 645 tarium,
302 601 366 636 sed
394 602 472 637 imo
499 608 653 649 augent.
679 603 723 638 Et
750 608 1028 649 consequenter
1050 607 1157 638 actus
1181 602 1342 637 humani
1369 612 1413 637 ex

125 652 320 688 habitibus
358 654 607 701 procedentes
648 660 737 691 sunt
770 667 839 703 per
871 666 910 692 se
942 656 1066 702 magis
1103 654 1311 692 culpabiles
1351 659 1415 689 aut

123 703 349 744 laudabiles,

174 758 433 796 Corollarz‘um
451 760 626 797 alterum.
643 761 728 796 Dixi
742 772 815 807 per
839 772 877 796 se
896 772 903 797 :
927 762 1017 807 quia
1037 772 1066 796 si
1094 771 1160 807 per
1178 760 1416 796 voluntatem

127 811 280 847 habitus
301 812 505 849 efficaciter
526 814 765 861 reprobetur,
784 813 954 850 accidere
972 818 1097 861 potest
1118 813 1220 859 quod
1242 817 1349 848 actus
1371 823 1415 847 ex

126 863 260 900 habitu
286 866 510 911 proveniens
542 866 803 913 culpabilitate
832 870 973 902 careat.
996 865 1044 901 Ut
1073 866 1103 901 si
1130 867 1215 912 quis
1239 865 1416 901 habitum

127 916 376 964 blasphemia„²
394 917 600 954 efficaciter
624 919 815 965 reprobet,
835 923 872 955 et
896 923 1025 954 tamen
1050 919 1250 965 inopinato
1277 923 1314 954 et
1337 919 1416 953 sine

126 969 362 1006 advertentia
381 981 427 1006 ex
443 969 578 1006 habitu
599 976 712 1007 antea
731 976 928 1007 contracto
943 971 1198 1018 blasphemet,
1221 975 1328 1006 aetus
1346 971 1416 1005 iste

126 1026 301 1058 censetur
326 1023 363 1058 in
393 1022 466 1059 hac
493 1024 626 1060 stricta
651 1023 857 1071 hypothesi
883 1024 1176 1067 involuntarIus,
1199 1024 1295 1059 sicut
1329 1028 1417 1057 sunt

127 1075 374 1112 involuntarii
400 1077 439 1112 in
467 1077 600 1113 eadem
628 1077 832 1125 hypothesi
853 1080 960 1113 actus
977 1077 1015 1112 in
1038 1076 1254 1112 dormiente
1284 1086 1416 1122 prove-

128 1129 274 1165 nientes
294 1140 340 1165 ex
360 1128 556 1165 habitibus
575 1131 780 1166 contractis
797 1134 835 1166 et
851 1130 1078 1177 reprobatis.

173 1182 234 1218 VI.
248 1182 429 1218 Generica
445 1183 583 1219 divisio
599 1184 774 1219 virtutis.
793 1182 921 1218 Virtus
939 1182 1110 1218 humana
1133 1181 1343 1229 generatim
1367 1180 1421 1216 di-

131 1233 324 1270 viditurin
336 1235 515 1271 moralem
536 1240 572 1271 et
588 1235 964 1272 intellectualemAEst
979 1235 1082 1270 enim
1100 1235 1221 1270 virtus
1234 1234 1418 1277 humana,

128 1292 170 1322 ut
191 1287 336 1323 dictum
360 1291 430 1332 est,
446 1287 600 1323 habitus
620 1288 820 1335 perficiens
842 1287 1040 1323 hominem
1061 1286 1109 1321 ad
1137 1287 1232 1322 bene
1261 1297 1421 1332 operan-

129 1339 234 1376 dum.
266 1339 307 1375 In
337 1338 494 1376 homine
529 1344 658 1376 autem
691 1341 924 1388 principium
964 1338 1148 1386 operandi
1176 1338 1319 1385 duplex
1350 1344 1419 1380 est,

129 1392 270 1428 scilicet
293 1392 502 1428 intellectus
524 1393 601 1428 sive
624 1393 727 1428 ratio
747 1398 784 1429 et
810 1392 1012 1439 appetitus.
1038 1392 1137 1438 Ergo
1159 1391 1284 1426 omnis
1302 1391 1420 1426 virtus

129 1445 300 1481 humana
325 1449 381 1481 est
406 1445 612 1492 perfectIva
629 1445 687 1481 vel
709 1445 875 1481 rationis
895 1444 953 1480 vel
978 1444 1183 1490 appetitus.
1208 1443 1246 1479 Si
1273 1444 1321 1479 sit
1339 1454 1425 1491 per-v

128 1498 264 1534 fectiVa
282 1497 498 1534 intellectus
521 1498 599 1534 sive
619 1498 842 1546 speculativi
861 1498 937 1533 sive
964 1497 1121 1544 practici
1144 1497 1217 1541 (Ps.
1240 1498 1297 1540 29,
1321 1496 1415 1535 VIII)

128 1551 176 1587 ad
196 1549 341 1587 honum
362 1550 530 1588 hominis
549 1555 692 1597 actum,
714 1554 848 1598 utpote
871 1549 919 1586 ad
939 1554 1039 1586 recte
1059 1548 1328 1596 judicandum,
1348 1550 1418 1584 erit

131 1605 249 1640 virtus
289 1604 557 1640 intellectualis
588 1616 597 1650 3
645 1604 675 1640 si
705 1608 835 1640 autem
864 1603 913 1639 sit
958 1602 1164 1650 perfectiva
1198 1602 1418 1648 appetitivae

129 1657 262 1704 partis,
290 1661 424 1704 utpote
451 1657 499 1693 ad
528 1661 629 1693 recte
658 1656 891 1704 eligendum,
924 1656 997 1691 erit
1024 1655 1144 1690 virtus
1177 1654 1346 1690 moralis.
1375 1674 1419 1678 —

131 1709 209 1747 1-11.
238 1709 307 1751 Qu.
334 1709 460 1754 LVIII,
489 1710 604 1745 Artic.
639 1709 685 1744 ΙΙ.
716 1729 761 1735 -
795 1708 890 1744 Hinc
915 1712 1016 1743 recte
1042 1707 1155 1742 insert
1189 1706 1224 1742 S.
1254 1706 1418 1741 Thomas

131 1761 182 1797 ib.
212 1762 328 1798 Artic.
350 1762 410 1807 IV,
441 1761 545 1809 quod
571 1763 691 1798 virtus
719 1761 878 1797 moralis
898 1764 1024 1807 potest
1050 1758 1207 1805 quidem
1229 1769 1309 1794 esse
1338 1758 1419 1793 sine

131 1813 362 1860 quibusdam
388 1814 710 1850 intellectualibus
736 1812 942 1848 virtutibus
973 1812 1072 1848 sicut
1099 1811 1179 1846 sine
1211 1809 1417 1856 sapientia,

132 1867 293 1903 scientia
315 1870 352 1902 et
371 1871 464 1910 arce,
487 1876 564 1901 non
584 1870 713 1902 autem
734 1865 814 1900 sine
841 1864 1031 1900 intellectu
1051 1867 1088 1899 et
1105 1862 1325 1909 prudentia.
1347 1861 1418 1896 Mo-

132 1919 222 1956 ralis
242 1919 345 1955 enim
362 1919 482 1954 virtus
500 1922 557 1953 est
573 1919 672 1953 circa
691 1917 930 1953 electionem.
949 1916 1091 1951 Electio
1112 1920 1241 1950 autem
1262 1919 1304 1949 ut
1321 1914 1420 1950 hona

131 1972 330 2008 moraliter
351 1972 412 2016 sit¹
431 1970 545 2007 debet
561 1981 640 2007 esse
660 1974 763 2006 recta
790 1974 871 2004 tum
892 1967 1019 2015 quoad
1045 1968 1156 2014 finem
1177 1968 1317 2002 rationi
1335 1977 1419 2002 con-

135 2025 364 2069 venientem,
383 2023 485 2071 quod
515 2034 596 2060 esse
622 2034 700 2059 non
730 2026 855 2070 potest
883 2022 964 2057 sine
986 2020 1175 2056 intellectu
1202 2025 1301 2055 recte
1318 2019 1418 2066 judi-

133 2081 243 2114 cante
265 2088 275 2123 ;
297 2081 379 2113 tum
397 2075 525 2124 quoad
547 2076 672 2112 media
693 2075 870 2111 ordinata
886 2073 934 2110 ad
958 2074 1088 2118 finem,
1106 2072 1209 2119 quod
1229 2073 1309 2108 sine
1327 2083 1420 2118 pru-

134 2130 265 2166 dentia
284 2140 364 2166 esse
381 2140 458 2165 non
476 2134 613 2177 potest.

182 2181 262 2219 vn.
279 2182 461 2219 Generica
478 2182 616 2218 divisio
626 2181 788 2217 virtutis
803 2180 972 2216 moralis.
987 2180 1032 2214 Et
1046 2179 1184 2214 virtute
1202 2177 1339 2213 morali
1356 2176 1418 2212 ho-

137 2245 201 2271 mo
218 2234 419 2271 ordinatur
432 2234 480 2270 ad
498 2234 761 2281 operationem
778 2232 977 2268 moraliter
990 2232 1145 2275 bonam,
1164 2240 1250 2275 quae
1267 2234 1325 2265 est
1340 2229 1420 2276 ejus

137 2286 306 2324 effectus.
323 2287 396 2323 Sed
410 2288 581 2334 operatio
596 2287 679 2333 ipsa
695 2284 929 2322 considerari
944 2289 1069 2332 potest
1088 2289 1127 2319 ut
1146 2282 1306 2318 materia
1322 2281 1419 2317 circ.·⁴

136 2347 254 2385 mum
272 2340 394 2377 virtus
408 2339 494 2389 ipsa
512 2339 669 2376 moralis
693 2342 877 2379 versatur,
898 2342 937 2375 et
957 2348 1003 2373 ex
1023 2336 1097 2373 hoo
1115 2336 1240 2383 capite
1262 2334 1419 2371 virtutes
