1584 2569
360 131 439 156 Aur.
463 131 484 155 1.
506 130 548 155 DE
567 128 758 155 sociatur:
777 129 968 155 numerosis
985 131 1023 155 m
1044 131 1179 157 ennena
1338 127 1404 160 ‘283

114 202 293 238 virtutem
325 203 372 237 ad
410 202 630 238 ulteriorem
662 201 776 237 finem
813 201 1025 245 ordinatur,
1060 204 1125 249 qui
1160 204 1336 241 consistit
1368 208 1404 242 in

114 255 295 290 fruitione
327 255 468 299 diviua,
498 256 648 300 oportet
680 254 860 290 eumdem
890 256 1005 290 finem
1037 266 1118 292 esse
1147 257 1403 295 multitudinis

114 308 307 351 humanm,
329 308 393 354 qui
416 311 472 343 est
492 306 658 343 hominis
688 307 815 343 unius.
842 308 923 343 Non
953 312 1010 343 est
1030 319 1121 355 ergo
1142 310 1299 346 ultimus
1321 312 1404 348 linis

114 360 371 396 multitudinis
414 364 659 407 congregatae
693 361 816 396 vivere
855 361 1067 397 secundum
1105 362 1299 407 virtutem,
1341 365 1404 400 sed

115 425 183 461 per
220 413 433 449 virtuosam
472 414 591 449 vitam
628 414 822 460 pervenire
868 413 915 449 ad
958 414 1179 451 fruitionem
1224 416 1403 454 divinam.

116 467 153 503 Si
184 466 340 513 quidem
374 470 503 502 autem
533 466 581 501 ad
618 466 719 501 hunc
749 468 863 502 tinem
894 469 1081 514 perveniri
1107 472 1236 514 posset
1268 470 1406 508 virtute

114 519 295 556 humanae
323 522 485 563 naturae,
509 530 662 554 necesse
687 523 786 555 esset
816 524 857 554 ut
883 520 931 555 ad
959 521 1126 556 officium
1154 523 1256 568 regis
1286 525 1406 571 perti-

116 577 224 609 neret
262 572 425 619 dirigere
462 572 637 607 homines
673 573 712 607 in
747 572 849 608 hunc
881 573 1010 610 finem.
1052 576 1157 610 Hunc
1193 576 1295 611 enim
1335 577 1405 612 dici

115 636 244 673 regem
265 626 531 671 supponimus,
554 625 612 660 cui
635 636 788 661 summa
809 626 1007 672 regiminis
1030 628 1066 662 in
1088 628 1199 664 rebus
1225 629 1406 667 humanis

115 678 382 715 committitur.
402 697 446 703 —
463 678 583 713 Tanto
606 682 736 713 autem
755 682 811 714 est
831 679 1001 726 regimen
1021 680 1238 726 sublimius,
1260 687 1411 729 quanto-

117 731 165 768 ad
191 731 306 767 finem
329 730 549 766 ulteriorem
573 730 787 766 ordinatur.
818 732 975 778 Semper
1001 733 1103 768 enim
1134 734 1324 771 invenitur
1344 736 1405 771 ille

117 784 166 821 ed
194 794 309 830 quem
334 784 495 829 pertinet
525 784 685 818 ultimus
721 784 822 828 finis,
859 784 1050 831 imperare
1085 787 1331 833 operantibus
1363 799 1406 825 ea

116 847 203 884 quae
232 836 279 872 ad
315 837 431 872 finem
462 836 642 871 ultimum
681 837 895 873 ordinatur.
946 838 1049 873 Sicut
1087 839 1323 885 gubernator
1358 841 1406 877 ad

117 900 232 938 quem
270 889 434 935 pertinet
474 889 759 935 navigationem
802 889 1024 936 disponere,
1063 891 1226 938 imperat
1270 893 1302 929 ei
1341 895 1405 940 qui

116 952 253 980 navem
281 942 492 986 constituit,
521 941 673 987 qualem
704 952 839 978 navem
866 943 1101 988 navigationi
1129 949 1261 990 aptam
1285 946 1406 982 facere

117 995 271 1038 debeat;
294 994 412 1030 civilis
434 997 563 1030 autem
581 995 646 1040 qui
667 995 788 1030 utitur
809 995 939 1039 armis,
962 996 1126 1042 imperat
1146 997 1256 1033 fabro
1278 999 1407 1044 qualia

118 1058 226 1085 arma
248 1047 419 1083 fabricet.
445 1046 516 1082 Sed
538 1048 629 1092 quia
650 1047 764 1082 finem
786 1047 977 1084 fruitionis
1005 1049 1144 1085 divinae
1170 1061 1247 1086 non
1274 1062 1406 1087 eonse-

117 1100 248 1148 quitur
277 1099 394 1135 homo
424 1109 492 1145 per
523 1100 702 1134 virtutem
733 1099 961 1145 humanam,
994 1101 1058 1137 sed
1089 1103 1227 1137 virtute
1256 1102 1402 1148 divina,

114 1154 227 1200 juxta
242 1151 334 1187 illud
354 1152 516 1187 Roman.
539 1153 596 1194 VI,
615 1151 751 1187 Gratia
768 1153 841 1188 Dei
855 1154 933 1188 vita
951 1158 1112 1199 oeterna;
1128 1156 1334 1201 perducere
1358 1157 1406 1192 ad

117 1207 227 1242 illum
245 1205 360 1240 finem
374 1215 448 1240 non
468 1204 628 1240 humani
650 1206 733 1248 erit,
757 1205 822 1240 sed
844 1205 961 1241 divini
988 1208 1200 1252 regiminis.
1222 1209 1278 1244 Ad
1297 1209 1405 1245 illum

118 1260 235 1306 igitur
253 1268 383 1304 regem
400 1257 621 1303 hujusmodi
635 1258 806 1301 regimen
825 1258 1001 1305 pertinet,
1025 1261 1090 1305 qui
1111 1271 1187 1297 non
1203 1266 1260 1297 est
1281 1263 1407 1298 solum

117 1312 235 1347 homo
257 1310 323 1346 sed
341 1310 457 1346 etiam
476 1311 588 1353 Deus,
612 1311 752 1345 scilicet
777 1311 824 1346 ad
852 1311 1058 1348 Dominum
1083 1317 1260 1349 nostrum
1280 1316 1407 1351 Jesum

118 1365 326 1407 Christum,
354 1362 417 1409 qui
446 1363 621 1398 homines
648 1363 744 1398 filios
775 1363 839 1399 Dei
866 1364 1021 1408 faciens,
1047 1365 1085 1401 in
1108 1366 1300 1403 coelestem
1331 1368 1408 1414 glo-

118 1419 217 1453 riam
242 1415 469 1452 introduxit.
499 1417 576 1450 Hoc
608 1415 727 1461 igitur
754 1420 810 1451 est
836 1417 1007 1463 regimen
1035 1418 1068 1453 ei
1092 1419 1278 1455 traditum
1304 1420 1407 1466 quod

119 1481 196 1507 non
214 1472 480 1514 corrumpetur
497 1471 673 1516 :propter
687 1468 790 1514 quod
812 1480 887 1504 non
906 1470 1030 1506 solum
1050 1471 1243 1516 sacerdos,
1259 1473 1325 1508 sed
1342 1485 1406 1509 rex

119 1524 158 1559 in
179 1521 381 1567 Scripturis
398 1521 521 1556 Sacris
543 1521 779 1565 nominatur,
802 1522 949 1557 dicente
969 1523 1134 1559 Jeremia
1150 1525 1263 1559 XXIII
1286 1535 1294 1560 ε
1317 1526 1407 1572 Res]-

118 1574 229 1612 nabit
259 1584 326 1610 rex
355 1578 388 1610 et
412 1575 566 1619 sapiens
591 1574 664 1609 eric
691 1585 703 1609 .·
733 1574 834 1610 unde
856 1574 902 1609 ab
929 1585 973 1611 eo
1001 1576 1128 1623 regale
1150 1578 1406 1614 sacerdotium

119 1628 324 1664 derivatur.
353 1627 396 1661 Et
422 1626 523 1673 quod
556 1629 612 1662 est
640 1626 817 1673 amplius,
847 1637 980 1663 omnes
1008 1628 1145 1664 Christi
1172 1630 1314 1674 fideles,
1349 1632 1407 1666 iu-

120 1685 308 1727 quantum
336 1681 425 1714 sunt
450 1680 625 1715 membra
652 1679 750 1725 ejus,
779 1689 886 1726 reges
913 1683 948 1715 et
975 1681 1192 1717 sacerdotes
1217 1682 1406 1719 dicuntur.

121 1734 240 1780 Hujus
253 1743 343 1779 ergo
361 1732 469 1777 regni
489 1732 759 1773 ministerium,
780 1736 822 1766 ut
842 1742 864 1767 a
880 1733 1039 1768 terrenis
1052 1738 1178 1769 essent
1194 1736 1409 1781 spiritualia

122 1786 315 1829 distincta,
331 1794 408 1820 non
429 1785 590 1820 terrenis
606 1784 776 1830 regibus,
796 1785 862 1820 sed
878 1785 1142 1821 sacerdotibus
1159 1790 1215 1822 est
1232 1789 1409 1824 commis-

122 1850 222 1882 sum,
244 1841 279 1874 et
299 1837 490 1884 praecipue
517 1848 669 1872 summo
697 1837 886 1872 sacerdoti
917 1839 1125 1875 successori
1151 1840 1249 1875 Petri
1270 1841 1407 1877 Christi

121 1891 268 1928 Vicario
288 1892 460 1926 Romano
488 1890 672 1934 Pontifici,
695 1890 754 1925 cui
776 1900 909 1926 omnes
925 1900 1033 1936 reges
1057 1892 1187 1938 populi
1206 1892 1408 1930 christiani

123 1946 273 1990 oportet
296 1953 375 1978 esse
407 1941 593 1986 subditos,
629 1942 726 1978 sicut
756 1942 826 1988 ipsi
853 1941 1013 1978 Domino
1047 1944 1132 1979 ,lesu
1160 1944 1321 1980 Christo.
1352 1946 1405 1982 Sic

122 1998 226 2033 enim
245 1997 279 2032 ei
297 1995 345 2032 ad
363 2005 478 2042 quem
496 1995 583 2030 finis
603 1995 728 2030 ultimi
745 2005 836 2030 cura
852 1995 1028 2041 pertinet,
1051 1995 1161 2032 subdi
1183 1997 1321 2033 debent
1342 1999 1406 2043 illi,

122 2050 171 2086 ad
191 2059 289 2096 quos
307 2047 472 2095 pertinet
490 2058 582 2084 cura
602 2048 907 2084 antecedentium
931 2047 1065 2084 finium
1086 2052 1123 2085 et
1149 2049 1227 2095 ejus
1247 2050 1408 2097 imperio

122 2102 248 2150 dirigi.
270 2122 315 2128 —
334 2101 431 2144 Quia
457 2101 574 2148 igitur
593 2100 850 2136 sacerdotium
876 2100 1088 2148 gentilium,
1117 2106 1154 2137 et
1183 2105 1284 2138 totus
1312 2104 1407 2139 divi-

123 2166 262 2193 norum
290 2154 414 2191 cultus
441 2158 522 2190 erat
555 2158 710 2201 propter
736 2154 965 2199 temporalia
997 2154 1097 2190 bona
1130 2156 1406 2202 conquirenda,

125 2219 211 2256 quae
238 2208 368 2244 omnia
396 2206 624 2243 ordinantur
652 2206 701 2242 ad
727 2206 986 2242 multitudinis
1019 2207 1163 2243 bonum
1189 2218 1407 2254 commune,

123 2261 231 2307 cujus
250 2260 328 2307 regi
349 2270 439 2296 cura
464 2259 663 2303 incumbit,
685 2259 950 2295 convenienter
973 2259 1188 2295 sacerdotes
1209 2261 1408 2307 gentilium

123 2313 280 2359 regibus
304 2311 580 2349 subdebantur.
606 2312 678 2348 Sed
699 2316 735 2347 et
761 2313 852 2357 quia
878 2312 913 2347 in
940 2313 1057 2347 veteri
1088 2313 1182 2359 Lege
1213 2314 1408 2359 promitte-

125 2366 266 2403 bantur
280 2365 383 2402 bona
411 2369 562 2401 terrena
584 2374 662 2401 non
682 2375 704 2401 a
724 2364 964 2400 daemonibus
984 2364 1051 2400 sed
1071 2375 1094 2401 a
1115 2366 1193 2400 Deo
1215 2376 1301 2402 vero
1323 2366 1408 2403 reli—
