1584 2569
193 119 261 153 200
298 127 359 154 sos
383 127 544 153 mrum.
572 127 643 154 mn.
675 128 713 152 11.
743 128 818 153 car.
846 128 872 153 1.
900 126 944 152 ne
976 125 1167 152 soom-run
1191 125 1382 151 DOMESTICA

194 199 366 235 trimonii
388 203 671 236 sacramentum
692 209 768 234 non
793 202 850 234 est
872 198 944 233 nisi
965 197 1057 244 quid
1078 197 1291 233 contractui
1311 207 1476 233 accesso-

193 252 294 287 rium
323 252 370 287 ab
404 262 525 298 eoque
557 250 782 298 separabile,
809 251 1013 297 ipsumque
1038 253 1320 286 sacramentum
1344 250 1383 285 in
1399 260 1477 285 una

196 309 345 340 tantum
365 304 528 352 nuptiali
551 303 817 340 benedictione
844 303 961 338 situm
985 307 1041 338 est
1063 316 1094 338 ›.
1125 323 1170 328 -—
1193 302 1274 338 Non
1302 313 1362 337 me
1384 302 1477 338 latet

195 357 381 403 quosdam
406 357 506 393 inter
527 356 774 393 scholasticos
801 356 994 400 Doctores,
1025 355 1248 391 sustinuisse
1274 355 1478 402 separatio-

196 420 281 445 nem
300 414 519 446 contractus
539 421 561 445 a
580 413 835 453 sacramento,
857 409 911 444 ita
932 412 974 443 ut
990 407 1217 444 admiserint
1234 418 1344 455 posse
1361 408 1476 443 etiam

195 464 293 498 inter
304 462 434 498 fideles
449 462 530 498 dari
549 462 843 498 matrimonium
858 460 1029 497 validum
1044 461 1082 497 in
1098 461 1247 497 ratione
1261 464 1478 497 contractus

193 520 231 550 et
256 526 334 551 non
361 516 400 550 in
426 516 574 551 ratione
599 515 841 551 sacramenti.
873 513 944 550 Sed
974 513 1027 558 hi,
1056 514 1267 561 praesertim
1293 518 1379 561 post
1405 513 1478 549 for-

196 567 313 603 males
341 567 545 603 Catholicae
574 567 749 603 Ecclesiae
782 566 1070 611 declarationes,
1102 570 1168 602 aut
1196 566 1359 613 benigne
1390 569 1480 601 sunt

194 619 424 666 exponendi,
441 624 507 655 aut
523 619 778 665 relinquendi.
794 640 838 644 ——
854 619 1042 654 Hactenus
1059 618 1105 654 de
1121 619 1331 665 quaestione
1348 622 1480 654 nostra

195 671 381 707 catholice
402 682 489 707 curn
510 672 730 717 catholicis3
757 682 858 708 nunc
878 671 924 707 de
951 670 1085 707 eadem
1105 682 1193 707 cum
1215 671 1479 716 rationalistiS,

196 728 365 770 spectato
383 724 632 760 matrimonio
650 725 778 771 prouti
795 729 851 760 est
872 724 910 760 in
932 723 1102 759 officium
1123 727 1284 759 naturae.

241 777 318 812 VII.
334 777 538 813 Vinculum
549 778 835 813 matrimoniale
847 778 959 813 nulla
971 777 1123 813 ratione
1138 777 1343 822 subjicitur
1355 779 1481 821 potes-

194 830 272 866 tati
297 830 417 865 civili.
448 830 552 865 Pono
579 830 774 866 vinculum
800 830 1099 874 matrimoniale,
1126 829 1174 865 ad
1200 829 1480 877 designandum

197 883 498 929 propositionem
532 882 821 930 intelligendam
853 894 933 918 esse
971 882 1160 919 exclusive
1194 881 1239 918 de
1276 882 1481 918 intrinseca

198 940 335 971 natura
348 936 602 980 matrimonii,
618 946 695 971 non
709 946 796 972 vero
811 935 856 972 de
871 935 1068 971 effectibus
1081 935 1322 979 civilibus‚ut
1335 934 1480 970 dictum

197 993 253 1023 cst
274 989 312 1023 in
339 989 451 1024 tertio
479 989 770 1035 praenotamine.
793 989 982 1024 Probatur
1005 988 1231 1035 propositio.
1259 987 1311 1023 Ea
1333 998 1417 1035 quae
1441 987 1480 1022 in

198 1040 395 1077 individuo
410 1045 499 1076 sunt
513 1040 559 1076 de
573 1042 659 1088 Jure
670 1041 729 1077 vel
744 1040 870 1077 officio
884 1046 1033 1077 naturae
1051 1051 1129 1076 non
1140 1040 1341 1087 subjacent
1354 1043 1479 1087 potes-

197 1094 266 1129 tati
283 1093 397 1138 civili‚
413 1093 479 1129 sed
494 1093 568 1141 legi
584 1098 731 1130 naturae
743 1098 780 1129 et
793 1094 864 1130 soli
878 1094 967 1130 Deo.
989 1094 1103 1139 Atqui
1118 1093 1410 1129 matrimonium
1425 1096 1482 1127 est

197 1147 234 1181 in
253 1145 450 1181 individuo
466 1145 602 1193 deJ‘ure
614 1150 651 1182 et
665 1146 791 1182 officio
810 1151 971 1182 naturae.
982 1146 1079 1192 Ergo
1095 1145 1388 1181 matrimonium
1404 1155 1482 1180 non

196 1198 368 1244 subjacet
393 1199 573 1245 potestati
599 1199 713 1234 civili.
743 1219 788 1224 —
808 1199 927 1245 Major
953 1203 1077 1246 patet3
1102 1209 1179 1234 non
1205 1198 1307 1234 enim
1328 1197 1388 1233 lex
1417 1208 1482 1233 na-

198 1256 293 1286 turae
315 1251 393 1286 vim
419 1251 535 1286 habet
560 1261 583 1287 a
614 1256 804 1298 potestate
842 1252 954 1295 civili,
982 1251 1075 1297 quin
1113 1255 1248 1287 contra
1281 1251 1483 1298 potestatis

197 1303 316 1338 civilis
342 1303 443 1350 leges
470 1315 546 1339 non
569 1309 659 1339 sunt
685 1305 757 1340 nisi
790 1304 1047 1340 derivationes
1076 1304 1170 1351 legis
1197 1303 1382 1340 naturalis
1408 1305 1482 1348 (25,

198 1356 308 1400 VIII).
328 1355 434 1391 Unde
456 1356 625 1392 officium
649 1361 797 1392 naturae
818 1356 877 1393 vel
894 1357 959 1404 jus
979 1367 1160 1393 enascens
1186 1356 1224 1392 in
1246 1355 1440 1391 individuo
1461 1366 1485 1392 a

199 1410 279 1456 lege
299 1412 461 1452 naturae,
483 1409 530 1444 ab
549 1409 632 1456 ipsa
647 1409 730 1456 lege
750 1413 898 1445 naturae
918 1409 1083 1456 regulari
1102 1409 1141 1444 in
1157 1419 1197 1445 se
1215 1407 1339 1452 debet,
1359 1418 1484 1454 neque

197 1462 328 1497 violari
349 1462 430 1497 sine
450 1462 609 1498 crimine
635 1473 657 1498 a
677 1466 864 1510 potestate
885 1462 983 1498 civili
1001 1466 1128 1510 potest
1150 1473 1158 1497 ;
1188 1472 1295 1498 secus
1315 1466 1484 1509 potestas

197 1514 315 1550 civilis
335 1518 462 1561 posset
483 1519 670 1559 concrete,
698 1526 764 1552 seu
797 1516 836 1550 in
862 1514 1075 1560 individuo,
1096 1515 1237 1551 violare
1259 1514 1397 1561 legem,
1421 1515 1483 1550 cui

197 1565 375 1602 subditur
400 1567 437 1601 in
460 1566 665 1603 abstracto.
688 1566 798 1609 Quod
824 1567 935 1614 plane
961 1572 1163 1615 repugnat.
1190 1586 1236 1593 -
1260 1566 1483 1602 Declaratur

199 1629 288 1665 ergo
308 1628 449 1653 mmor.

242 1671 317 1706 Lex
347 1674 494 1706 naturae
524 1670 755 1708 inviolabilis
782 1676 840 1709 est
871 1677 915 1708 ut
951 1682 1071 1720 genus
1100 1672 1315 1708 humanum
1350 1682 1488 1719 propa-

205 1728 320 1760 *etur.
341 1723 522 1759 Executio
541 1728 670 1760 autem
691 1724 805 1771 hujus
824 1725 919 1772 legis
935 1725 1192 1761 committitur
1205 1735 1228 1760 a
1246 1729 1385 1760 natura
1404 1724 1486 1770 ipsa

195 1774 418 1820 individuis,
447 1776 584 1822 quibus
605 1776 711 1813 dedit
730 1777 1018 1814 inclinationem
1042 1782 1079 1813 et
1105 1787 1250 1829 organa
1275 1778 1488 1813 necessaria

195 1829 243 1865 ad
274 1828 423 1864 finem:
449 1833 486 1864 et
518 1828 591 1865 hoc
616 1834 742 1866 totum
772 1829 1072 1878 independenter
1102 1841 1124 1867 a
1155 1830 1237 1878 lege
1265 1829 1377 1874 civili,
1407 1830 1486 1865 imo

196 1880 469 1918 antecedenter
490 1881 538 1918 ad
566 1883 689 1930 ipsam
715 1883 958 1919 existentiam
984 1883 1191 1919 societatis.
1224 1882 1322 1930 Ergo
1354 1883 1487 1918 matri-

197 1934 391 1978 monium,
422 1944 488 1980 per
512 1935 615 1981 quod
642 1935 813 1983 legitime
841 1940 1078 1984 propagatur
1109 1946 1228 1983 genus
1256 1935 1486 1980 humanum,

195 1992 250 2023 est
275 1987 314 2022 in
335 1991 526 2034 praecepto
553 1999 618 2024 seu
639 1989 679 2024 in
704 1989 835 2036 officio
858 1993 1006 2024 naturae
1032 1988 1159 2034 quoad
1185 1987 1401 2023 individuos
1422 1987 1488 2022 ho-

194 2051 232 2075 m
281 2048 321 2074 es
345 2037 640 2076 indeterminate
666 2045 841 2088 sumptos
861 2043 937 2088 (42,
958 2041 1053 2086 VIII)
1075 2046 1112 2077 et
1133 2045 1189 2076 est
1214 2040 1260 2076 de
1271 2040 1364 2087 jure
1381 2045 1489 2075 natu-

194 2092 264 2128 rali
302 2090 343 2126 in
379 2091 539 2138 singulis
565 2093 772 2130 individuis
804 2092 1032 2141 respondere
1061 2092 1185 2129 eidem
1215 2092 1291 2140 legi
1324 2097 1486 2128 naturae.

196 2145 300 2181 Sicut
326 2152 417 2189 ergo
441 2155 464 2179 a
495 2150 682 2192 potestate
707 2147 808 2184 civili
828 2151 885 2182 est
907 2146 1064 2182 omnino
1085 2145 1344 2192 independens
1363 2144 1424 2180 lex
1442 2145 1488 2181 de

196 2196 476 2245 propagatione
511 2200 659 2245 generis
685 2199 859 2245 humani,
890 2200 944 2235 ita
963 2203 1019 2234 est
1044 2198 1091 2234 ab
1120 2197 1203 2246 ipsa
1228 2196 1488 2244 independens

196 2249 357 2286 medium
394 2259 415 2283 a
449 2254 587 2286 natura
621 2256 809 2287 statutum
847 2251 895 2288 ad
939 2250 1114 2287 eamdem
1155 2251 1486 2299 propagationem,

196 2312 333 2351 nempe
366 2302 671 2340 matrimonium.
699 2304 885 2340 Audiatur
912 2304 984 2340 hac
1006 2304 1044 2339 in
1075 2314 1115 2340 re
1144 2303 1359 2351 Angelicus‚
1390 2305 1484 2343 11-11.

196 2358 265 2399 Qu.
288 2353 387 2397 CIV,
408 2355 487 2392 Art.
514 2356 556 2400 V,
572 2357 735 2393 breviter
754 2357 1009 2405 complectens
1023 2367 1107 2403 quae
1128 2355 1322 2403 hucusque
1344 2362 1410 2393 aut
1426 2357 1486 2393 de-
