1584 2569
193 122 260 155 255
279 130 337 155 sus
353 131 516 155 NATURAE.
538 131 606 155 urz.
627 131 667 155 ιι.
687 132 766 155 cnr.
786 127 886 155 1141)ss
905 130 1095 154 socinum
1115 130 1187 154 civ.
1204 131 1239 154 m
1255 130 1293 154 ss
1310 130 1480 154 specum.

192 203 421 238 auctoritate
442 205 477 237 et
495 202 651 248 quidem
674 212 856 248 suprema
876 212 883 245 ;
905 201 994 236 hinc
1009 201 1187 247 frequens
1208 200 1369 244 collisio,
1392 200 1482 237 hinc

191 255 353 302 publicas
380 255 605 298 anxietates,
631 255 719 290 hinc
739 255 858 290 civilis
883 255 986 301 pacis
1007 253 1191 298 turbatio,
1222 257 1258 289 et
1285 255 1406 300 ipsius
1425 265 1483 289 re-

193 309 256 355 gni
278 308 464 344 desolatio
489 319 497 344 :
515 308 628 344 Omne
645 308 747 343 enim
768 318 923 353 reanum
943 307 983 342 in
996 318 1034 343 se
1047 307 1214 343 divisum
1235 305 1482 351 desolabitur,

190 364 233 395 ut
252 361 484 408 Redemptor
507 366 638 396 noster
658 371 726 396 nos
753 360 895 396 docuit.
909 381 953 386 —
974 360 1080 396 Adde
1101 360 1259 407 insuper
1280 358 1384 406 quod
1405 361 1484 396 Rex

190 419 322 460 regnat
344 414 409 449 sed
428 425 505 449 non
519 413 717 459 gubernat,
742 414 907 460 populus
927 412 1113 459 yubernat
1131 413 1197 449 sed
1221 423 1298 448 non
1318 417 1453 459 reynat
1471 424 1480 456 3

191 471 322 512 reynel
345 471 382 503 et
400 467 587 513 yubernat
603 467 647 502 de
666 466 765 502 facto
785 467 908 512 factio
929 466 1123 513 quoedam,
1141 477 1227 513 quoe
1250 476 1326 502 non
1348 465 1482 513 populi

190 519 419 555 sententiam
443 519 509 555 sed
535 520 730 565 propriam
753 518 934 564 defendit,
958 523 993 554 et
1021 519 1163 566 populo
1191 519 1392 565 ignorante
1417 518 1485 552 cir-

190 577 392 608 cumvento
415 577 529 619 atque
564 573 721 620 decepto
751 572 871 608 utitur
903 577 944 607 ut
975 572 1230 607 instrumento
1260 572 1308 607 ad
1337 571 1485 607 satisfa-

190 625 369 661 ciendum
391 627 558 672 propriae
580 625 795 660 ambitioni.
823 626 938 660 Facta
957 635 1072 660 narro
1096 635 1143 660 ex
1164 625 1393 670 quotidiana
1419 634 1481 660 ex-

190 679 376 724 perientia
393 678 610 714 manifesta.

239 730 374 775 Quoad
388 735 609 776 potestatem
631 731 898 776 leffl‘slativam.
913 730 1048 765 Procul
1064 729 1180 765 dubio
1203 730 1241 765 in
1261 729 1411 776 legibus
1431 729 1480 766 fe—

190 783 319 819 rendis
337 784 585 830 requiruntur
603 783 669 818 viri
692 784 895 830 sapientia,
917 782 1135 825 honestate,
1158 781 1378 828 prudentia,
1403 792 1482 818 ma—

191 836 361 880 turitate,
396 840 433 872 et
458 836 676 880 hominum,
706 841 743 871 et
772 846 915 879 rerum,
948 838 985 871 et
1011 840 1231 882 temporum
1265 835 1484 882 cognitione

191 889 363 924 maximo
394 889 431 924 in
455 887 576 935 gradu
599 888 762 935 praediti.
790 888 904 934 Atqui
932 889 999 924 viri
1029 888 1304 934 legumlatores
1326 888 1363 923 in
1387 888 1484 933 regi*

191 942 293 977 mine
310 941 616 977 constitutionali
633 941 827 988 eliguntur
849 952 870 977 a
888 941 1044 988 populo,
1064 940 1123 976 cui
1142 951 1218 976 non
1237 951 1316 975 sine
1338 943 1483 976 contra-

193 994 358 1029 dictione
380 994 591 1040 denegatur
612 994 802 1040 sapientia
824 993 1013 1029 condendi
1036 1004 1102 1039 per
1123 1004 1161 1028 se
1182 993 1285 1039 leges
1311 997 1348 1028 et
1369 992 1483 1029 simul

190 1047 412 1082 conceditur
442 1047 629 1093 sapientia
662 1045 899 1082 discernendi
932 1050 968 1082 et
1009 1045 1171 1092 eligendi
1212 1045 1411 1091 peritiores
1449 1050 1485 1080 et

192 1099 361 1144 aptiores
401 1099 633 1145 populorum
669 1098 955 1145 legumlatores.
1000 1099 1093 1133 Hinc
1131 1102 1173 1133 ut
1211 1097 1486 1143 legumlatores

193 1151 386 1198 eliguntur
407 1151 557 1195 medici,
583 1151 750 1198 leguleii,
771 1151 981 1193 ambitiosi,
1004 1151 1071 1197 qui
1092 1160 1162 1186 nec
1183 1160 1204 1185 a
1230 1150 1363 1186 limine
1385 1150 1485 1185 diffi-

189 1204 374 1240 cillimam
393 1203 620 1250 sapientiam
643 1204 824 1239 socialem
845 1204 1077 1245 salutarunt,
1097 1213 1192 1249 quos
1212 1203 1377 1249 populus
1401 1212 1483 1238 om-

191 1257 280 1292 nino
303 1258 469 1303 ignorat,
491 1255 557 1291 sed
579 1256 685 1302 eligit
705 1267 726 1291 a
746 1257 956 1291 tribunitiis
977 1255 1206 1291 factionibus
1227 1259 1263 1290 et
1282 1255 1484 1301 loquacio-

191 1309 295 1344 ribus
317 1310 597 1353 illumninatus,
615 1310 670 1344 uti
687 1309 832 1352 dicunt,
845 1308 910 1344 sed
932 1319 1063 1345 revera
1074 1311 1284 1344 excaecatus
1302 1312 1338 1344 et
1354 1307 1484 1353 decep-

192 1366 322 1397 tus.—
341 1362 565 1405 Electivero,
577 1362 648 1397 hoc
657 1362 774 1398 modo
785 1361 1011 1405 irrationali,
1030 1361 1272 1397 mandatarii
1283 1361 1485 1407 potestatis

193 1415 388 1463 popularis
404 1415 442 1450 in
459 1426 578 1449 unum
600 1415 842 1458 conveniunt,
856 1419 892 1449 et
914 1416 952 1450 in
970 1425 1066 1461 quas
1084 1415 1142 1449 vel
1162 1414 1289 1460 plures
1300 1413 1485 1449 factiones

194 1468 426 1503 dividuntur.
460 1468 532 1503 Alii
567 1467 760 1514 siquidem
794 1468 1059 1503 ministrorum
1092 1467 1232 1513 placita
1268 1470 1309 1502 ut
1347 1467 1487 1502 instru-

198 1524 327 1556 menta
347 1530 461 1564 caeca,
480 1531 545 1555 seu
562 1520 698 1555 melius
721 1525 761 1555 ut
778 1531 916 1566 pecora
938 1524 1151 1566 sequuntur
1167 1531 1175 1563 ;
1191 1520 1255 1554 alii
1272 1530 1359 1555 vero
1374 1530 1487 1565 oppo-

194 1573 372 1608 sitionem
401 1572 581 1608 affectant
601 1575 735 1608 contra
760 1573 1030 1614 ministerium,
1059 1583 1135 1607 non
1163 1571 1319 1617 quidem
1353 1582 1487 1607 amore

197 1626 286 1661 boni
306 1626 536 1670 communis,
560 1625 626 1661 sed
646 1630 688 1661 ut
710 1625 914 1672 gloriolam
930 1628 1083 1672 captent
1100 1625 1148 1660 ab
1166 1625 1346 1671 imperita
1361 1625 1487 1659 multi-

198 1677 341 1723 tudine,
358 1682 394 1713 et
415 1681 455 1712 ut
477 1679 576 1713 nacti
599 1679 842 1714 occasionem
864 1677 1040 1724 ejiciendi
1061 1678 1274 1721 ministros,
1297 1677 1336 1712 in
1353 1688 1487 1713 eorum

200 1730 322 1765 locum
349 1730 556 1766 succedant
583 1734 648 1766 aut
672 1730 743 1777 ipsi
769 1733 835 1766 aut
865 1730 1040 1766 membra
1066 1730 1233 1776 propriae
1264 1728 1444 1765 factionis
1468 1739 1488 1764 a

201 1783 336 1829 quibus
356 1783 451 1818 bene
469 1786 637 1829 sperant.
657 1784 724 1818 Cui
742 1783 975 1830 oppositioni
991 1787 1031 1817 ut
1047 1782 1331 1828 oppositionem
1346 1781 1490 1818 faciant

202 1836 363 1871 ministri
384 1835 432 1871 ad
458 1836 745 1883 corruptionem
766 1840 981 1880 recurrunt,
1004 1836 1140 1871 aerario
1170 1835 1323 1882 publico
1343 1835 1489 1880 cupidi-

195 1889 265 1924 tati
296 1888 475 1933 aliorum,
501 1889 665 1924 aliorum
696 1899 783 1924 vero
813 1888 1016 1924 ambitioni
1043 1888 1204 1935 publicis
1238 1887 1489 1934 dignitatibus

194 1941 486 1977 satisfaciendo.
517 1942 576 1977 Sic
608 1942 802 1988 egoismus
824 1945 958 1977 contra
980 1941 1196 1988 egoismum
1225 1943 1371 1987 pugnat
1399 1950 1489 1975 con-

197 1996 353 2037 stanter,
377 1998 413 2030 et
439 1994 586 2030 interea
611 1994 713 2040 leges
733 1994 953 2030 conduntur
979 1997 1056 2029 no'n
1083 1994 1212 2040 prouti
1233 1992 1426 2040 sapientia
1453 1996 1491 2027 et

193 2046 344 2092 Justitia
370 2047 539 2093 exigunt,
563 2047 629 2083 sed
651 2047 847 2093 insipienti
875 2046 1154 2094 praecipitantia
1183 2048 1219 2080 et
1245 2045 1372 2082 studio
1400 2056 1490 2092 par-

200 2099 294 2134 tium
321 2110 328 2142 ;
357 2100 409 2134 ita
427 2104 468 2134 ut
489 2100 701 2147 saepissime
726 2110 802 2135 non
830 2103 1037 2135 conventus
1063 2098 1315 2145 legislativuS,
1342 2097 1408 2133 sed
1436 2102 1491 2143 ty·

199 2151 399 2188 rannicum
425 2153 733 2189 conventiculum
755 2163 885 2189 revera
905 2153 1119 2189 habeatur:
1144 2156 1181 2188 et
1201 2151 1337 2187 exinde
1358 2150 1490 2198 populi

196 2205 410 2252 oppressio,
427 2216 543 2251 supra
566 2216 681 2251 quam
703 2206 806 2242 credi
827 2209 964 2252 potest.

248 2256 382 2303 Quoad
398 2263 619 2306 potestatem
646 2258 891 2294 exocalivam.
914 2259 1014 2302 Hoec,
1049 2262 1090 2293 ut
1114 2258 1259 2293 dictum
1289 2261 1359 2301 est,
1387 2267 1488 2292 com-

202 2310 366 2345 mittitur
390 2310 597 2355 ministris,
623 2312 688 2357 qui
710 2315 914 2357 propterea
933 2320 1064 2346 coram
1085 2310 1276 2356 deputatis
1301 2314 1388 2345 sunt
1412 2321 1488 2345 res-

201 2363 434 2409 ponsabiles.
461 2365 547 2400 Haec
566 2362 773 2400 theoretice
792 2375 802 2410 3
821 2363 866 2399 de
884 2363 982 2400 facto
1002 2366 1131 2399 autem
1149 2362 1243 2400 nihil
1258 2362 1489 2410 respondent
