1554 2569
120 137 200 163 ΛΚΤ.
223 137 274 163 Vl.
293 136 336 162 m:
354 136 398 163 ns
419 136 498 167 QUAE
513 137 551 162 m
570 136 824 163 VOLUNTAmuu
849 135 1026 162 INFLUUNT
1042 135 1087 161 Ex
1106 134 1219 160 PARTE
1235 135 1328 159 PASS.
1361 125 1404 158 95

121 218 207 256 quae
252 219 330 244 una
374 218 462 244 cum
512 207 758 245 facultatibus
804 207 1043 244 intellectivis
1094 206 1325 253 colligantur
1367 205 1404 239 in

120 260 277 297 homine
296 260 335 296 in
355 270 433 297 una
453 260 664 307 eademque
684 261 847 297 essentia
869 260 1009 296 anima}
1029 258 1240 295 rationalis.
1257 256 1313 293 Ex
1329 267 1404 304 quo

120 314 164 349 fit
182 311 299 360 (quod
318 312 474 360 quidem
493 323 562 361 per
583 313 748 349 aliorum
768 313 1043 361 experientiam
1065 316 1101 348 et
1118 322 1185 358 per
1208 311 1405 358 propriam

121 365 394 402 conscientiam
419 366 681 413 unusquisque
713 365 812 411 scit),
847 369 890 401 ut
923 375 968 400 ea
993 374 1080 412 quae
1115 367 1204 399 sunt
1242 362 1406 398 intellec-

122 418 208 454 tivae
236 418 357 465 partis
381 417 597 454 redundent
623 419 662 454 in
679 428 846 463 sensum,
868 422 906 454 et
934 428 979 454 ea
1004 427 1091 464 quae
1116 421 1206 452 sunt
1226 426 1407 451 sensuum

120 469 337 507 redundent
370 469 409 506 in
438 470 563 518 ipsam
592 475 741 518 partem
769 470 1052 506 intellectivam.
1089 468 1283 511 Quzeritur
1316 478 1405 515 ergo

119 522 401 569 sapientissime
428 523 467 559 in
487 522 735 571 philosophia
760 523 910 565 morali,
934 527 1065 558 utrum
1094 526 1130 557 et
1156 532 1232 568 qua
1259 521 1406 556 ratione

119 576 317 621 passiones
336 575 503 612 influant
525 576 564 612 in
586 576 873 612 voluntarium?
899 575 1106 623 Praeeipuae
1134 579 1264 609 autem
1285 583 1407 619 quaes-

120 628 243 664 tiones
267 633 358 664 sunt
381 627 428 665 de
459 629 780 676 concupiscentia,
811 630 919 675 qu'us
948 627 1181 676 principium
1212 630 1269 662 est
1300 636 1408 661 amor

121 681 195 725 (Ps.
216 682 274 725 46,
294 680 352 726 V),
367 685 405 717 et
421 681 467 717 de
485 683 618 718 timore
637 692 703 717 seu
731 686 828 718 metu
848 682 913 728 qui
937 680 1103 728 pertinet
1123 679 1170 715 ad
1192 678 1408 726 appetitum

119 732 350 769 irascibilem
368 733 478 779 (ibid.
501 734 580 778 ΙΙΙ).

167 786 228 822 IV.
247 786 503 823 Praenotanda
521 788 570 824 ad
582 788 814 824 solutionem
828 787 1053 832 quaestionis
1078 787 1123 822 de
1141 786 1411 830 concupiscen-

118 839 189 876 tia.
206 838 247 874 In
262 842 501 875 antecessum
510 844 725 886 praenotare
740 838 1059 887 oportetmodum
1070 849 1144 885 quo
1158 838 1284 885 passio
1301 847 1411 884 agere

119 894 248 938 potest
273 891 312 926 in
336 891 590 928 voluntatem.
623 892 700 929 Hoc
729 896 859 929 autem
884 892 1023 928 directe
1052 901 1131 927 esse
1160 902 1236 926 non
1270 894 1410 937 potest,

120 944 211 990 quia
238 944 413 991 potentia
438 945 618 992 organica
649 945 783 992 nequit
815 944 956 981 directe
987 955 1099 991 agere
1128 944 1168 979 in
1197 942 1411 990 potentiam

121 996 360 1043 spiritualem
382 997 456 1042 (Ps.
478 998 535 1041 14,
553 997 600 1033 IX
617 1002 655 1033 et
677 998 819 1044 seqq.);
843 1001 970 1043 potest
998 1001 1127 1032 tamen
1148 1006 1280 1031 sensus
1300 1005 1412 1041 agere

119 1050 158 1084 in
175 1048 346 1085 animam
359 1048 559 1094 indirecte3
573 1053 612 1086 et
624 1049 698 1087 hoc
709 1049 923 1097 dupliciter,
940 1048 1146 1096 subjective
1162 1052 1198 1084 et
1217 1046 1410 1093 objectiva

121 1101 317 1148 Imprimis
341 1101 570 1149 subjective:
592 1112 682 1138 narn
711 1113 799 1138 cum
833 1112 965 1137 omnes
998 1101 1180 1149 potentiae
1210 1101 1350 1136 animae
1373 1099 1412 1134 in

121 1164 199 1189 una
224 1154 389 1190 essentia
421 1155 561 1191 animae
589 1154 811 1191 radicentur
839 1155 911 1199 (Ps.
946 1156 1001 1199 14,
1035 1154 1064 1189 X
1093 1158 1130 1189 et
1157 1153 1234 1198 XI),
1261 1162 1412 1188 necesse

121 1210 178 1241 est
211 1209 268 1249 ut,
298 1205 453 1254 quando
484 1217 563 1243 una
593 1208 767 1254 potentia
797 1206 1012 1243 intenditur
1047 1207 1084 1242 in
1120 1217 1188 1242 suo
1215 1205 1410 1248 exercitio,

120 1258 242 1295 altera
260 1259 299 1294 in
316 1269 385 1295 suo
406 1262 494 1295 actu
510 1260 743 1305 remittatur,
763 1259 824 1295 vel
852 1259 1022 1295 totaliter
1041 1259 1079 1294 in
1098 1269 1166 1294 suo
1186 1262 1273 1294 actu
1294 1258 1411 1304 impe-

121 1310 261 1347 diatur.
284 1311 363 1348 Hoc
375 1310 548 1359 quotidie
562 1312 784 1359 experimur
802 1312 841 1348 in
862 1311 987 1357 nobis,
1005 1315 1048 1347 ut
1064 1322 1152 1347 cum
1169 1310 1411 1346 vehementer

120 1363 357 1400 intendimus
400 1368 528 1400 mente
566 1363 614 1400 ad
653 1363 797 1411 aliquid
839 1363 1176 1409 considerandum,
1220 1363 1411 1399 nescimus

122 1416 215 1463 quid
234 1416 335 1453 circa
350 1427 421 1453 nos
440 1421 590 1464 agatur,
618 1417 770 1453 etiarnsi
791 1427 924 1453 sensus
950 1416 1072 1452 nostri
1089 1416 1235 1452 externi
1253 1415 1410 1462 impres-

121 1469 269 1505 sionem
308 1469 546 1505 sensibilium
590 1469 789 1516 recipiant.
843 1468 1061 1506 Secundum
1101 1468 1204 1504 hunc
1248 1466 1409 1503 modum

121 1521 252 1569 igitur:
273 1532 344 1570 per
361 1522 571 1570 quamdam
593 1522 736 1559 scilicet
755 1521 1058 1566 distractionem,
1077 1534 1095 1555 ι(
1109 1520 1263 1568 quando
1278 1524 1407 1556 motus

122 1574 315 1621 appetitus
337 1575 506 1611 sensitivi
533 1575 764 1611 fortificatur
786 1574 997 1611 secundum
1021 1584 1305 1621 quamcumque
1325 1584 1408 1620 pas·

121 1626 283 1672 sionem,
304 1637 457 1663 necesse
477 1631 535 1663 est
548 1627 652 1674 quod
669 1627 890 1663 remittatur
908 1626 968 1663 vel
988 1626 1158 1663 totaliter
1177 1625 1411 1673 impediatur

120 1682 251 1714 motus
262 1679 440 1727 proprius
454 1680 649 1728 appetitus
666 1679 879 1725 rationalis,
898 1680 964 1727 qui
980 1683 1036 1715 est
1052 1679 1228 1715 voluntas
1245 1693 1275 1713 n.
1298 1698 1342 1705 --
1356 1678 1411 1712 Al-

122 1736 203 1766 tero
229 1730 346 1767 modo
366 1731 559 1779 objective.
581 1732 743 1780 Propter
758 1731 861 1768 enim
880 1731 1148 1768 vehementem
1166 1735 1203 1766 et
1218 1731 1410 1767 inordina-

123 1787 202 1818 tam
219 1783 452 1830 passionem,
479 1784 654 1820 videmus
674 1783 778 1832 quod
800 1784 979 1820 homines
1001 1795 1078 1820 non
1096 1784 1204 1820 facile
1226 1783 1410 1830 imagina-

122 1835 269 1871 tionem
297 1840 477 1872 avertunt
509 1836 557 1872 ab
586 1836 646 1873 his
677 1837 778 1872 circa
814 1846 900 1883 quae
935 1836 1178 1881 afficiuntur3
1211 1835 1312 1871 unde
1344 1846 1412 1883 per

122 1897 360 1934 consequens
372 1887 564 1934 judicium
582 1888 741 1925 rationis
762 1888 988 1936 plerumque
1008 1889 1180 1936 sequitur
1194 1889 1410 1935 passionem

122 1940 318 1987 appetitus
349 1941 534 1986 sensitivi,
569 1945 607 1977 et
631 1951 699 1989 per
726 1951 962 1988 consequens
991 1941 1165 1987 sequitur
1193 1941 1410 1988 passionem

123 1993 247 2039 ipsam
259 1996 388 2029 motus
401 1993 621 2039 voluntatis,
634 1994 700 2041 qui
714 1992 761 2029 ad
770 1993 961 2040 judicium
979 1994 1139 2029 rationis
1151 1993 1408 2038 consequitur.

124 2045 212 2080 Haec
239 2045 371 2082 omnia
407 2046 636 2093 quotidiana
663 2043 898 2095 experientia
918 2046 1135 2082 firmantur.
1162 2065 1206 2072 —-
1233 2045 1311 2090 1-11‚
1339 2045 1408 2086 Qu.

123 2096 293 2135 LXXVII.
311 2098 427 2139 Artio.
442 2098 471 2136 1.

170 2150 213 2185 V.
233 2150 551 2197 Concupiscentia
572 2153 806 2188 antecedens
831 2154 949 2197 auget
961 2152 1239 2197 voluntarium,
1264 2151 1330 2188 sed
1344 2152 1412 2187 mi-

125 2203 215 2238 nuit
233 2205 275 2239 et.
295 2205 524 2250 quandoque
550 2206 668 2241 etiam
692 2205 860 2241 destruit
883 2204 1061 2241 liberum.
1083 2204 1272 2240 Probatur
1288 2205 1411 2251 prima

125 2264 216 2300 pars
229 2256 518 2304 propositionis
528 2278 573 2284 -
582 2257 900 2304 Concupiscentia
910 2256 1126 2294 antecedens
1136 2261 1192 2293 est
1201 2257 1410 2293 involunta-

125 2305 205 2342 rius
224 2311 355 2344 motus
370 2309 564 2356 appetitus
589 2309 760 2345 sensitivi
778 2309 1011 2356 praeveniens
1029 2309 1151 2357 ipsam
1171 2309 1360 2345 rationem
1379 2315 1416 2346 et

119 2364 402 2418 fgpsequenter
429 2362 552 2410 ipsam
581 2362 832 2409 voluntatem,
859 2366 897 2400 et
921 2366 1126 2411 utramque
1155 2361 1342 2411 inclinans
1374 2368 1412 2399 et
