1554 2569
176 158 229 202 ,46
253 165 379 190 nuum
390 164 511 189 1.1n.11.
533 164 611 189 cm».
628 163 652 188 1.
666 163 709 188 ns
718 162 863 187 Acrissus
874 161 1010 187 numm.
1028 162 1064 187 m
1076 162 1202 188 51-:1rs1s
1218 163 1465 190 consumemus

184 237 342 283 objectis
363 236 435 271 nisi
451 235 666 281 voluptates
677 236 714 270 et
728 233 879 269 dolores
891 233 1108 279 sensibiles;
1128 244 1175 269 ex
1187 244 1263 281 quo
1281 234 1465 283 principio

186 288 561 336 inferuntrigidiores
573 292 610 323 et
626 287 738 334 logici
751 287 924 323 sensistae
937 297 946 321 :
959 285 1174 333 voluptates
1188 291 1302 333 atque
1317 287 1467 324 dolores

185 342 381 378 sensibiles
414 352 496 377 esse
530 351 754 388 supremum
790 339 998 384 criterium,
1037 350 1259 387 supremam
1291 351 1466 377 normam

185 394 427 438 moralitatis,
454 398 495 429 ut
515 404 634 440 supra
651 404 687 428 n.
719 393 751 428 ll
775 392 920 428 dictum
939 397 1009 428 est.
1031 392 1214 435 Quocirca
1243 393 1275 428 si
1299 394 1468 429 sensistae

185 448 256 483 sibi
299 447 579 484 consentientes
624 456 704 481 esse
746 445 875 488 velint,
922 444 1147 481 concludere
1195 445 1335 481 debent
1380 457 1467 482 cum

185 501 357 548 egoismo
393 499 681 536 materialistico
715 498 891 535 illicitum
929 508 1010 534 esse
1046 509 1157 545 agere
1191 502 1326 536 contra
1361 499 1467 535 illam

185 554 434 601 voluptatem,
468 552 641 588 illicitum
675 562 756 587 esse
791 560 904 597 agere
937 553 1071 587 contra
1106 551 1215 586 illum
1245 552 1468 588 instinctum

185 606 421 642 sensitivam.
454 605 594 641 Contra
620 604 721 640 enim
754 603 927 650 regulam
960 603 1191 640 moralitatis
1223 604 1405 640 vitiosum
1434 608 1469 640 et

184 659 373 707 culpabile
403 662 460 694 est
490 668 616 705 agere.
652 657 767 704 Atqui
794 656 910 692 homo
940 655 1081 703 probus
1109 657 1342 704 quandoque
1378 657 1469 693 deli-

185 714 315 748 berate
345 711 573 747 contradicit
603 710 692 746 huic
720 719 881 753 normae,
913 708 1061 756 agendo
1092 720 1177 755 qua*
1206 710 1470 757 voluptatibus

185 765 260 800 illis
301 764 458 800 omnino
495 765 756 810 opponuntur,
797 765 833 797 et
872 762 1023 798 dolores
1061 762 1259 808 tristiaque
1298 763 1470 799 sensibus

185 816 466 864 prosequendo,
495 821 536 851 ut
562 826 648 851 cum
688 815 797 851 miles
832 815 947 851 morti
986 818 1099 851 certae
1135 815 1263 851 obviat
1298 826 1367 862 pro
1402 827 1471 864 pa·-

185 870 268 906 triae
307 869 540 911 defensione,
579 872 615 904 et
649 870 774 904 cetera
813 867 964 903 similia.
1005 868 1061 903 An
1099 867 1218 914 igitur
1253 868 1471 915 vituperan-

185 922 244 959 dae
277 926 364 958 sunt
392 922 562 957 actiones
589 920 826 967 hujusmodi,
854 930 951 966 quas
978 920 1169 956 virtuosas
1195 924 1233 957 et
1256 919 1472 958 laudabiles

185 987 336 1022 semper
362 975 496 1010 habuit
529 984 646 1021 genus
680 974 918 1009 humanum?
949 994 995 1000 —
1024 973 1201 1010 Pluribus
1233 975 1472 1021 argumentis

186 1028 432 1076 prosequitur
472 1026 611 1062 Roselli
650 1026 805 1070 Είὴίεα,
846 1025 916 1067 Qu.
955 1026 1017 1063 ΙΙΙ.
1061 1027 1143 1062 Art.
1182 1027 1227 1063 11.
1266 1026 1471 1063 refutatio-

187 1091 274 1116 nem
312 1079 499 1123 Robineti‚
540 1089 626 1125 quae
655 1078 726 1114 loc.
765 1079 827 1114 cit.
868 1078 986 1113 videri
1021 1082 1194 1123 possunt.
1233 1079 1372 1114 Ferunt
1406 1090 1472 1115 au-

185 1138 263 1169 tem
306 1132 534 1169 Robinetum
585 1131 700 1167 morti
745 1131 966 1178 proximum
1010 1141 1099 1166 suos
1143 1141 1293 1167 errores
1342 1142 1471 1179 repro-

185 1187 309 1221 basse.

231 1239 273 1274 V.
294 1238 410 1273 NorA.
431 1237 756 1282 Phrenoloqorum
776 1237 967 1272 delirium.
989 1236 1258 1284 Phrenologia,
1281 1248 1400 1283 quam
1422 1237 1468 1273 ad

185 1293 393 1338 systemata
418 1289 727 1336 philosophicum
754 1289 912 1325 evehere
940 1289 1011 1324 sub
1039 1290 1194 1325 nomine
1220 1290 1470 1336 cranioloyioe

184 1353 386 1391 perperam
416 1348 577 1377 conatus
607 1346 662 1378 est
689 1342 771 1378 Gall
795 1342 1037 1387 (1758-1828),
1066 1347 1104 1378 et
1128 1352 1216 1378 cum
1244 1343 1326 1388 ipso
1351 1344 1469 1390 Spur-

184 1396 307 1431 zheim
331 1395 560 1440 (1760-1833)
582 1405 604 1430 a
622 1405 698 1441 quo
718 1395 1026 1441 systemaipsum
1038 1394 1469 1441 phrenoloyiaenomine

184 1449 371 1484 donatum
404 1451 474 1491 est,
515 1457 560 1483 ex
596 1447 976 1494 protuberationibus
1010 1447 1131 1482 cranii
1169 1451 1207 1483 et
1240 1458 1287 1483 ex
1324 1447 1468 1484 cerebri

183 1500 551 1547 configurationibus
571 1500 649 1534 vult
674 1499 929 1535 determinare
951 1500 1048 1535 sicut
1068 1504 1104 1535 et
1134 1499 1335 1537 facultates
1354 1500 1471 1536 intel-

182 1553 377 1598 lectuales,
391 1552 443 1588 ita
456 1555 492 1588 et
507 1551 708 1588 facultates
720 1552 887 1588 morales
900 1553 939 1587 in
955 1552 1112 1588 homine
1128 1563 1136 1589 :
1153 1564 1239 1599 quae
1251 1553 1468 1597 facultates,

181 1606 290 1652 juxta
309 1604 579 1652 phreuologos‚
601 1607 667 1640 aut
686 1609 776 1640 sunt
795 1604 876 1651 ipse
893 1604 1105 1641 materialis
1126 1607 1387 1653 organismus,
1404 1611 1471 1642 aut

184 1658 231 1693 ab
259 1658 341 1703 ipso
378 1658 601 1703 organismo
636 1656 842 1703 subjective
877 1656 1109 1703 dependent,
1144 1661 1185 1694 ut
1215 1659 1259 1694 de
1293 1658 1470 1695 sensibus

183 1711 327 1746 dictum
348 1714 405 1746 est
424 1711 499 1755 (Ps.
521 1711 555 1754 8,
574 1710 638 1745 VII
656 1710 703 1745 ad
722 1712 762 1753 2;
780 1728 827 1737 —-
844 1712 901 1751 22,
922 1711 1000 1754 111).
1023 1711 1104 1753 Quo
1123 1711 1248 1757 posito
1264 1712 1469 1758 principio,

180 1764 294 1799 insert
314 1763 536 1798 hominibus
558 1763 680 1799 inesse
698 1767 954 1809 praepotentes
975 1763 1165 1810 quasdam
1185 1763 1468 1809 inclinationes,

181 1817 321 1863 quibus
360 1816 593 1852 ineluctabili
628 1817 660 1851 vi
700 1816 874 1851 seruntur
914 1816 953 1851 in
991 1816 1171 1863 quaedam
1211 1817 1470 1853 determinata

180 1871 273 1905 vitia
291 1869 350 1905 vel
369 1868 559 1916 quasdam
580 1869 857 1905 determinatas
879 1870 1038 1905 virtutes
1045 1882 1059 1914 ;
1080 1871 1319 1918 proindeque
1337 1871 1470 1907 adser-

180 1927 280 1957 tores
300 1921 414 1968 huJus
436 1922 657 1968 systematis
681 1921 883 1957 absolvunt
910 1931 933 1957 a
957 1922 1069 1970 culpa
1088 1923 1206 1959 etiam
1228 1923 1470 1959 atrocissima

180 1974 336 2017 scelera,
364 1978 495 2021 utpote
521 1985 608 2021 quae
640 1975 722 2011 sine
748 1974 924 2011 libertate
949 1978 1104 2022 patrata
1130 1975 1199 2011 sed
1225 1987 1248 2011 a
1273 1976 1467 2012 fatalismo

180 2027 388 2073 subJectivo
421 2032 459 2063 et
493 2027 676 2073 peculiari
714 2028 900 2075 cujusque
932 2028 1101 2063 hominis
1141 2028 1325 2072 derivata,
1362 2029 1469 2065 omni

179 2079 399 2115 moralitate
426 2083 567 2116 carent.
597 2100 642 2107 -
668 2081 774 2128 Piget
797 2081 997 2116 immorari
1024 2081 1062 2115 in
1088 2080 1325 2117 confutando
1351 2085 1470 2128 syste-

180 2135 283 2167 mate
303 2131 406 2177 quod
427 2131 618 2175 homines,
639 2133 703 2179 qui
732 2132 927 2180 sapientes
951 2132 1071 2168 videri
1092 2133 1302 2180 optabant,
1331 2133 1469 2169 docere

179 2194 257 2219 non
287 2184 434 2230 puduit.
474 2185 654 2220 Fatemur
689 2184 848 2221 diversis
882 2185 1104 2221 hominibus
1140 2185 1309 2222 diversas
1344 2186 1469 2222 inesse

181 2235 462 2281 inclinationes,
479 2239 517 2272 at
534 2247 623 2272 vero
645 2247 742 2284 quas
756 2237 854 2273 ratio
872 2237 1068 2274 moderari
1084 2241 1121 2273 et
1135 2241 1262 2285 potest
1282 2242 1320 2273 et
1340 2237 1466 2274 debet.

179 2287 290 2330 Quod
323 2288 354 2324 si
388 2287 545 2325 libertas
576 2289 683 2325 nulla
709 2293 779 2334 est,
807 2295 873 2326 aut
903 2290 1101 2326 dementes
1128 2290 1370 2335 habebimus,
1401 2295 1468 2326 aut

181 2341 295 2376 bruta
315 2341 385 2377 sub
405 2341 529 2387 specie
547 2341 740 2382 humana:
761 2346 797 2377 et
812 2342 849 2378 in
869 2342 942 2379 hoc
962 2353 1054 2379 casu
1073 2347 1185 2380 extra
1211 2343 1466 2390 quaestionem

182 2392 228 2429 de
249 2395 472 2430 moralitate
493 2395 690 2431 actionum
711 2394 972 2433 humanarum
985 2407 1185 2442 vagamur.
1207 2401 1245 2432 et
1261 2396 1468 2432 incidimus
