1584 2569
192 70 260 103 280
281 80 336 105 Jns
356 77 516 107 aaronis.
540 82 609 107 mn.
626 84 664 107 ιι.
679 84 755 107 ου.
780 86 829 106 iv.
847 83 888 107 ns
908 84 1095 109 socinum
1114 84 1230 109 namo.
1253 84 1290 109 m
1310 83 1349 108 sn
1369 83 1462 108 srzc.

237 151 298 186 lx.
330 152 430 187 Non
446 153 506 188 IV.
533 155 584 190 De
607 155 763 200 agendis
779 159 866 199 pos-2
887 154 1042 190 bellum.
1065 155 1327 191 Praelaudatus
1356 155 1380 190 F
1383 165 1465 190 ran-

191 203 313 239 ciscus
332 204 498 241 Victoria
518 217 693 253 quaercns
713 206 749 241 in
768 207 902 242 eadem
921 207 1141 252 Relectione,
1167 218 1204 243 n.
1227 209 1269 243 15
1288 210 1325 242 et
1344 217 1465 254 seqq.‚

193 256 282 302 quid
304 260 340 292 et
359 263 545 303 quantum
566 259 689 304 liceat,
716 264 828 305 parta
847 260 1019 304 victoria,
1045 264 1130 306 post
1150 259 1293 296 bellum
1309 259 1466 306 justum,

192 308 272 344 haec
293 311 572 357 sapientissime
599 311 849 347 demonstrat.
877 333 916 338 —
949 315 987 347 10
1024 313 1185 348 Licitum
1222 315 1277 347 est
1307 312 1468 359 principi

193 361 336 404 justum
358 363 499 399 bellum
521 364 678 411 gerenti,
713 368 823 412 parta
843 365 1015 410 victoria,
1037 376 1095 400 res
1121 375 1211 401 suas
1230 375 1467 412 recuperare.

191 415 383 460 impensas
400 416 486 452 belli
502 420 538 452 et
555 418 684 453 omnia
702 418 844 453 damna
859 418 906 454 ab
926 418 1100 454 hostibus
1115 418 1253 464 injuste
1266 417 1375 453 illata
1394 417 1470 453 exi—

193 478 280 514 gere
300 472 340 504 ut
361 469 488 505 hostes
515 470 662 506 solvant
682 481 724 506 ac
744 474 934 517 reparent.
956 472 1012 506 Ad
1039 472 1120 506 haec
1140 472 1242 507 enim
1270 470 1398 507 omnia
1417 474 1470 505 te-

192 525 332 555 nentur
356 521 502 566 hostes;
535 533 625 570 ergo
659 524 833 569 princeps
862 534 907 559 ea
935 528 1060 570 potest
1092 524 1193 559 licite
1231 524 1405 571 exigere3
1427 543 1471 549 --

191 575 228 606 2·
259 575 453 615 Attamen,
467 581 655 621 quantum
677 576 758 611 fieri
781 579 918 623 potest,
942 588 964 612 a
979 576 1120 612 victore
1136 576 1322 611 servanda
1342 581 1398 611 est
1418 576 1473 611 in-

191 626 351 673 tegritas
378 628 541 663 nationis
574 628 743 673 devictoe,
772 632 851 664 tum
885 629 1013 675 quoad
1045 639 1136 664 suos
1170 629 1361 676 principes
1390 633 1471 664 tum

191 679 319 724 quoad
346 690 457 715 suum
494 681 742 717 territorium.
771 683 868 717 Nam
896 692 1011 728 poena
1039 692 1116 717 non
1146 681 1259 717 debet
1294 680 1474 717 excedere

192 732 445 777 quantitatem
473 735 508 768 et
538 734 729 769 rationem
759 734 925 780 injuriae,
959 734 1036 769 imo
1056 744 1179 782 poenae
1206 738 1294 769 sunt
1314 734 1473 769 restrin-

192 784 339 830 gendoe,
366 789 404 820 et
436 785 584 821 favores
616 787 854 834 ampliandi;
878 797 964 833 quae
998 790 1052 822 est
1082 786 1216 833 regula
1244 797 1320 822 non
1349 786 1474 822 solum

191 838 285 883 juris
308 837 481 882 humani,
504 839 569 874 sed
590 840 704 875 etiam
727 841 912 876 naturalis
933 844 969 875 et
990 840 1120 877 divini.
1142 841 1239 887 Ergo
1260 839 1350 875 dato
1371 839 1474 885 quod

193 891 334 936 injuria
350 891 414 926 illa
436 892 482 927 ab
499 892 671 928 hostibus
687 894 735 928 sit
756 893 946 929 sufficiens
965 903 1081 929 causa
1102 892 1203 935 belli,
1225 903 1301 927 non
1322 902 1468 939 sempei

192 944 265 978 erit
291 944 483 980 sufficiens
509 947 608 981 ratio
630 946 678 981 ad
701 946 1060 982 exterminationem
1081 946 1318 993 principatus
1337 944 1472 989 hostis,

193 1002 229 1031 et
251 997 297 1032 ad
325 997 604 1043 depositionem
625 999 886 1045 legitimorum
914 1003 951 1035 et
971 998 1206 1034 naturalium
1228 998 1471 1045 principum:

195 1049 265 1085 hoc
284 1050 386 1085 enim
414 1054 513 1086 esset
544 1062 701 1098 prorsus
733 1062 875 1088 saevum
904 1057 940 1088 et
971 1051 1243 1095 inhumanum,
1276 1051 1368 1098 quia
1397 1050 1476 1085 vita

193 1102 311 1148 ipsius
336 1103 457 1138 hostis
480 1104 786 1140 obtruncaretur.
814 1126 859 1131 -
889 1106 972 1141 Non
999 1108 1055 1140 est
1090 1107 1221 1139 tamen
1254 1102 1475 1150 negandum

196 1155 401 1202 aliquando
424 1167 534 1202 posse
563 1158 783 1204 contingere
805 1157 1036 1193 sufficientes
1057 1161 1093 1193 ct
1114 1156 1305 1203 legitimas
1325 1166 1474 1200 causas,

194 1208 250 1243 vel
270 1208 318 1244 ad
339 1208 546 1244 mutandos
564 1211 754 1256 principes
775 1210 831 1246 vel
851 1210 900 1246 ad
921 1209 1187 1257 occupandum
1205 1209 1476 1256 principatum,

194 1260 337 1296 scilicet
357 1262 512 1308 quando
535 1262 645 1298 aliter
665 1264 850 1298 securitas
879 1263 934 1297 vel
956 1274 1029 1310 pax
1051 1262 1098 1297 ab
1118 1262 1293 1297 hostibus
1314 1260 1476 1296 obtineri

194 1324 271 1348 non
292 1318 430 1360 potest,
452 1317 488 1349 et
521 1315 739 1351 immineret
773 1314 916 1361 grande
948 1314 1160 1361 periculum
1181 1312 1412 1360 Reipublicae
1430 1313 1477 1348 ab

196 1365 281 1410 iuis,
305 1366 376 1401 nisi
396 1366 468 1402 hoc
488 1368 608 1403 fieret.
630 1368 807 1414 Princeps
827 1368 928 1403 enim
950 1368 1015 1414 qui
1036 1367 1178 1403 bellum
1200 1365 1311 1401 infert
1328 1365 1477 1412 justum

196 1418 243 1454 ad
259 1418 518 1455 defensionem
536 1420 767 1467 Reipublicae
785 1421 911 1456 infert.
932 1421 1065 1467 Igitur,
1080 1420 1184 1465 quia,
1201 1430 1246 1454 ex
1260 1417 1473 1465 hypothesi,

196 1471 422 1517 Respublica
446 1483 569 1519 neque
591 1473 742 1509 defendi
764 1478 900 1519 potest,
929 1483 1051 1519 neque
1082 1482 1214 1518 pacem
1235 1475 1271 1507 et
1291 1470 1477 1506 securita-

196 1529 274 1559 tem
295 1525 490 1571 consequi,
521 1526 594 1561 nisi
616 1530 682 1561 aut
715 1526 908 1562 destructo
936 1530 1003 1561 aut
1023 1525 1212 1560 diminuto
1239 1523 1360 1559 hostis
1378 1522 1478 1570 prin·

197 1576 337 1622 cipatu‚
359 1577 406 1612 ad
427 1577 464 1612 id
491 1577 709 1613 faciendum
727 1579 790 1624 jus
817 1578 946 1622 habet,
975 1578 1012 1613 in
1033 1577 1133 1612 facta
1154 1576 1357 1623 hypothesi
1376 1575 1478 1622 prin-

197 1640 298 1674 ceps.

607 1732 777 1771 CAPUT
809 1731 1066 1778 QUARTUM

395 1831 443 1859 DE
473 1831 687 1860 SOCIETATE
717 1829 920 1860 RELIGIOSA
947 1831 987 1858 IN
1016 1830 1061 1858 SE
1090 1829 1286 1858 SPECTATA

247 1925 443 1969 Prologus.
459 1925 547 1960 Post
565 1927 771 1960 tractatum
785 1924 830 1959 de
848 1927 986 1959 natura
1001 1923 1192 1959 societatis
1209 1921 1341 1965 civilis,
1360 1920 1484 1966 sequ-i—

201 1982 263 2013 tur
282 1982 324 2012 ut
351 1978 523 2013 dicamus
548 1978 594 2013 de
614 1977 794 2013 societate
816 1977 1020 2023 religiosa;
1045 1979 1082 2011 et
1104 1976 1234 2022 primo
1255 1974 1421 2019 (Proloq.
1446 1974 1484 2008 in

203 2031 282 2067 Lib.
296 2032 340 2076 11)
363 2032 400 2065 in
418 2031 544 2078 seipsa
560 2030 813 2067 considerata.
836 2030 940 2066 Circa
959 2028 1063 2076 quod
1083 2028 1286 2064 dicendum
1307 2030 1363 2062 est
1383 2029 1417 2060 1⁰
1439 2025 1485 2060 de

203 2084 382 2119 societate
394 2084 574 2130 religiosa
591 2084 632 2118 in
644 2094 799 2130 9enere;
818 2085 854 2118 20
875 2084 916 2118 in
935 2082 1069 2128 specie,
1095 2080 1216 2131 sende
1229 2079 1404 2119 Ecclesia
1423 2088 1485 2114 ca-

204 2136 345 2173 tholica
356 2148 370 2181 ;
389 2137 425 2172 3⁰
447 2136 493 2173 d‘e
518 2136 701 2173 Ecclesiae
725 2136 924 2173 catholicae
939 2139 1131 2183 potestate.
