1584 2569
141 85 208 118 216
253 94 312 120 ωε
335 95 495 121 nnuma.
524 95 594 120 ua.
622 96 662 120 11.
691 96 766 120 cnr.
796 96 820 120 ι.
848 95 890 120 οε
916 94 1101 121 SOCOETATE
1127 97 1321 125 nomnsncn

141 166 269 201 firmat
296 166 432 202 domos
457 167 625 203 filiorum
653 178 661 203 :
689 167 905 203 maledictio
933 171 1060 203 autem
1090 169 1223 204 matris
1251 169 1399 207 eradica

140 217 402 255 fundamenta.
436 219 488 255 Ne
523 219 695 266 glorieris
729 220 767 254 in
799 220 1030 256 contumelia
1060 221 1177 267 patris
1211 223 1265 257 tui
1297 232 1304 257 :
1339 233 1414 259 non

139 271 241 306 enim
267 276 323 307 est
349 271 417 307 tibi
443 272 566 319 gloria
590 272 671 319 ejus
696 271 880 308 confusio.
906 272 1032 309 Gloria
1051 273 1151 308 enim
1178 273 1344 310 hominis
1370 285 1413 311 ex

140 322 285 359 honore
315 325 434 371 patris
460 325 532 370 sui,
560 329 596 360 et
621 323 782 360 dedecus
807 324 875 360 filii
906 329 1014 372 pater
1040 325 1119 361 sine
1145 325 1300 363 honore.
1332 326 1414 371 Fili,

139 377 287 424 suscipe
313 382 503 414 senectam
533 378 651 425 patris
677 378 746 422 tui,
768 382 805 413 et
832 388 908 413 non
935 378 1134 414 contristes
1159 389 1246 414 eum
1272 379 1310 414 in
1339 381 1417 416 vita

139 429 239 464 illius
263 441 270 465 ε
293 434 330 465 et
356 431 385 465 si
412 429 591 466 defecerit
616 441 740 474 sensu,
759 431 908 466 veniam
930 431 990 476 da,
1012 435 1049 467 et
1076 442 1122 467 ne
1149 442 1303 479 spernas
1329 443 1415 468 eum

139 483 177 517 in
206 484 345 518 virtute
379 488 444 518 tua
471 494 478 518 :
507 483 747 531 eleemosyna
774 484 875 519 enim
908 485 1025 531 patris
1051 495 1127 520 non
1157 485 1228 520 erit
1255 485 1293 520 in
1326 485 1418 521 obli·

137 536 291 572 vione...
318 536 440 577 Quam
460 536 572 572 malae
599 537 710 572 samoe
737 541 805 580 est,
832 537 896 583 qui
924 536 1151 584 derelinquit
1177 541 1323 584 patrem
1347 549 1354 573 ;
1380 544 1417 574 et

139 592 195 624 est
214 588 439 625 maledictus
458 599 481 624 a
499 589 588 633 Deo,
612 589 676 635 qui
695 593 891 636 exasperat
908 594 1083 625 matrem.
1108 604 1123 622 ›

520 682 777 718 Am‘icuffls
814 682 1038 718 snp'mms

746 748 818 792 (48)

576 833 631 869 De
655 834 830 870 societate
856 834 985 870 herili.

183 911 212 946 1.
235 910 441 946 Societatis
455 910 591 946 herilis
607 911 727 947 notio.
748 910 852 947 Sicut
871 910 986 947 homo
1005 912 1075 947 sibi
1096 912 1203 959 plene
1222 923 1297 948 non
1315 913 1415 948 suffi-

139 963 202 1006 cit,
224 962 288 998 sed
315 962 479 998 aliorum
501 974 571 1010 ope
592 963 752 1010 indiget,
773 963 827 999 ita
845 973 967 1010 neque
987 964 1056 1000 sibi
1078 964 1185 1012 plene
1205 965 1345 1001 sufficit
1365 965 1417 1001 sa-

139 1015 257 1060 milia,
280 1019 323 1050 ut
350 1015 509 1051 resultat
536 1015 705 1062 primum
724 1026 770 1051 ex
795 1016 933 1052 marito
954 1020 989 1052 et
1010 1027 1140 1062 uxore,
1162 1022 1198 1052 et
1223 1022 1354 1064 postea
1373 1028 1417 1053 ex

140 1068 238 1104 filiis.
268 1068 361 1103 ilinc
380 1067 645 1104 adsciscuntur
667 1067 823 1113 famuli,
845 1069 910 1115 qui
931 1069 968 1104 in
995 1070 1214 1105 societatem
1241 1069 1418 1106 domesti-

138 1131 221 1156 cam
248 1120 364 1155 veluti
392 1124 518 1168 partes
544 1119 802 1156 admittuntur
822 1121 859 1156 in
888 1121 1032 1157 bonum
1061 1122 1179 1168 ipsius
1201 1122 1418 1159 domesticae

137 1174 342 1209 societatis.
365 1173 451 1208 Haec
471 1173 564 1209 unio
582 1174 681 1209 inter
698 1173 891 1209 dominum
908 1178 940 1209 et
957 1174 1138 1219 famulos,
1159 1175 1306 1211 ratione
1325 1185 1418 1212 com-

137 1227 263 1262 munis
283 1225 469 1261 utilitatis
487 1226 602 1270 inita,
623 1230 780 1262 vocatur
796 1227 956 1262 societas
976 1226 1116 1262 herilis.

184 1280 230 1316 11.
252 1280 302 1315 De
318 1279 532 1324 mancipiis.
552 1279 681 1326 Viguit
697 1278 798 1327 apud
817 1279 975 1327 gentiles
993 1281 1203 1327 praesertim
1221 1281 1418 1317 societates

137 1331 197 1367 lex
223 1330 269 1367 de
289 1331 491 1378 mancipiis
513 1335 597 1367 orta
617 1331 808 1378 imprimis
830 1342 876 1367 ex
898 1332 983 1379 jure
1007 1332 1108 1378 belli,
1130 1343 1205 1379 qua
1230 1333 1417 1378 homines,

137 1385 202 1430 qui
229 1384 421 1430 mancipia
441 1389 562 1429 erant,
590 1384 644 1420 sic
668 1383 943 1420 addicebantur
962 1384 1207 1421 dominorum
1234 1386 1416 1428 servituti,

138 1441 179 1472 ut
210 1436 496 1482 expoliarentur
524 1436 629 1472 omni
657 1436 744 1483 jure
773 1436 971 1483 dignitatis
1000 1436 1192 1482 humanae,
1220 1443 1257 1474 et
1287 1448 1418 1474 eorum

139 1490 213 1524 vita
238 1493 274 1523 et
300 1499 404 1524 mors
430 1488 476 1523 ab
501 1488 593 1535 ipsis
619 1488 786 1524 dominis
810 1488 1031 1535 penderent,
1061 1500 1104 1525 eo
1130 1489 1245 1526 modo
1272 1501 1347 1537 quo
1375 1490 1419 1526 de

137 1543 249 1578 bruta
266 1542 499 1588 proprietate
516 1541 745 1588 disponitur.
764 1541 853 1583 Quae
869 1541 1087 1589 depravatio
1101 1553 1252 1579 morum
1270 1547 1419 1579 tantum

137 1594 315 1637 excrevit,
343 1598 385 1628 ut
411 1594 572 1641 integrae
602 1597 733 1640 gentes
758 1594 898 1629 brutali
926 1594 980 1629 illi
1005 1594 1177 1630 servituti
1203 1594 1420 1632 addiceren-

139 1652 220 1692 tur3
243 1651 280 1682 et
306 1646 423 1682 homo
445 1647 684 1692 nascebatur,
706 1658 783 1682 non
810 1647 878 1682 sub
906 1647 1029 1693 patria
1054 1651 1241 1694 potestate
1260 1647 1325 1685 sed
1351 1648 1419 1684 sub

137 1700 309 1736 dominio
340 1699 421 1735 heri
447 1700 691 1735 constitutus.
718 1700 774 1735 Ita
802 1700 971 1735 Penestae
998 1699 1099 1747 apud
1131 1700 1341 1745 Thessalos,
1368 1700 1422 1736 ita

138 1753 243 1789 Ilotae
275 1752 376 1800 apud
405 1751 711 1797 Lacedaemones,
745 1752 798 1788 ita
829 1751 875 1788 de
906 1752 990 1788 aliis
1022 1753 1195 1799 populis;
1228 1764 1296 1789 nec
1324 1754 1422 1789 inter

138 1806 364 1842 christianos
393 1804 596 1841 defuerunt
624 1805 689 1851 qui
715 1805 861 1841 licitam
887 1804 1056 1841 dicerent
1083 1810 1230 1843 tantam
1259 1806 1421 1853 ignomi-

137 1860 240 1895 niam
262 1863 299 1894 et
317 1858 591 1894 contumeliam
613 1858 761 1905 generis
781 1857 953 1894 humani.

183 1913 247 1948 ΙΙΙ.
264 1912 497 1956 Mancipatio
519 1912 657 1947 stricte
673 1914 825 1956 sumpta
839 1911 917 1957 iuri
933 1914 1083 1948 naturae
1103 1911 1341 1948 adversatur.
1357 1911 1422 1946 Lo-

136 1976 234 2012 quor
253 1965 299 2000 de
318 1964 602 2011 mancipatione
619 1965 749 2000 stricte
766 1968 932 2011 accepta,
955 1969 996 1999 ut
1014 1975 1172 2000 numero
1194 1964 1421 2011 praecedenti

137 2017 368 2064 explicatum
397 2021 465 2052 est.
498 2017 699 2054 Probatur.
729 2037 774 2042 -——
801 2016 935 2052 Servus
965 2016 1166 2064 dupliciter
1191 2017 1421 2053 considerari

137 2069 262 2113 debet,
296 2074 338 2104 ut
365 2080 509 2114 servus,
540 2073 577 2105 et
608 2073 651 2104 ut
682 2069 813 2105 homo.
848 2068 886 2105 Si
916 2068 1177 2105 consideretur
1207 2073 1249 2104 ut
1277 2079 1420 2113 servus,

137 2122 388 2158 essentialiter
413 2121 614 2157 ordinatur
638 2123 677 2157 in
705 2122 912 2158 utilitatem
938 2121 1097 2157 domini.
1125 2122 1170 2156 At
1198 2122 1295 2157 ratio
1325 2123 1420 2157 servi

136 2187 212 2211 non
237 2175 336 2210 delet
355 2174 393 2209 in
414 2174 496 2221 ipso
517 2175 707 2210 rationem
729 2174 928 2222 dignitatis
954 2174 1134 2210 humanm
1157 2185 1164 2209 z
1188 2175 1247 2210 cui
1268 2186 1336 2210 nec
1358 2186 1421 2210 νοω

135 2227 283 2263 luntate
308 2226 444 2271 aliena,
467 2236 534 2262 nec
558 2226 756 2262 voluntate
783 2226 939 2274 propria
964 2230 1089 2273 petest
1114 2227 1343 2262 renuntiare.
1368 2226 1419 2262 Si-

136 2280 293 2326 quidem
313 2279 430 2315 homo
451 2284 494 2314 ut
513 2278 630 2315 homo
653 2280 793 2327 gaudet
815 2279 989 2315 libertate
1010 2289 1086 2325 qua
1107 2290 1152 2314 ex
1173 2283 1319 2315 naturae
1342 2279 1420 2314 offi-

137 2337 195 2373 cio
222 2339 373 2370 tenetur
402 2332 557 2369 tendere
583 2333 621 2368 in
651 2332 831 2368 ultimum
861 2333 1001 2374 finem;
1033 2331 1087 2367 ita
1115 2336 1157 2366 ut
1189 2336 1267 2367 tam
1294 2343 1422 2368 servus
