1554 2569
41 132 117 157 AM.
135 131 190 156 111.
207 130 327 155 UTRUM
347 129 446 154 HOMO
461 127 591 152 SEMPER
608 127 702 151 AGAT
722 125 883 151 PROPTER
895 124 1052 154 ALIQUEM
1073 125 1150 151 ULT.
1166 126 1271 151 FlNEx
1309 118 1327 150 9

38 207 110 239 loc.
132 205 194 238 cit.
213 200 261 236 ad
280 203 327 236 2:
348 213 364 232 ‹
387 199 423 234 Si
444 209 521 246 qua
542 197 639 233 actio
660 196 832 232 humana
854 196 902 231 sit
921 196 1077 231 ultimus
1099 196 1199 241 finis,
1216 207 1328 243 opor-

41 260 93 291 tet
112 265 198 290 eam
218 264 301 290 esse
320 252 595 295 voluntariam,
610 255 652 285 ut
665 250 812 286 dictum
827 253 896 285 est.
920 250 1027 285 Actio
1048 253 1178 285 autem
1201 249 1330 297 aliqua

39 307 241 355 dupHciter
269 305 409 341 dicitur
438 302 667 339 voluntaria.
699 302 778 338 Uno
809 302 924 338 modo
952 303 1043 348 quia
1068 302 1283 349 imperatur
1307 313 1330 337 a

39 361 250 404 voluntate,
273 358 370 394 sicut
384 356 597 400 ambulare,
615 354 673 391 vel
692 354 821 402 loqui;
841 354 916 390 alio
938 355 1053 390 modo
1072 356 1165 401 quia
1183 355 1327 391 elicitur

41 424 63 450 a
86 413 297 454 voluntate,
320 411 418 446 sicut
444 410 571 455 ipsum
594 408 700 444 velle.
722 408 964 454 Impossibile
987 413 1117 444 autem
1135 412 1205 454 est,
1225 414 1330 456 quod

40 468 123 514 ipse
144 469 252 501 actus
273 475 295 499 a
313 463 509 499 voluntate
532 461 680 497 elicitus
701 461 749 497 sit
769 461 927 496 ultimus
948 462 1034 497 finis
1058 472 1066 497 :
1094 473 1185 498 nam
1206 461 1330 509 obJeo.

41 522 124 555 tum
144 517 353 554 voluntatis
373 519 428 551 est
447 515 548 558 finiS,
571 515 669 549 sicut
687 513 879 560 objectum
894 514 996 550 visus
1013 518 1070 550 est
1089 516 1210 553 color.
1225 517 1330 555 Unde

0 599 5 611 -.
42 573 138 609 sicut
158 569 398 616 impossibile
418 570 475 604 est
494 567 598 614 quod
621 567 789 613 primum
807 566 954 602 visibile
973 568 1020 602 sit
1040 568 1167 614 ipsum
1187 571 1328 608 videre..

0 616 6 640 ⁵³
43 625 134 673 quia
154 633 268 659 omne
288 621 415 657 videre
429 624 486 656 est
504 619 664 666 alicujus
678 619 816 666 objecti
832 619 1010 664 visibilis;
1028 620 1082 656 ita
1096 622 1333 670 impossibile

44 681 98 713 cst
119 676 223 724 quod
247 675 416 722 primum
439 672 664 721 appetibile,
686 672 789 720 quod
808 676 866 708 est
886 672 988 717 finis,
1010 674 1059 709 sit
1079 674 1206 721 ipsum
1223 678 1328 714 velle,

42 729 148 766 Unde
180 727 411 773 relinquitur
442 725 546 772 quod
579 726 609 760 si
641 735 718 771 qua
749 724 848 761 actio
882 724 1056 762 humana
1091 728 1140 762 sit
1174 729 1333 767 ultimus

44 783 143 825 sinis,
174 782 258 828 ipsa
288 780 337 815 sit
367 779 558 826 imperata
583 788 605 814 a
632 777 849 822 voluntate3
869 783 906 813 et
930 778 983 813 ita
1003 779 1056 814 ibi
1084 780 1213 827 aliqua
1233 784 1332 819 aetio

44 834 225 875 hominis,
249 832 297 869 ad
318 832 446 867 minus
464 831 592 878 ipsum
607 830 715 873 velle,
736 835 793 866 est
814 833 970 878 propter
991 831 1119 870 finem.
1142 834 1331 883 Quidquid

45 897 135 934 ergo
153 886 270 921 homo
287 884 415 928 faciat,
436 893 568 919 verum
588 887 645 918 est
664 881 787 918 dicere
808 883 913 930 quod
934 882 1052 920 homo
1070 890 1160 930 agat
1180 892 1334 936 propte.-

45 941 161 976 finem
182 949 190 974 :
210 937 328 974 etiam
345 935 496 983 agendo
517 935 710 972 actionem
730 946 816 982 quae
838 939 894 971 est
915 937 1074 973 ultimus
1094 939 1196 976 finis.
1218 955 1233 974 ι

456 1076 709 1113 ARTICULUS
735 1077 927 1114 TERTIUS

670 1154 718 1198 (3)

248 1229 382 1268 Utrum
403 1229 511 1265 homo
531 1240 675 1275 semper
694 1234 786 1275 aya!
801 1234 961 1276 propter
981 1231 1146 1278 aliquem

535 1281 711 1317 ultimum
727 1282 851 1328 finem.

95 1377 122 1413 1.
142 1376 272 1420 Homo,
294 1376 414 1411 etiam
435 1375 558 1411 libere
574 1384 705 1419 agens,
724 1384 874 1420 semper
892 1376 974 1422 agit
993 1380 1152 1422 propter
1172 1379 1339 1424 aliquem

48 1429 231 1465 ultimum
245 1428 373 1464 finem.
390 1427 551 1463 Nomine
566 1427 692 1462 ultimi
708 1427 793 1462 finis
808 1428 1034 1474 intelligitur
1049 1429 1087 1465 id
1104 1431 1206 1477 quod
1221 1443 1288 1478 per
1302 1444 1340 1468 se

51 1481 248 1529 appetitur
268 1491 290 1516 a
309 1480 505 1516 voluntate
526 1484 569 1515 ut
592 1479 920 1526 complementum
941 1491 1022 1517 suae
1043 1484 1286 1528 perfectionis
1306 1492 1341 1520 et

50 1533 242 1578 desiderii,
266 1537 393 1569 cetera
417 1543 507 1568 vero
533 1536 690 1580 propter
715 1532 844 1580 ipsum
874 1534 932 1578 (Ο.
960 1535 1016 1577 50,
1039 1535 1114 1579 IV),
1138 1536 1341 1573 Ostensum

49 1590 106 1621 est
126 1590 256 1622 autem
277 1585 381 1633 quod
401 1585 519 1621 homo
539 1585 657 1621 libere
686 1595 804 1633 agens
834 1587 913 1634 agit
940 1591 1097 1634 propter
1123 1589 1252 1632 finem,
1277 1595 1341 1637 qui

49 1638 138 1674 licet
159 1638 197 1674 in
217 1638 440 1674 executione
461 1638 510 1673 sit
531 1637 701 1683 ultimus,
724 1638 797 1674 hoc
818 1643 873 1674 est
899 1640 1058 1676 ultimus
1080 1643 1268 1678 terminus
1296 1644 1343 1679 ad

52 1701 167 1738 quem
194 1691 372 1727 voluntas
398 1691 595 1737 pertingit,
621 1691 754 1737 primo
782 1696 912 1728 tamen
945 1693 1272 1740 apprehenditur;
1308 1701 1344 1731 et

52 1748 242 1790 quatenus
270 1742 575 1790 apprehendit-ur
604 1746 660 1779 est
689 1744 923 1791 principium
954 1756 1111 1782 movens
1145 1745 1344 1784 alliciendo

51 1796 287 1832 voluntatem
303 1797 440 1843 ipsam.
455 1798 530 1831 Aut
551 1796 670 1842 igitur
686 1797 789 1842 linis,
809 1802 967 1844 propter
982 1809 1097 1845 quem
1114 1799 1232 1836 homo
1251 1802 1343 1847 agit.

53 1851 207 1894 propter
219 1859 260 1883 se
278 1849 472 1895 appetitur
491 1853 528 1883 et
546 1849 720 1884 absolute
737 1851 920 1886 terminat
937 1852 1153 1898 appetitum
1175 1853 1347 1889 volunta-

54 1902 124 1946 tis;
144 1904 210 1937 aut
230 1905 365 1936 contra
387 1900 440 1936 sic
453 1902 661 1948 appetitur,
683 1904 724 1936 ut
742 1902 791 1937 ad
809 1902 979 1949 aliquem
1001 1904 1122 1940 alium
1144 1907 1260 1941 finem
1283 1918 1348 1953 per

54 1954 181 2000 ipsum
202 1953 518 2000 consequendum
540 1953 752 1998 ordinetur,
776 1956 872 1990 sicut
893 1957 1055 2002 pecunia
1083 1959 1280 2002 appetitur
1298 1960 1347 1994 ad

54 2006 360 2042 commodiorem
381 2007 497 2042 vitam
525 2005 755 2043 ducendam.
782 2009 864 2043 Non
893 2008 1006 2044 datur
1026 2010 1212 2045 medium.
1235 2013 1348 2057 Atqui

56 2059 87 2093 si
115 2059 284 2104 primum
308 2061 541 2103 assumatur,
570 2058 736 2094 habetur
757 2070 803 2095 ex
828 2060 1050 2096 delinitione
1074 2062 1165 2097 data
1190 2063 1349 2099 ultimus

57 2111 142 2147 finis
155 2111 193 2146 in
208 2121 284 2158 quo
300 2112 475 2148 absolute
490 2113 668 2147 voluntas
686 2113 868 2158 quiescit3
885 2113 917 2148 si
932 2114 1095 2149 alterum
1111 2120 1348 2161 assumatur,

59 2163 244 2199 habemus
263 2163 366 2210 quod
386 2166 415 2200 A
437 2164 633 2211 appetitur
654 2169 812 2212 propter
832 2167 870 2211 B,
893 2170 930 2202 et
959 2168 983 2201 B
1012 2170 1169 2214 propter
1192 2169 1229 2211 C,
1259 2172 1296 2204 et
1325 2171 1350 2204 C

59 2219 212 2262 propter
231 2217 274 2259 D,
296 2220 333 2252 et
353 2217 382 2252 D
404 2222 561 2264 propter
580 2217 621 2259 X,
644 2219 679 2252 et
697 2217 751 2253 sic
773 2217 818 2254 de
837 2219 972 2257 ceteris
995 2229 1003 2255 τ
1027 2230 1103 2266 qua
1124 2220 1161 2255 in
1183 2221 1278 2256 serie
1298 2221 1350 2257 fa-

58 2268 127 2304 cile
141 2272 198 2304 est
212 2269 517 2305 animadvertere
533 2269 636 2316 quod
651 2270 689 2306 in
704 2270 838 2306 ordine
854 2272 1103 2319 appetitionis
1117 2276 1154 2309 et
1169 2274 1306 2309 finium
1324 2275 1350 2308 D

60 2331 136 2356 non
156 2325 296 2367 movet,
319 2321 390 2358 nisi
412 2321 570 2358 daretur
586 2323 630 2365 X,
654 2333 776 2369 neque
802 2324 827 2360 C
847 2324 1006 2360 daretur
1026 2325 1098 2360 nisi
1120 2325 1279 2361 daretur
1299 2327 1349 2369 D;

61 2375 97 2408 et
116 2378 392 2421 consequenter
415 2384 493 2411 non
515 2374 605 2411 dato
625 2375 670 2413 X.
690 2375 931 2415 impossibile
954 2381 1011 2413 est
1038 2377 1121 2413 dari
1141 2379 1185 2415 A.
1207 2378 1297 2414 auia
1323 2380 1349 2413 Α
