1584 2569
248 169 330 197 Am.
349 169 402 196 lv.
424 169 467 194 DE
485 170 614 195 HUTUIS
636 168 782 195 onflcus
803 169 844 194 m·
861 168 1002 194 mamus
1021 168 1205 195 comnotus
1316 161 1382 194 205

99 242 187 278 tatis
217 243 486 288 constituatur,
517 245 596 278 sine
623 253 699 289 qua
724 244 870 278 unitate
897 242 1002 278 nulla
1031 242 1192 278 societas
1225 243 1386 278 existere

98 300 236 341 potest.
268 295 372 331 Unde
397 295 635 342 impossibile
659 299 714 331 est
738 300 780 330 ut
800 305 898 330 uxor
923 299 960 331 et
983 296 1146 331 maritus
1173 295 1212 330 in
1240 295 1388 331 domes-

97 348 172 383 tica
193 348 373 384 societate
396 348 597 396 dirigenda
622 349 698 384 sint
717 348 817 384 inter
843 359 881 384 se
903 347 1216 396 independentes‚
1239 348 1310 384 hoc
1331 353 1388 384 est

97 401 177 436 sine
189 400 266 436 ulla
276 400 324 437 ad
335 401 497 437 invicem
511 401 839 437 subordinatione.
852 400 961 443 Quod
974 401 1207 449 principium
1218 401 1249 436 si
1261 401 1386 437 solum

96 453 400 490 considerassent
416 454 610 499 Kraus1us,
630 459 667 491 et
687 455 752 501 qui
767 464 855 490 eum
875 454 994 490 secuti
1013 458 1102 489 sunt
1117 454 1383 499 rationalistae,

96 506 266 553 profecto
283 518 360 543 non
381 507 600 544 docuissent
620 508 719 543 inter
739 507 913 543 membra
938 507 1131 543 societatis
1150 507 1385 552 domesticae,

96 559 170 595 hoc
206 563 263 595 est
300 560 400 596 inter
431 560 556 596 virum
592 564 630 596 et
667 571 841 604 uxorem,
878 559 1085 607 perfectam
1125 560 1386 606 aequalitatem

96 612 257 649 existere
282 613 321 648 in
344 613 531 660 regimine
558 612 782 649 domestico.
810 613 1028 649 Necessario
1059 617 1188 648 autem
1219 613 1387 649 admissa

97 665 322 702 auctoritate
343 665 531 713 dirigente
548 667 587 702 In
608 677 685 702 uno
706 666 929 713 conjugum,
948 677 1025 702 non
1046 666 1199 702 mulieri
1221 666 1286 701 sed
1307 667 1386 702 viro

96 717 162 753 illa
181 718 385 754 tribuenda
407 723 463 754 est
483 729 491 753 :
515 718 553 754 id
575 719 677 755 enim
704 723 842 754 natura
862 718 1006 754 indIOat
1026 723 1109 754 tum
1137 719 1174 754 in
1196 718 1387 766 physiolo-

97 770 159 817 gia
178 770 456 815 membrorum,
487 781 573 817 quae
600 771 786 807 debiliora
812 772 848 806 in
871 771 1037 815 seminis,
1060 772 1098 806 in
1119 771 1208 806 viris
1229 771 1387 807 fortiora

96 827 199 867 sunt,
217 828 298 859 tum
317 824 485 860 maxime
506 825 545 860 in
566 824 709 860 viribus
729 823 1019 871 intelligentiae3
1042 823 1079 859 id
1102 828 1233 869 gentes
1255 834 1387 859 omnes

96 875 348 922 proclamant,
366 887 482 923 penes
502 887 597 922 quas
614 887 765 924 semper
779 887 856 912 non
870 877 926 912 vir
940 877 1010 912 sub
1027 876 1199 922 muliere,
1217 877 1281 912 sed
1304 887 1387 912 mu-

96 928 165 964 lier
192 928 262 964 sub
290 929 371 964 viro
402 928 486 964 fuit.
517 929 699 965 Doctrina
726 929 919 976 Evangelii
946 929 1147 965 mulierem
1175 929 1329 975 quidem
1349 930 1386 964 in

96 982 320 1028 primaevam
335 980 564 1029 dignitatem
582 982 762 1026 restituit,
782 982 860 1018 imo
881 987 919 1018 et
939 983 977 1017 in
990 981 1220 1017 nobiliorem
1241 983 1385 1026 erexit3

96 1033 161 1069 sed
188 1034 416 1070 inculcando
437 1039 617 1071 mutuum
638 1045 811 1071 amorem
832 1035 1043 1082 conjugum
1059 1063 1067 1079 ,
1097 1039 1138 1069 ut
1160 1046 1276 1081 supra
1295 1034 1387 1069 vidi-

96 1098 196 1131 mus,
217 1086 577 1123 subordinationem
600 1087 801 1134 potestatis
822 1087 998 1134 praecipit
1018 1098 1025 1123 ε
1049 1101 1064 1119 ‹
1086 1087 1264 1123 Mulieres
1290 1088 1387 1123 viris

96 1141 177 1176 suis
195 1139 357 1176 subditoe
370 1140 461 1184 sint,
480 1140 580 1176 sicut
589 1141 754 1177 Domino
767 1152 778 1176 .·
790 1142 971 1187 quoniam
986 1141 1047 1176 vir
1062 1145 1176 1186 caput
1193 1145 1245 1176 est
1259 1141 1386 1176 mulie-

96 1193 166 1237 ris,
187 1192 286 1229 sicut
307 1192 482 1229 Christus
499 1198 614 1239 caput
632 1198 684 1229 est
703 1193 909 1229 Ecclesiae:
933 1194 1012 1239 ipse
1027 1193 1199 1229 salvator
1215 1195 1387 1239 corporis

96 1245 191 1292 ejus.
202 1245 278 1282 Sed
286 1245 569 1282 sz‘cutEcclesia
576 1245 748 1292 subjecta
759 1251 810 1281 est
821 1245 986 1290 Christo,
998 1246 1055 1282 ita
1065 1250 1097 1281 el
1109 1246 1282 1282 mulieres
1290 1246 1387 1281 viris

95 1298 177 1334 suis
202 1298 244 1334 in
268 1298 455 1335 omnibus.
479 1313 495 1331 ι
519 1299 708 1335 Hactenus
730 1298 766 1334 S.
791 1298 945 1344 Paulus,
965 1299 1105 1344 Epltes.
1134 1298 1176 1343 V,
1201 1300 1323 1334 22-24.
1342 1319 1388 1324 -

96 1352 199 1388 Hanc
215 1355 344 1387 autem
364 1355 595 1398 potestatem
615 1351 685 1387 viri
705 1352 744 1387 in
764 1361 925 1387 uxorem
946 1362 1024 1387 non
1044 1362 1124 1387 esse
1149 1351 1385 1398 despoticam

97 1404 162 1440 sed
185 1404 416 1450 maritalem,
440 1404 539 1440 sicut
564 1414 702 1452 nempe
722 1404 761 1439 in
779 1404 923 1441 sociam
944 1408 982 1439 et
999 1415 1075 1440 non
1098 1405 1135 1439 in
1162 1415 1324 1449 servam,
1352 1409 1388 1440 et

97 1462 139 1493 ut
156 1457 263 1493 decet
281 1457 382 1493 inter
400 1468 465 1494 eos
484 1458 549 1504 qui
568 1462 658 1493 sunt
673 1467 751 1493 una
772 1467 875 1502 caro,
897 1461 934 1493 et
954 1461 1090 1493 mutuo
1102 1468 1234 1492 amore
1251 1458 1386 1493 uniun-

99 1516 160 1545 tur
175 1514 213 1546 et
231 1510 374 1555 vivunt,
397 1514 530 1557 patent
549 1521 595 1546 ex
616 1510 728 1546 dictis
746 1521 906 1546 numero
926 1509 971 1545 11.

141 1563 184 1599 V.
207 1563 339 1600 Officia
358 1563 582 1600 domestica.
604 1563 642 1599 Si
660 1562 824 1609 denique
843 1573 970 1599 sermo
988 1567 1046 1599 est
1062 1562 1108 1599 de
1126 1563 1275 1608 officiis,
1297 1574 1384 1609 quae

96 1616 304 1663 respiciunt
326 1620 409 1652 tum
439 1615 691 1652 domesticam
714 1615 972 1652 oeconomiam
1005 1620 1087 1651 tum
1117 1615 1385 1652 educationem

96 1669 227 1716 prom,
270 1679 316 1705 ex
350 1669 434 1716 ipsa
473 1673 611 1705 natura
654 1679 698 1704 ea
732 1668 891 1705 definire
931 1679 1149 1715 possumus.
1191 1669 1387 1705 Mulierem

97 1722 198 1757 enim
228 1721 275 1758 ad
316 1722 467 1758 interna
504 1726 542 1757 et
575 1721 786 1757 minutiora
821 1721 947 1757 officia
991 1721 1130 1757 domus
1170 1721 1388 1768 peragenda

97 1775 236 1810 Auctor
255 1774 334 1821 ipse
356 1777 504 1809 naturae
525 1773 737 1820 disposuit3
768 1774 825 1809 vir
843 1777 972 1809 autem
994 1778 1152 1809 externa
1176 1775 1331 1820 negotia
1350 1779 1389 1809 et

97 1836 206 1862 ouras
237 1825 376 1863 arduas
408 1826 447 1861 in
478 1825 645 1873 regenda
677 1825 888 1861 domestica
922 1826 1103 1861 societate
1138 1830 1218 1861 tum
1251 1826 1388 1861 robore

97 1878 360 1914 membrorum
378 1882 460 1914 tum
481 1877 745 1925 intelligentiae
777 1877 1044 1924 superioritate
1068 1878 1293 1913 naturaliter
1315 1878 1386 1912 sibi

96 1931 275 1968 vindicat.
294 1931 452 1978 Nempe,
469 1930 526 1966 vir
544 1931 696 1978 ingenio
718 1930 777 1965 vel
793 1930 925 1966 labore
946 1929 1106 1966 domum
1122 1930 1232 1965 bonis
1248 1935 1385 1977 auget;

96 1984 235 2020 mulier
261 1987 462 2020 conservat
492 1993 579 2029 quae
597 1993 619 2019 a
652 1983 731 2018 viro
768 1982 1027 2018 cumulantur.
1063 1982 1231 2018 Stultum
1258 1988 1386 2019 autem

97 2041 154 2073 est
179 2041 391 2084 pervertere
417 2036 544 2073 officia
569 2046 655 2082 quae
679 2040 818 2071 natura
844 2039 923 2071 tam
953 2035 1120 2071 mirabili
1146 2035 1389 2082 providentia

99 2089 306 2135 distribuit,
324 2089 603 2136 ordinavitque.
622 2109 667 2115 -—
685 2088 790 2124 Idem
809 2088 1099 2136 proportionate
1117 2087 1322 2124 dicendum
1341 2087 1387 2123 de

98 2142 233 2178 officiis
258 2142 386 2189 quoad
417 2141 684 2178 educationem
715 2140 843 2188 prolis.
877 2141 965 2177 Haec
996 2141 1099 2177 enim
1132 2141 1258 2188 prima
1274 2145 1387 2176 aetate
1443 2175 1445 2177 .

98 2195 233 2231 melius
244 2195 500 2231 committitur
518 2194 631 2231 matri
648 2198 805 2242 propter
823 2193 1063 2230 affectionem
1082 2198 1120 2230 et
1140 2194 1254 2229 etiam
1274 2204 1387 2240 prop-

99 2253 155 2284 ter
177 2248 403 2294 patientiam
422 2247 675 2284 necessariam
695 2246 743 2283 ad
764 2257 903 2294 pueros
925 2246 1148 2283 formandos
1166 2250 1203 2282 et
1225 2245 1387 2281 educan-

97 2301 168 2337 dos
185 2312 194 2345 3
216 2305 255 2343 at
274 2311 362 2337 cum
376 2301 444 2336 filii
459 2300 707 2345 adoleverint,
724 2310 858 2336 eorum
873 2299 1049 2336 educatio
1068 2299 1192 2347 magis
1207 2299 1387 2335 convenit

101 2354 213 2401 patri,
234 2354 324 2400 quia
342 2353 514 2390 vividiori
532 2353 786 2400 intelligentia
805 2352 991 2401 praeditus
1006 2356 1043 2388 et
1055 2352 1283 2388 auctoritate
1305 2362 1387 2399 gra-

100 2404 196 2451 vior,
218 2405 420 2453 disciplina
436 2409 473 2442 et
490 2405 663 2441 doctrina
683 2406 810 2453 aptior
827 2409 885 2442 est
902 2405 950 2442 ad
967 2405 1066 2441 filios
1084 2403 1316 2441 educandos.

137 2484 278 2510 Zicruu.
302 2483 415 2509 Summa
432 2482 535 2516 philos.
553 2496 583 2502 -
607 2483 638 2509 Τ.
656 2481 703 2509 111.
1245 2482 1277 2508 5⁴
