1584 2569
165 121 247 148 aar.
267 120 319 145 ιν.
342 121 388 146 tm
407 120 534 147 nuruis
554 118 702 146 01=1⁷1cns
723 120 765 146 ει·
783 120 928 146 sumnus
950 120 1135 146 comosum
1269 111 1337 146 20³

47 192 215 230 Societas
229 193 348 230 civilis
365 193 600 240 sapientiora
612 192 742 229 media
759 197 920 240 quaerat,
937 192 982 228 de
998 192 1138 239 quibus
1155 192 1252 227 cives
1268 203 1337 239 pro

46 245 241 282 voluntate
265 245 483 294 disponant,
507 251 589 281 turn
611 247 649 281 in
672 245 934 282 contrahendo
965 245 1230 290 matrimonio,
1256 249 1337 280 tum

46 300 85 335 in
111 298 338 335 abstinendo
357 310 381 335 a
403 299 560 346 nuptiis,
586 299 794 346 superioris
821 299 911 335 boni
932 309 1064 334 amore
1088 297 1207 342 ducti,
1231 302 1273 333 ut
1293 298 1338 333 de

45 351 222 388 caelibatu
234 351 379 388 dictum
391 356 468 388 est:
486 351 558 388 hoc
570 356 681 399 pacto
694 352 855 388 societas
869 351 988 388 civilis
1003 352 1160 398 proprio
1186 351 1337 386 muneri

46 404 230 441 satisfacit
251 415 259 440 z
279 404 345 441 sed
365 408 499 441 contra
517 405 607 451 jura
634 405 825 441 naturalia
850 409 888 440 ot
908 404 1036 440 divina
1060 415 1135 440 non
1164 415 1244 440 sese
1267 404 1337 439 im-

45 459 204 495 misceat
223 458 261 494 in
279 459 325 494 iis
341 468 428 505 quae
448 459 508 495 sui
525 459 625 505 juris
647 469 722 494 non
744 463 847 503 sunt,
869 462 936 494 aut
955 457 1165 494 violentum
1188 457 1337 494 caeliba-

46 515 129 546 tum
149 511 422 558 praecipiencm,
451 516 518 547 aut
540 512 802 547 voluntarium
827 511 1046 547 caelibatum
1074 509 1335 558 impediendo.

46 563 182 599 Fateor
197 564 360 599 medium
378 564 480 600 istud
501 565 651 612 sapiens
672 563 719 599 ad
741 564 921 601 salvanda
937 565 1027 610 jura
1048 564 1187 600 civium
1209 562 1337 610 quoad

45 615 338 653 matrimonium
370 617 676 654 contrahendum
699 617 755 653 vel
779 617 1000 654 caelibatum
1032 615 1276 660 servandum,
1302 621 1339 651 et

46 668 161 704 simul
182 668 231 705 ad
250 669 475 706 salvandum
496 670 641 706 bonum
667 669 807 707 sociale
828 670 955 717 quoad
978 671 1259 706 incrementum
1280 669 1337 705 vel

45 721 339 760 diminutionem
351 723 497 770 populi,
520 734 596 758 non
618 724 777 759 inveniri
793 722 998 760 efficaciter
1011 723 1083 759 nisi
1099 723 1168 758 sub
1187 722 1335 758 influxu

46 774 204 811 salutari
222 774 415 822 Evangelii
440 780 477 811 et
496 775 672 813 Ecclesioe
693 776 914 820 catholicae;
937 776 1002 812 sed
1029 776 1142 822 culpa
1168 775 1336 811 maxima

47 831 104 863 est
124 827 274 863 socialis
297 829 549 873 auctoritatis,
575 839 661 875 quas
687 828 859 865 medium
886 829 980 865 illud
1001 839 1078 865 non
1110 834 1230 873 curat,
1259 828 1336 863 imo

47 879 259 916 detestatur
276 884 314 916 et
334 887 545 928 oppugnat,
573 892 617 918 ac
647 883 810 929 seipsam
832 887 869 918 et
889 883 987 918 cives
1015 883 1143 928 inique
1172 886 1208 917 et
1228 882 1338 917 sacri-

46 932 129 980 lege
156 932 417 969 subtrahendo
447 934 494 970 ab
518 934 683 970 Ecclesia
705 934 901 971 Catholica
930 939 968 971 et
993 936 1058 971 Dei
1082 935 1243 982 legibus,
1273 939 1339 970 aut

45 985 228 1022 violentia
250 990 318 1023 aut
336 986 491 1023 licentia
510 992 576 1023 aut
597 992 758 1034 utraque
784 988 900 1024 simul
926 988 1138 1035 gubernare
1159 987 1337 1023 homines

45 1038 269 1076 stultissime
286 1043 324 1076 et
343 1040 583 1087 iniquissime
601 1041 815 1087 praesumit.

441 1164 700 1200 ARTICULUS
727 1164 941 1206 QUARTUS

608 1218 623 1231 ‘
658 1247 731 1291 (45)

254 1329 310 1365 De
333 1330 476 1364 mutuis
498 1329 644 1376 officiis
663 1333 696 1364 ec
719 1328 880 1374 ,furibus
900 1328 1120 1376 conjugum.

90 1411 118 1446 1.
135 1411 327 1456 Principia
343 1412 481 1457 quihus
493 1413 674 1448 nituntur
687 1414 823 1448 mutua
835 1411 962 1448 officia
976 1414 1016 1447 et
1028 1412 1116 1457 jura
1126 1412 1230 1448 inter
1247 1421 1317 1447 con

43 1464 164 1509 juges.
188 1463 473 1501 Matrimonium
511 1468 592 1500 est:
616 1466 652 1500 1⁰
669 1465 888 1511 conjunctio
910 1465 1081 1500 maxima
1100 1465 1171 1499 viri
1195 1469 1231 1500 et
1251 1475 1334 1500 mu-

45 1517 146 1553 lieris
162 1529 171 1562 3
190 1519 227 1552 2υ
248 1516 450 1554 ordinatur
484 1517 532 1553 ad
552 1518 859 1564 procreationem
885 1522 923 1553 et
942 1517 1212 1554 educationem
1239 1518 1333 1553 filio-

44 1579 153 1614 rum3
186 1571 224 1606 3⁰
237 1581 283 1606 ex
302 1570 364 1606 illa
376 1571 645 1617 conjunctione
665 1570 817 1617 exurgit
833 1570 994 1607 societas
1011 1569 1235 1615 domestica,
1249 1580 1335 1617 quae

45 1622 81 1657 in
120 1621 247 1659 radice
281 1623 452 1659 continet
489 1623 711 1659 societatem
747 1623 908 1660 civilem.
949 1623 1002 1658 Ex
1044 1622 1186 1671 triplici
1219 1623 1336 1670 igitur

44 1675 182 1722 capite,
214 1675 329 1712 veluti
362 1686 406 1712 ex
443 1676 570 1712 nativa
602 1677 749 1724 origine
779 1676 1002 1713 derivantur
1039 1681 1154 1723 atque
1184 1676 1336 1713 definiri

44 1726 184 1764 debent
208 1733 344 1764 mutua
371 1728 498 1765 officia
524 1733 561 1764 et
585 1729 675 1775 jura
700 1729 799 1765 inter
823 1730 1021 1776 conjuges.
1049 1729 1228 1765 Dicamus
1251 1729 1334 1764 bre—

46 1780 140 1816 viter
156 1779 202 1816 de
219 1780 392 1827 singulis.

90 1833 136 1869 ΙΙ.
154 1834 268 1869 Amor
282 1837 452 1870 mutuus.
474 1833 680 1881 vulgatum
699 1840 755 1870 est
770 1835 952 1881 adagium
971 1845 978 1870 :
996 1846 1068 1880 per
1089 1835 1214 1871 eadem
1228 1835 1336 1879 prin-

43 1885 150 1932 cipia
159 1896 219 1922 res
229 1892 510 1931 conservamur,
515 1897 676 1934 perquoe
682 1887 962 1934 producuntur.
973 1887 1121 1924 Matrim
1129 1898 1148 1923 o
1156 1887 1260 1924 nium
1271 1898 1332 1924 au-

44 1943 120 1975 tem
142 1949 187 1975 ex
208 1949 339 1976 amore
365 1939 606 1976 contrahitur
630 1940 701 1985 (42,
738 1939 810 1985 lv),
833 1944 869 1975 et
894 1940 984 1987 quia
1010 1940 1202 1976 vinculum
1230 1940 1333 1987 quod

42 2000 154 2028 amor
178 1993 347 2038 primum
368 1993 485 2038 nexit,
515 1998 551 2028 et
571 2003 646 2039 quo
668 1993 855 2029 unitatem
878 2003 921 2028 ex
944 1992 1094 2029 duobus
1119 1994 1332 2037 constituit,

44 2044 262 2081 inviolabile
288 2049 426 2082 natura
447 2056 517 2082 sua
539 2051 767 2093 perseverat,
794 2046 878 2081 ideo
896 2045 943 2081 ad
963 2051 1141 2082 mutuum
1161 2056 1332 2082 amorem

44 2101 224 2134 tenentur
250 2098 446 2145 conjuges,
479 2108 555 2146 quo
584 2098 665 2135 solo
702 2099 827 2134 unitas
856 2097 1040 2145 praedieta
1074 2105 1331 2135 conservatur.

43 2150 90 2185 At
105 2160 215 2186 amor
233 2149 416 2187 honestus
436 2162 516 2188 esse
533 2150 644 2188 debet
665 2151 806 2197 (ibid),
829 2156 870 2186 ut
890 2151 1047 2187 homine
1106 2151 1225 2197 det-et,
1248 2163 1334 2189 cou-

45 2206 249 2249 sequenter
281 2205 485 2240 virtuosus.
523 2203 628 2240 Unde
660 2204 843 2251 conjuges
878 2204 1021 2240 nedum
1051 2162 1113 2240 [Q
1153 2205 1333 2241 virtutem

43 2253 242 2292 colendam
267 2255 358 2293 dent
377 2268 532 2304 operam
561 2258 659 2294 sicut
678 2263 813 2294 ceterae
840 2257 1046 2294 rationales
1066 2262 1252 2294 creaturae
1270 2269 1333 2294 ne-

43 2317 146 2344 cesse
175 2313 244 2354 est,
280 2309 346 2345 sed
380 2310 594 2357 specialiori
627 2311 788 2355 ratione,
821 2311 912 2357 quia
938 2311 1058 2346 virtus
1084 2321 1222 2357 nempe
1253 2311 1334 2346 sola

43 2363 170 2407 potest
196 2361 323 2398 vivum
342 2373 565 2400 conservare
594 2367 630 2399 et
655 2363 853 2401 confovere
874 2374 1047 2401 amorem
1074 2363 1329 2409 spiritualem,
