1584 2569
174 93 241 128 308
267 99 324 127 ms
343 100 507 132 NATURAE.
525 101 595 127 mn,
614 102 656 128 11.
672 101 748 128 CAP.
767 102 802 126 V.
823 101 868 128 DE
884 101 1015 130 uuruts
1035 99 1225 130 RELATION.
1248 96 1351 126 mm
1365 99 1441 127 81⁵0.

562 224 816 261 ARTmuLus
841 223 1048 266 QUARTUS

762 306 836 350 (67)

585 387 641 423 De
661 386 832 423 libertate
853 386 1023 423 docendi.

216 486 243 522 1.
259 485 437 530 Quaestio.
450 485 531 521 Una
545 484 659 520 simul
671 495 758 521 cum
769 484 946 521 libertate
960 483 1252 522 conscientiae‘et
1271 485 1439 522 cultuum

171 538 428 584 proclamatur
443 549 464 573 a
483 538 685 574 recentiori
705 537 940 574 liberalismo
959 538 1115 575 libertas
1135 538 1330 581 doctrinae,
1351 546 1443 583 prae·

172 590 300 627 sertim
337 600 423 626 vero
461 589 589 637 quoad
626 589 795 626 medium
830 600 906 636 quo
940 590 1202 638 principaliter
1235 591 1442 631 exercetur,

171 653 304 689 nempe
317 643 442 690 quoad
458 643 672 678 libertatem
682 642 804 680 Proeli
817 643 871 688 (la
882 643 1018 679 liberta
1029 643 1129 679 della
1143 644 1321 689 stampa).
1334 642 1443 685 Quae-

170 696 289 731 rimus
303 705 393 742 ergo
408 697 537 731 utrum
554 695 635 731 haec
646 695 803 732 libertas
823 696 871 731 sit
891 695 1085 741 honestas,
1107 699 1144 731 et
1157 696 1205 732 ab
1218 695 1444 731 auctoritate

170 747 268 783 civili
288 747 550 795 approbanda.
574 747 638 784 Hic
659 748 798 784 iterum
819 748 1008 785 admoneo
1034 757 1249 784 sermonem
1269 758 1346 783 non
1364 757 1445 783 esse

171 798 216 835 de
240 799 454 841 tolerantia,
489 799 555 835 sed
586 799 632 835 de
661 800 937 847 approbatione
963 811 971 836 :
994 800 1154 837 tolerari
1168 799 1322 846 quidem
1343 798 1447 834 mala

171 854 343 898 possunt,
365 851 431 888 sed
450 852 601 888 nonnisi
621 851 719 888 bona
738 852 952 899 approbari
967 852 1118 891 dehent.

219 905 266 940 11.
287 905 551 941 Praenotamen
569 905 746 951 primum.
775 907 858 942 Non
884 906 1000 942 semel
1020 916 1043 942 a
1066 905 1177 942 nobis
1203 905 1348 941 dictum
1374 907 1444 946 est,

173 957 370 994 hominem
391 957 438 993 ad
456 958 676 994 societatem
703 961 835 996 natum
856 968 951 1003 esse,
972 963 1009 994 et
1039 958 1191 995 nonnisi
1210 959 1248 994 in
1267 956 1446 994 societate

172 1014 209 1044 et
231 1020 253 1045 a
283 1009 462 1046 societate
495 1020 605 1056 posse
637 1010 778 1047 habere
810 1011 951 1047 auxilia
979 1010 1027 1047 ad
1053 1021 1135 1048 sese
1155 1009 1444 1058 perficiendum.

171 1062 353 1098 Perfectio
372 1065 500 1098 autem
518 1063 684 1099 hominis
700 1064 889 1110 praecipue
903 1074 949 1099 ex
964 1067 1070 1110 parte
1084 1063 1311 1099 intellectiva
1326 1066 1447 1098 atten-

172 1115 274 1150 ditur
292 1116 354 1151 cui
374 1116 571 1163 proprium
590 1120 648 1151 est
667 1126 885 1162 cognoscere
901 1119 937 1152 et
950 1127 1093 1161 amare,
1109 1125 1338 1162 cognoscere
1355 1115 1449 1150 veri-

171 1170 290 1203 tatem
310 1172 348 1203 et
367 1178 498 1204 amare
517 1168 674 1205 honum.
692 1169 835 1205 Exinde
855 1173 911 1205 est
926 1168 1029 1213 quod
1048 1169 1233 1216 impedire
1252 1167 1447 1204 hominem

172 1231 194 1256 a
211 1220 476 1256 consecutione
497 1221 665 1257 veritatis
684 1225 719 1257 et
745 1222 941 1266 virtutum,
963 1224 1019 1258 est
1035 1222 1161 1268 ipsum
1184 1220 1449 1258 intellectuali-

173 1277 230 1307 ter
247 1271 536 1319 quodammodo
555 1273 738 1309 occidere.

217 1325 283 1361 111.
306 1326 572 1362 Praenotamen
596 1327 775 1363 alterum.
794 1326 841 1361 At
865 1336 953 1362 vero
979 1330 1036 1363 est
1058 1326 1237 1373 quaedam
1263 1324 1447 1367 doctrina,

172 1388 256 1422 quae
277 1382 424 1413 mentes
446 1388 521 1413 non
546 1378 699 1414 instruit
725 1378 791 1414 sed
818 1380 1010 1424 pervertit,
1031 1380 1103 1415 sub
1131 1379 1254 1423 specie
1278 1377 1449 1414 veritatis

172 1440 342 1465 errorem
359 1430 606 1466 insinuando.
629 1430 811 1473 Quocirca
834 1442 880 1467 ex
900 1442 944 1467 eo
965 1431 1069 1479 quod
1090 1431 1206 1467 homo
1224 1434 1364 1466 natura
1380 1440 1446 1466 sua

170 1482 291 1517 fertur
311 1482 359 1519 ad
380 1482 580 1518 veritatem
594 1487 631 1518 et
651 1483 715 1530 jus
742 1483 855 1520 hahet
879 1483 983 1521 illam
1004 1484 1199 1530 quaereudi
1219 1488 1256 1519 et
1280 1482 1450 1520 officium

172 1534 289 1570 habet
309 1534 501 1570 devitandi
520 1535 740 1580 falsitatem,
758 1536 821 1582 jus
833 1535 950 1572 habet
969 1547 1015 1572 ne
1035 1536 1101 1571 alii
1121 1536 1192 1572 sub
1213 1536 1336 1582 specie
1356 1535 1451 1571 veri-

171 1587 262 1622 tatis
279 1597 368 1623 eum
389 1588 426 1622 in
446 1598 615 1623 errorem
644 1587 840 1624 inducant.
863 1589 965 1624 Sicut
987 1598 1078 1635 ergo
1098 1588 1254 1624 libertas
1278 1588 1453 1624 veritatis

171 1639 335 1675 honesta
354 1644 424 1683 est,
443 1640 663 1676 italibertas
681 1641 820 1676 erroris
833 1643 888 1676 est
902 1651 1002 1677 mors
1019 1641 1170 1685 animae,
1190 1644 1232 1676 ut
1250 1641 1305 1677 ait
1321 1640 1357 1676 S.
1372 1643 1451 1676 Au-

171 1692 360 1738 gustinus,
383 1696 420 1728 et
440 1703 516 1728 non
535 1693 723 1729 libertatis
742 1703 883 1730 nomen
903 1696 1086 1738 meretur,
1108 1693 1174 1729 sed
1193 1693 1369 1729 licentiae.

218 1745 278 1780 IV.
301 1746 490 1781 Punctum
517 1746 754 1791 quaestionis.
779 1746 900 1793 Igitur
920 1749 1002 1782 tota
1020 1745 1180 1793 quaestio
1208 1744 1253 1781 de
1278 1745 1453 1781 libertate

170 1797 331 1833 docendi
351 1809 426 1834 non
442 1799 566 1846 tangit
585 1809 714 1834 veram
734 1798 952 1835 libertatem
973 1798 1135 1835 docendi
1155 1798 1367 1842 veritatem,
1387 1797 1453 1833 sed

172 1849 380 1887 libertatem
402 1851 563 1887 docendi
589 1854 704 1898 prout
725 1851 993 1898 complectitur
1010 1851 1225 1887 doctrinam
1245 1854 1328 1886 tum
1356 1850 1455 1886 veri-

170 1903 260 1939 tatis
275 1907 359 1939 tum
382 1905 534 1940 erroris.
562 1905 648 1941 Haec
672 1905 830 1942 libertas
848 1909 974 1952 potest
994 1915 1040 1940 ne
1064 1904 1234 1951 permitti
1258 1904 1306 1940 ab
1327 1907 1454 1939 aucto-

170 1956 282 1992 ritate
302 1956 434 1991 civili?
453 1957 547 1992 Huic
565 1957 769 2003 quaestioni
795 1957 850 1993 sic
875 1956 1141 1993 determinatae
1167 1956 1380 2004 respondeo
1401 1966 1454 1991 se-

171 2009 303 2056 quenti
323 2009 566 2045 conclusione
588 2022 595 2045 :

218 2062 261 2097 V.
283 2062 459 2098 Libertas
476 2063 638 2099 docendi
657 2063 739 2099 sive
756 2072 852 2099 voce
880 2063 962 2099 aive
989 2062 1132 2108 scripto
1160 2065 1220 2098 est
1243 2061 1456 2098 intrinsece

171 2114 338 2151 absurda
352 2119 393 2151 et
411 2115 628 2152 inhonesta.
657 2116 863 2152 Intrinsece
882 2116 984 2152 enim
1005 2114 1217 2150 absurdum
1239 2117 1276 2150 et
1298 2114 1458 2150 inhone-

170 2172 273 2204 stum
289 2172 346 2203 est
366 2167 504 2205 eadem
521 2169 610 2213 jura
626 2168 834 2205 concedere
861 2167 1010 2204 veritati
1035 2172 1073 2203 et
1098 2167 1231 2210 errori,
1253 2167 1460 2203 intrinsece

170 2222 384 2257 absurdum
410 2225 448 2256 et
474 2220 723 2257 inhonestum
755 2226 812 2257 est
832 2221 936 2268 quod
957 2221 1167 2256 auctoritas
1195 2220 1313 2256 civilis
1334 2230 1357 2256 a
1374 2229 1462 2256 cor--

168 2274 346 2320 ruptione
367 2274 508 2310 mentis
522 2277 559 2310 et
569 2274 696 2310 cordis
715 2275 814 2310 cives
835 2274 1049 2311 voluntarie
1067 2284 1146 2309 non
1165 2275 1383 2319 praeservet,
1401 2272 1461 2308 in·

168 2326 330 2363 trinsece
351 2325 563 2364 absurdum
584 2329 621 2363 et
646 2326 896 2364 inhonestum
916 2329 973 2363 est
990 2325 1098 2371 quod
1115 2326 1323 2362 auctoritas
1342 2324 1457 2361 civilis
