1584 2569
189 101 257 137 330
748 104 924 131 areuna

188 183 320 219 tielem
340 179 510 228 corporis
527 177 702 223 humani,
724 180 880 223 sumpta
906 175 1030 212 forma
1047 175 1289 212 substantiali
1312 176 1350 212 in
1367 185 1481 212 sensu

189 236 318 271 stricte
346 232 589 276 scholastico,
618 240 693 276 quo
722 229 958 264 unanimiter
987 229 1245 276 usurpabatur
1277 240 1298 264 a
1323 229 1480 276 scripto-

189 290 295 325 ribus
323 284 574 329 scholasticis,
608 283 761 319 nemine
790 286 962 329 excepto.
996 281 1077 317 Imo
1108 281 1239 317 addidi
1275 281 1480 328 fflsyclzol„

188 343 296 380 artic.
320 343 376 385 16,
399 343 435 375 et
455 337 626 384 Append.
649 347 687 371 n.
711 334 790 380 VII)
812 335 936 382 ipsam
961 334 1175 371 doctrinam
1198 334 1235 370 S.
1257 334 1415 371 Thomae
1437 334 1482 370 de

189 396 336 431 unitate
375 393 509 428 formae
545 387 809 425 substantialis
836 388 876 423 in
911 387 1068 423 homine
1097 398 1119 423 a
1151 398 1212 423 me
1241 388 1397 424 retineri
1428 391 1484 423 uti

188 445 533 484 demonstrativam
566 442 678 478 sicuti
710 441 898 476 retinetur
929 440 976 476 ab
1005 441 1087 487 ipso
1122 440 1298 476 Suarezio
1330 440 1481 487 (Dis-pp.

189 500 373 547 Metaph.‚
400 498 502 544 Disp.
531 495 604 540 XV,
637 494 735 532 Sect.
764 493 806 538 X,
833 494 852 538 ἓ
889 493 1079 537 VIII-XVI,
1108 498 1145 529 et
1170 495 1205 538 ἐξ
1249 494 1482 539 LXII-LXV),

190 555 255 601 qui
270 554 363 589 citat
382 554 523 598 praeter
545 548 763 592 thomistas‚
783 546 878 582 alios
896 546 1144 582 scholasticos
1167 547 1281 594 primi
1299 547 1484 582 subsellii.

192 608 278 644 llaec
297 608 476 653 poterant
496 612 518 637 a
536 601 578 637 P·
599 599 764 635 Bottalla
783 600 923 644 notari,
941 600 973 634 si
992 610 1119 635 meam
1138 599 1345 645 Summam,
1368 611 1485 647 quam

190 661 297 703 citat,
315 658 482 704 legisset.

239 714 276 749 3⁰
307 710 421 756 Atqui
455 710 493 744 in
528 707 600 744 hac
638 706 884 742 distinctione
917 710 992 741 stat
1024 706 1182 753 praecise
1211 706 1309 742 ratio
1347 705 1486 742 diversi

192 764 298 802 modi
322 761 520 808 loquendi,
543 771 619 807 quo
641 770 732 795 usus
751 770 838 795 sum
860 759 900 794 in
927 759 1171 806 Cosmologia
1195 763 1232 794 et
1257 760 1296 794 in
1323 759 1487 807 Psycho·

191 818 306 866 logia.
337 815 488 851 Etenim
514 814 553 849 in
580 812 837 859 Cosmologia,
859 812 950 859 quia
975 812 1102 847 nullus
1129 823 1255 848 sermo
1286 812 1412 849 adhuc
1441 812 1487 849 de

192 870 406 917 viventibus
435 868 556 903 sactus
583 871 653 910 est,
685 865 838 901 nonnisi
869 870 1097 913 argumenta
1123 865 1311 902 exclusive
1339 876 1487 902 cosmo·

192 925 330 971 logica,
351 922 408 958 uti
428 921 548 967 exigit
567 920 648 967 ipse
669 917 763 954 ordo
785 918 1030 963 scientificuS‚
1053 918 1241 965 expendo,
1261 929 1380 965 eaque
1402 918 1486 954 dico

193 977 361 1013 maxime
384 972 612 1022 probabilia,
635 971 701 1008 scd
727 982 803 1008 non
826 971 1140 1008 demonstrativa.
1170 972 1211 1006 In
1235 972 1489 1019 Psychologia

191 1035 322 1067 autem
357 1027 523 1064 viventia
557 1025 771 1070 considero,
805 1024 1003 1060 hominem
1043 1025 1248 1071 praecipue,
1286 1028 1322 1060 et
1360 1024 1488 1071 quoad

194 1085 322 1130 ipsum
349 1079 666 1116 scholasticorum
693 1082 860 1125 systema
885 1076 930 1112 de
957 1078 1119 1112 materia
1148 1078 1273 1124 prima
1302 1082 1338 1112 et
1365 1077 1490 1113 forma
1555 1098 1557 1101 -

193 1133 437 1172 substantiali
462 1137 571 1168 teneo
593 1141 672 1167 esse
693 1140 778 1166 vere
796 1134 912 1165 atoue
934 1130 1106 1176 rigorose
1127 1129 1487 1174 demonstrativum,

195 1189 286 1236 quia
310 1197 398 1222 vere
419 1190 455 1221 et
481 1185 654 1231 rigorose
679 1184 810 1219 unitao
831 1182 1111 1227 substantialis,
1135 1193 1214 1228 seu,
1236 1184 1291 1218 uti
1319 1182 1491 1230 loquitur

196 1242 232 1278 S.
270 1241 537 1276 Bonaventura
571 1236 649 1282 (ΙΙΙ,
683 1237 777 1272 Dist.
811 1235 903 1280 XXI,
933 1237 1048 1272 Artic.
1080 1236 1109 1280 l,
1150 1236 1218 1278 Qu.
1257 1237 1321 1282 111,
1357 1237 1405 1273 ad
1441 1239 1488 1282 1),

195 1295 324 1332 unitas
339 1292 508 1329 essentiae
521 1295 554 1326 el
571 1295 720 1326 naturae
734 1290 771 1325 in
787 1289 944 1325 homine
958 1290 1122 1325 firmiter
1138 1295 1195 1325 est
1213 1290 1428 1335 asserenda,
1443 1290 1489 1326 ad

195 1357 312 1394 quam
349 1346 539 1380 unitatem
573 1342 886 1379 constituendam
924 1352 1075 1378 necesse
1113 1347 1171 1378 est
1205 1347 1247 1378 ut
1284 1344 1417 1379 anima
1455 1348 1492 1379 et

196 1410 332 1446 corpus
347 1399 424 1434 sint
438 1397 524 1433 duce
541 1395 766 1432 substanciae
777 1394 979 1441 partiales,
1001 1396 1099 1431 sicut
1116 1396 1267 1443 egregie
1285 1395 1491 1432 declaravit

196 1452 409 1489 Concilium
437 1449 664 1485 Toletanum
686 1448 732 1484 XI
753 1449 792 1483 in
817 1447 920 1484 Fidei
945 1448 1201 1494 Professione‚
1228 1453 1264 1484 et
1285 1449 1491 1484 novissime

196 1505 482 1542 Illustrissimus
517 1513 560 1538 ac
591 1501 941 1537 Reverendissimus
972 1501 1015 1536 D.
1051 1500 1307 1537 Waldemirus
1342 1501 1489 1545 Czacki‚

198 1559 234 1595 S.
274 1558 314 1594 C.
354 1556 519 1603 negotiis
554 1554 693 1590 Eccles.
730 1553 922 1590 extraord.
959 1564 1123 1601 praepos.
1162 1554 1394 1590 Secretarius
1429 1565 1492 1590 sa-

198 1613 345 1659 pienter
365 1608 570 1645 inculcavit
593 1608 631 1642 in
655 1617 723 1642 sua
748 1606 917 1653 Epistola
943 1606 1033 1642 data
1062 1606 1122 1642 die
1150 1609 1168 1641 ὃ
1195 1607 1296 1654 junii
1328 1609 1415 1643 1877
1444 1607 1492 1643 ad

196 1665 395 1700 Rectorem
435 1660 698 1697 Universitatis
737 1659 942 1695 Catholicae
984 1659 1202 1695 Insulensis.
1241 1660 1327 1696 Haec
1362 1664 1492 1696 autem

196 1717 287 1761 duo,
317 1716 459 1752 scilicet
491 1714 618 1749 unitas
647 1712 914 1748 substantialis
940 1712 1123 1748 humanae
1150 1717 1311 1758 naturae,
1343 1718 1380 1749 et
1406 1713 1496 1749 ideo

197 1768 300 1816 quod
322 1769 452 1804 anima
472 1772 508 1803 et
531 1777 670 1814 corpus
690 1770 780 1801 sunt
804 1767 843 1801 in
861 1765 926 1801 illa
943 1766 1091 1802 unitate
1114 1766 1384 1802 constituenda
1397 1776 1491 1813 par·

199 1822 307 1858 tiales
332 1821 569 1865 substantiae,
593 1823 682 1855 sunt
702 1818 966 1864 fundamenta,
988 1819 1128 1866 quibus
1150 1824 1231 1855 tota
1250 1820 1399 1864 nititur,
1421 1819 1498 1855 hac

199 1877 237 1911 in
270 1886 322 1920 re,
362 1875 398 1910 S.
433 1874 591 1909 Thomae
624 1878 661 1908 et
693 1872 1018 1908 Scholasticorum
1051 1873 1268 1909 communis
1303 1871 1495 1908 doctrina.

199 1929 321 1975 Igitur
349 1928 495 1963 retineo
526 1925 629 1973 quod
656 1936 734 1961 non
763 1925 999 1973 cosmologia
1026 1925 1264 1961 demonstret
1292 1926 1496 1962 veritatem

199 1980 511 2028 psychologicam
534 1978 638 2026 quod
661 1979 791 2014 anima
808 1979 858 2014 sit
874 1978 999 2014 forma
1019 1978 1282 2014 substantialis
1307 1978 1359 2023 (in
1380 1988 1494 2015 sensu

198 2033 443 2077 scholastico)
462 2033 500 2067 in
523 2032 695 2076 homine,
715 2030 780 2067 sed
804 2030 907 2078 quod
928 2042 973 2066 ex
1000 2031 1248 2079 psychologia
1269 2031 1321 2069 sit
1341 2030 1495 2067 descen-

199 2085 369 2122 dendum
392 2085 440 2121 ad
465 2085 766 2132 cosmologiam;
788 2085 842 2120 ita
861 2094 999 2131 nempe
1024 2089 1079 2129 ut,
1099 2083 1361 2120 demonstrato
1390 2084 1495 2130 quod

200 2139 330 2174 anima
359 2139 409 2173 sit
440 2138 565 2174 forma
593 2137 855 2174 substantialis
884 2138 922 2173 in
953 2137 1123 2182 homine,
1154 2136 1290 2173 exinde
1319 2137 1494 2184 legitima

199 2191 492 2227 ratiocinatione
515 2190 654 2226 inferre
680 2191 872 2238 possimus
897 2191 1099 2226 veritatem
1129 2190 1247 2225 totius
1276 2190 1494 2237 systematis

201 2244 419 2280 scholastici
446 2243 574 2290 quoad
600 2254 806 2290 corporum
833 2244 1166 2290 compositionem.
1191 2242 1294 2278 Hanc
1315 2243 1417 2278 viam
1443 2247 1494 2278 te-

204 2297 332 2333 nuisse
354 2296 601 2333 scholasticos
618 2297 744 2333 sciunt
770 2297 835 2342 qui
859 2306 992 2332 eorum
1013 2296 1167 2332 lectioni
1196 2295 1436 2339 incumbunt,
1457 2300 1494 2330 et

205 2350 305 2386 inter
324 2349 419 2386 alios
440 2349 556 2385 videri
581 2353 706 2398 potest
728 2349 865 2385 Suarez
886 2349 1036 2396 (Dispp.
1063 2348 1230 2395 Meeaph.
1251 2360 1262 2383 .·
1287 2348 1390 2396 Disp.
1420 2348 1493 2392 XV,
