1584 2569
153 166 223 202 224
246 176 306 202 :us
319 175 484 203 nnuma.
502 176 572 202 un.
588 176 628 202 11.
644 175 724 202 cn.
738 175 780 202 ιι.
799 174 843 201 οι
861 174 1055 201 socinum
1071 175 1142 202 cn.
1161 175 1200 202 m
1214 175 1254 202 sn
1266 175 1442 205 SPECTATA

152 247 266 284 nibus
300 246 537 292 libertatem;
557 247 623 283 sed
657 247 854 283 subtracta
876 247 1027 283 ratione
1058 257 1175 294 aqua
1202 251 1246 283 ut
1277 258 1301 284 a
1331 258 1447 285 causa

152 300 310 349 propria
328 304 386 336 est
404 300 561 336 libertas
576 300 651 344 (Ps.
671 301 728 343 50,
746 298 806 344 V),
826 298 910 336 haec
928 299 1085 336 nomine
1100 298 1258 346 quidem
1274 299 1360 336 talis
1373 306 1444 347 est,

150 364 280 391 revera
296 358 425 389 tamen
444 363 521 389 non
539 351 644 388 aliud
664 362 743 388 esse
760 356 888 399 potest
905 362 1021 399 quam
1042 352 1247 390 instinctus
1266 353 1447 390 animalia

151 411 189 443 et
207 406 369 442 brutalis
388 405 557 442 licentia.

194 458 242 496 In
268 470 338 495 suo
362 463 468 495 exztu
488 470 501 494 .·
521 469 612 496 nam
632 459 826 496 socialitas
849 459 1023 496 humana
1038 460 1168 496 minus
1186 463 1446 496 consentanea

149 516 250 548 esset
269 516 433 556 naturae‚
463 522 581 558 quam
608 512 689 548 vita
707 511 880 560 solivaga
901 515 940 548 et
963 511 1160 556 silvestris,
1183 516 1228 548 ut
1249 512 1445 548 Rousseau

150 569 281 612 aperte
297 564 480 601 affirmat.
502 564 601 612 Ergo
620 564 826 601 dissolvere
854 564 1092 609 societatem,
1114 564 1373 601 universalem
1388 565 1446 600 in-

151 616 326 653 ducendo
346 617 585 661 marchiam,
612 621 656 653 ut
684 617 848 664 quisque
867 621 977 653 extra
997 627 1154 653 omnem
1172 617 1445 653 auctoritatem

150 670 293 706 viribus
322 670 402 705 suis
429 674 468 706 et
499 670 676 706 libertate
701 674 836 706 utatur
854 674 892 706 et
914 670 1110 714 abutatur,
1133 669 1276 705 nedum
1295 669 1444 706 licitum

150 727 220 767 est,
253 722 319 758 sed
355 723 473 758 etiam
505 733 528 758 a
556 727 696 760 natura
723 723 972 767 inculcatum,
1002 726 1047 758 ut
1073 721 1156 758 haec
1183 722 1337 768 juribus
1367 723 1447 758 suis

151 775 371 824 plenissime
391 775 554 811 fruatur.
575 795 621 801 —
652 775 744 817 Quae
774 776 906 812 omnia
935 776 989 811 ita
1015 779 1106 811 sunt
1133 775 1303 811 absurda
1321 778 1361 810 et
1379 774 1447 810 hu-

151 839 275 864 manae
302 828 495 864 honestati
521 829 790 876 repugnantia,
825 833 868 864 ut
896 827 1129 876 quibusdam
1164 828 1290 863 visum
1317 827 1446 872 suerit,

150 885 318 929 systema
338 881 439 929 pacti
459 881 611 917 socialis
635 882 892 929 imaginatum
913 892 937 917 a
958 881 1152 917 Rousseau
1172 880 1289 916 fuisse
1312 885 1447 917 contra

151 934 412 971 intolerabiles
432 944 587 971 morum
607 935 844 982 corruptelas
859 935 917 970 sui
935 934 1121 981 temporis
1140 944 1148 969 t
1165 933 1226 969 cui
1244 934 1444 969 sententiae

150 988 275 1035 magis
301 987 478 1034 benignas
498 997 616 1034 quam
636 997 736 1023 verae
757 987 921 1023 libenter
945 997 1015 1035 pro
1045 986 1233 1034 dignitate
1262 985 1445 1022 humanae

150 1044 299 1076 naturae
326 1040 620 1085 subscriberem,
649 1040 723 1075 nisi
755 1040 876 1076 oculis
893 1040 1035 1076 nostris
1072 1050 1319 1075 cerneremus
1350 1039 1446 1074 illud

151 1097 319 1140 systema
339 1093 424 1140 plus
443 1093 615 1129 minusve
639 1097 707 1128 aut
726 1093 959 1141 speculative
981 1096 1050 1128 aut
1069 1092 1235 1139 practice
1254 1092 1382 1140 vigere
1405 1092 1444 1127 in

150 1145 326 1193 pluribus
344 1145 536 1192 corruptis
555 1149 593 1181 et
612 1146 904 1193 corruptoribus
923 1145 1045 1181 nostri
1063 1145 1249 1192 temporis
1263 1144 1445 1192 politicis.

196 1199 255 1235 IV.
277 1198 459 1234 Hobbesii
482 1201 664 1244 systema.
684 1198 879 1234 Rousseau
901 1198 1104 1245 praeiverat
1120 1197 1249 1244 quoad
1269 1197 1446 1234 substan-

153 1252 248 1287 tiam
278 1252 503 1296 Hobbesius,
530 1252 629 1287 sicut
648 1251 838 1288 Hobbesio
853 1252 1083 1299 praeiverant
1103 1251 1252 1298 antiqui
1264 1251 1447 1288 materia-

151 1304 264 1350 listae,
283 1315 379 1351 quos
395 1304 639 1348 recentiores,
662 1305 740 1340 sive
757 1305 942 1349 sensistae,
964 1305 1041 1340 sive
1062 1304 1290 1351 positivistae
1309 1314 1447 1340 vocen-

153 1361 228 1402 tur,
259 1357 475 1393 imitantur.
498 1357 710 1393 Hobbesius
730 1358 849 1405 igitur
867 1362 905 1394 et
924 1358 1004 1404 ipse
1026 1357 1203 1393 homines
1232 1356 1448 1404 primitivos

153 1409 342 1446 silvestres
363 1414 400 1445 et
426 1409 617 1457 solivagos
637 1410 747 1457 ponit
766 1410 957 1446 sensitivis
978 1409 1181 1445 dumtaxat
1200 1409 1448 1445 facultatibus

155 1462 351 1508 praeditos,
381 1467 497 1509 atque
529 1467 733 1509 propterea
758 1463 922 1508 eyoismo
953 1462 1161 1509 voluptatis
1178 1472 1247 1509 pro
1267 1472 1447 1508 supremo

156 1514 311 1551 criterio
330 1515 370 1551 in
395 1514 545 1562 agendo
574 1519 737 1551 utentes.
768 1515 862 1551 Hinc
884 1514 1103 1551 colluctatio
1131 1513 1318 1550 naturaHs
1349 1514 1450 1549 inter

158 1568 334 1603 homines
349 1572 386 1603 et
414 1567 587 1604 naturale
607 1572 721 1614 atque
741 1572 970 1615 perpetuum
990 1567 1134 1603 bellum
1156 1577 1164 1601 :
1187 1565 1291 1613 quod
1309 1571 1352 1602 ut
1371 1577 1447 1602 ces-

157 1624 299 1663 sarent,
333 1620 556 1656 societatem
587 1620 883 1665 constituerunt,
917 1624 1045 1656 creata
1072 1619 1172 1656 civili
1204 1619 1447 1661 auctoritate,

157 1673 266 1720 quus
281 1673 390 1720 virga
407 1672 528 1709 ferrea
547 1671 723 1709 homines
746 1684 769 1708 a
788 1673 861 1709 sibi
890 1673 1055 1709 invicem
1083 1671 1257 1708 nocendo
1274 1682 1448 1719 compes-

157 1729 346 1770 cerentur,
369 1729 407 1761 et
425 1729 651 1772 regerentur
678 1725 841 1773 legibus,
864 1736 963 1773 quae,
986 1725 1101 1772 juxta
1120 1724 1356 1761 Hobbesium
1373 1727 1446 1770 (10,

158 1778 190 1815 11
216 1782 254 1814 et
273 1778 329 1825 V),
360 1782 451 1814 sunt
469 1788 650 1826 suprema
668 1778 899 1815 moralitatis
930 1778 1095 1815 criteria.
1118 1798 1163 1804 —-
1189 1777 1277 1814 Haec
1303 1777 1450 1813 Hobbe-

157 1832 235 1867 sius
266 1835 348 1866 tum
381 1831 420 1866 in
454 1831 567 1867 Libro
596 1831 641 1867 de
673 1831 774 1876 Cive,
797 1836 879 1867 tum
913 1832 952 1867 in
983 1831 1211 1875 Leviathan,
1233 1830 1449 1866 exscribens

158 1894 305 1919 errores
325 1883 481 1919 Climias
501 1883 690 1919 Cretensis
712 1894 735 1919 a
750 1884 908 1920 Platone
928 1883 1069 1920 relatos
1088 1883 1128 1920 in
1148 1883 1246 1919 libro
1267 1882 1392 1930 primo
1407 1883 1451 1919 de

159 1936 316 1982 lembus,
339 1942 376 1971 et
396 1947 544 1972 errores
563 1936 807 1983 epicureismi
827 1937 866 1972 in
885 1947 1036 1983 genere.

205 1989 248 2026 V.
281 1990 436 2026 critica.
459 1989 552 2031 Quae
572 1989 839 2026 animadversa
870 1993 960 2025 sunt
980 1990 1018 2024 in
1039 1992 1207 2036 systema
1237 1988 1447 2034 Rousseau,

156 2042 286 2079 valent
302 2043 418 2078 etiam
436 2047 571 2078 contra
583 2047 751 2090 systema
780 2041 957 2078 Hobbesii
979 2052 987 2078 :
1007 2042 1046 2078 in
1064 2046 1227 2088 utroque
1245 2041 1349 2077 enim
1367 2052 1448 2078 sen-

157 2095 298 2131 sismus
310 2094 534 2130 dominatur
543 2099 580 2130 et
597 2094 839 2142 phantastica
849 2093 1085 2142 hypothesis.
1104 2093 1177 2129 Sed
1191 2093 1450 2130 intolerabilia

159 2158 316 2195 prorsus
336 2151 426 2182 sunt
447 2158 532 2193 quae
554 2147 764 2183 Hobbesius
783 2146 892 2183 addit
912 2147 958 2182 de
978 2146 1067 2182 odio
1085 2146 1281 2194 primitivo
1299 2150 1337 2182 et
1359 2156 1449 2182 con·

160 2200 325 2236 naturali
358 2198 526 2235 hominis
556 2200 595 2235 in
615 2199 828 2236 hominem.
862 2200 1072 2236 Probatum
1104 2199 1208 2234 enim
1228 2203 1285 2234 est
1310 2199 1384 2244 (39,
1414 2200 1446 2245 1)

162 2252 449 2290 connaturalem
478 2262 560 2288 esse
588 2262 762 2289 amorem
794 2252 963 2288 hominis
988 2253 1028 2288 in
1066 2251 1264 2287 hominem
1294 2256 1451 2299 propter

161 2305 551 2343 communicationem
567 2305 607 2341 in
624 2305 758 2341 eadem
776 2309 926 2341 natura.
946 2305 1026 2340 Imo
1044 2304 1253 2340 Hobbesius
1273 2303 1450 2339 homines

163 2359 284 2395 brutis
315 2359 406 2406 ipsis
439 2358 637 2395 inferiores
663 2358 781 2396 facit:
803 2363 846 2395 ut
871 2359 974 2400 enim
999 2357 1193 2395 <Iuvenalis
1221 2357 1367 2405 Satyra
1390 2356 1450 2392 XV

164 2411 358 2452 verissime
375 2415 500 2449 notat.
