1554 2569
85 171 152 196 Am·
170 171 222 196 v1.
243 170 288 196 ni:
306 170 350 195 us
366 170 445 201 oua
467 171 505 196 m
528 170 785 196 vonununmu
813 171 990 197 manum·
1011 172 1055 197 xx
1078 173 1186 198 mars
1205 174 1301 201 PAss.
1331 166 1374 200 92

86 243 166 279 sola
179 242 399 289 prudencia,
416 252 502 290 quae
517 242 634 278 etiam
652 241 940 290 quodammodo
952 244 1113 280 moralis
1124 249 1194 289 est,
1214 246 1376 292 inquan-

85 301 169 332 tum
186 299 242 332 est
261 299 364 331 recta
380 296 478 331 ratio
499 295 715 343 agibilium.
733 316 778 321 ——
796 295 874 340 1-11‚
897 296 967 338 Qu.
987 297 1078 343 LXI,
1100 298 1215 335 Artic.
1235 298 1265 333 1.

129 348 318 385 Numerus
344 349 528 384 virtutum
554 348 829 384 cardinalium.
853 349 1025 391 Quatuor
1047 355 1151 392 sunt,
1177 354 1221 385 ut
1244 361 1377 386 omnes

84 404 227 437 norunt
248 411 256 436 :
266 399 492 446 prudentia,
505 400 680 447 justitia,
701 402 950 447 temperantia
972 406 1009 438 et
1029 402 1233 448 fortitudo.
1257 403 1377 449 nujus

85 453 281 490 divisionis
300 453 398 489 ratio
423 453 643 500 assignatur
666 464 689 490 a
710 453 746 489 S.
766 453 928 500 Thoma,
956 454 1008 491 ib.
1037 456 1153 491 Artic.
1175 455 1207 491 11
1232 467 1240 491 :
1268 470 1283 488 ‹
1302 456 1376 491 Nu-

84 517 225 551 merus,
244 505 383 553 inquit,
409 505 628 553 aliquorum
653 506 773 554 accipi
798 511 925 554 potest
945 511 1014 543 aut
1036 507 1247 544 secundum
1275 509 1377 556 prin-

84 559 184 608 cipia
214 557 404 603 formalia,
436 562 503 594 aut
535 558 747 595 secundum
772 559 972 606 subjecta;
1005 565 1043 596 et
1067 565 1232 608 utroque
1260 561 1377 597 modo

84 612 331 648 inveniuntur
360 614 528 658 quatuor
560 611 772 648 cardinales
800 612 973 649 virtutes.
1003 613 1241 661 Principium
1274 615 1377 650 enim

83 663 246 710 formale
263 664 432 708 virtutis,
452 663 498 700 de
515 675 592 712 qua
613 675 715 700 nunc
733 664 943 712 loquimur,
966 671 1023 702 est
1039 667 1201 702 rationis
1215 667 1377 712 bonum,

84 716 188 765 quod
227 716 384 764 quidem
427 716 630 765 dupliciter
671 722 797 765 potest
833 718 1082 755 considerari.
1122 719 1204 755 Uno
1244 719 1377 765 modo,

83 768 295 806 secundum
312 768 416 816 quod
444 771 487 805 in
509 771 597 816 ipsa
617 770 921 807 consideratione
943 772 1112 808 rationis
1134 772 1322 817 consistit,
1342 778 1379 808 et

84 823 139 859 sic
166 821 238 858 erit
265 833 343 858 una
366 822 486 858 virtus
522 823 743 870 principalis
773 834 859 870 quae
885 824 1026 860 dicitur
1046 825 1267 871 prudentia.
1295 826 1377 860 Alio

84 875 201 912 modo
220 874 432 911 secundum
459 875 563 921 quod
588 875 693 912 circa
717 876 872 923 aliquid
890 877 1058 924 ponitur
1080 879 1247 914 racionis
1269 878 1376 921 ordo,

83 932 122 964 et
138 927 212 964 hoc
229 927 288 964 vel
301 927 410 964 circa
425 928 678 974 operationes,
701 933 738 964 et
754 929 808 965 sic
825 933 882 965 est
896 929 1071 977 justitia,
1094 930 1151 966 vel
1167 931 1273 967 circa
1287 942 1376 978 pas-

83 981 222 1026 siones,
250 983 289 1016 et
310 980 365 1016 sic
383 984 535 1017 necesse
566 985 622 1016 est
648 992 728 1017 esse
755 981 850 1018 duas
872 983 1045 1018 virtutes.
1072 983 1254 1019 Ordinem
1275 984 1378 1020 enim

84 1033 244 1069 rationis
255 1043 407 1069 necesse
422 1037 479 1069 est
489 1044 632 1080 ponere
651 1034 751 1070 circa
768 1035 964 1081 passiones
980 1035 1222 1072 considerata
1241 1047 1378 1083 repug—

84 1086 218 1122 nantia
238 1086 411 1132 ipsarum
434 1085 483 1123 ad
515 1086 722 1132 rationem,
755 1097 842 1133 quae
872 1087 1028 1134 quidem
1056 1093 1182 1136 potest
1208 1099 1288 1124 esse
1312 1088 1380 1124 du·

84 1139 247 1186 pliciter.
264 1138 346 1174 Uno
363 1138 481 1175 modo
496 1138 700 1175 secundum
716 1140 816 1186 quod
831 1142 964 1186 passio
983 1141 1145 1187 impellit
1159 1141 1210 1177 ad
1226 1141 1380 1188 aliquid

84 1192 324 1227 contrarium
339 1191 491 1227 rationi
508 1202 517 1236 ;
542 1196 579 1227 et
599 1192 653 1228 sic
669 1203 820 1228 necesse
843 1197 900 1228 est
917 1193 1020 1239 quod
1037 1195 1174 1239 passio
1194 1196 1379 1241 reprima-

85 1248 149 1280 tur
167 1255 180 1279 :
207 1248 245 1280 et
267 1243 314 1280 ab
332 1243 406 1279 hoc
426 1243 699 1280 denominatur
722 1248 981 1291 temperantia.
1005 1247 1087 1282 Alio
1108 1247 1225 1283 modo
1248 1257 1379 1283 secun·

84 1297 175 1333 dum
193 1295 295 1343 quod
303 1296 441 1342 passio
457 1296 682 1332 ren-ahitub
702 1308 741 1332 eo
758 1297 858 1344 quod
873 1298 976 1334 ratio
993 1299 1127 1343 dictat,
1148 1300 1246 1335 sicut
1263 1300 1380 1335 timor

84 1349 344 1398 periculorum
363 1348 423 1385 vel
444 1348 622 1385 laborum
640 1361 650 1395 ;
674 1353 711 1385 et
734 1350 787 1385 sic
810 1360 960 1386 necesse
981 1356 1037 1386 est
1057 1351 1159 1397 quod
1181 1351 1299 1387 homo
1316 1353 1380 1399 fir·

85 1406 205 1439 metur
223 1401 267 1438 in
282 1411 323 1438 eo
343 1401 444 1448 quod
459 1406 513 1437 est
528 1403 707 1447 rationis,
729 1413 775 1438 ne
793 1403 941 1438 recedat
959 1414 973 1439 .·
994 1409 1031 1439 et
1048 1404 1095 1440 ab
1116 1404 1189 1440 hoc
1207 1404 1379 1440 denomi-

84 1459 200 1492 natur
213 1454 424 1500 fortitudo.

132 1521 151 1540 «
181 1507 227 1543 Et
262 1506 440 1543 similiter
470 1506 682 1544 secundum
721 1508 893 1555 subjecta
924 1508 1027 1544 idem
1066 1514 1249 1545 'numerus
1282 1511 1380 1546 inve-

86 1561 202 1597 nitur.
224 1558 471 1607 Quadruplex
491 1560 595 1596 enim
616 1560 809 1596 invenitur
824 1561 1041 1608 subjectum
1064 1563 1217 1598 virtutis
1239 1563 1285 1599 de
1304 1574 1378 1610 qua

87 1623 187 1649 nunc
206 1611 416 1657 loquimur,
447 1611 591 1648 scilicet
619 1613 809 1649 rationale
833 1624 903 1660 per
930 1615 1136 1650 essentiam
1167 1615 1271 1662 quod
1292 1627 1379 1662 pru-

87 1665 214 1701 dentia
233 1664 395 1711 perficit,
421 1668 458 1700 et
476 1665 664 1701 rationale
682 1676 751 1712 per
767 1666 1104 1714 participationem
1123 1667 1227 1713 quod
1248 1668 1380 1704 dividi-

85 1722 149 1753 tur
166 1717 206 1752 in
223 1717 308 1761 tria,
321 1716 360 1752 id
375 1720 433 1752 est
445 1717 484 1753 in
496 1717 738 1753 voluntatem
753 1728 839 1764 quae
853 1723 910 1754 est
927 1719 1143 1766 subJ'ectum
1151 1720 1326 1767 justitiae,
1344 1726 1380 1755 et

84 1770 124 1805 in
155 1768 493 1816 concupiscibilem
520 1780 607 1816 quae
627 1774 685 1805 est
712 1770 929 1817 subjectum
963 1773 1244 1818 temperantiae,
1277 1777 1314 1809 et
1340 1773 1378 1808 in

85 1820 314 1857 irascibilem
331 1831 418 1867 quae
435 1825 491 1856 est
511 1822 728 1867 subjectum
749 1822 999 1858 fortitudinis.
1022 1838 1042 1856 ›-

503 1930 762 1967 ARTmULUs
790 1932 966 1968 SEXTUS

696 2014 769 2058 (21)

131 2095 186 2131 De
203 2095 254 2131 iis
273 2105 356 2141 quoe
375 2096 417 2130 in
433 2095 694 2131 voluntarium
713 2096 881 2141 ‘influunt
897 2107 942 2132 ea:
964 2102 1075 2143 parte
1088 2098 1329 2145 passionum.

130 2189 161 2224 1.
185 2188 385 2223 Passiones
409 2188 450 2223 in
480 2197 521 2223 se
551 2190 713 2232 sumptae
742 2198 819 2224 non
839 2192 931 2224 sunt
964 2198 1089 2235 neque
1117 2190 1226 2226 bonae
1251 2201 1377 2236 neque

84 2241 195 2276 malae
214 2240 427 2284 moraliter,
449 2243 542 2275 sunt
560 2243 692 2276 tamen
711 2242 946 2277 alterutrum
959 2244 1093 2287 prouti
1114 2243 1317 2289 subjacent
1336 2245 1375 2279 in

83 2293 238 2329 homine
255 2292 420 2328 rationis
438 2292 614 2337 imperio.
635 2293 836 2328 Passiones
859 2293 1126 2342 psychologice
1153 2296 1236 2342 jam
1257 2297 1375 2331 consi-

87 2344 302 2381 deravimus
323 2344 397 2388 (Ps.
409 2345 455 2379 44
474 2349 512 2380 et
532 2346 676 2391 seqq.);
693 2356 794 2381 nunc
811 2345 857 2381 de
872 2346 964 2394 ipsis
979 2348 1169 2382 exclusive
1190 2348 1229 2382 in
1243 2348 1376 2383 ordine

88 2397 134 2434 ad
154 2407 294 2434 mores,
315 2396 531 2443 Propositio
546 2408 636 2432 vero
655 2398 841 2444 probatur
854 2409 899 2434 ex
915 2400 1113 2448 principiis
1127 2401 1210 2447 jam
1227 2401 1376 2448 positis.

139 2478 282 2506 zieum.
306 2478 421 2505 Summa
438 2477 646 2514 philosophica.
672 2491 706 2500 -
726 2480 760 2508 Τ.
783 2481 837 2509 111.
1257 2482 1273 2509 Ι
