1584 2569
193 157 258 190 190
303 165 361 190 ωε
380 165 543 189 ssi-rrum.
572 164 640 190 Lm.
671 164 708 195 11,
737 163 814 189 eAr.
844 163 866 189 1.
902 162 944 188 nn
971 162 1161 188 SOCIETATE
1188 163 1383 189 nomnsrmA

189 237 303 274 debet
327 246 487 272 uxorem
515 235 651 271 ducere
680 245 795 271 causa
822 234 998 279 luxuriae,
1028 234 1092 270 sed
1113 245 1229 271 causa
1254 236 1373 283 prolis
1393 248 1477 284 pro-

189 290 364 328 creandoe
382 294 418 325 et
440 289 701 324 fornicationis
715 287 881 324 vitandae
902 292 939 323 et
966 292 1007 323 ut
1034 287 1172 324 habeat
1198 288 1392 325 haeredem
1412 289 1478 326 Dei

190 343 391 380 cultorem.
404 341 641 377 Desiderium
659 340 772 376 debet
783 340 923 376 habere
939 340 1145 388 generandi
1158 340 1256 376 [ilios
1268 343 1478 378 seeundum

190 407 358 432 carnem.
386 395 451 441 qui
481 398 613 441 postea
633 394 727 429 siant
747 393 816 428 filii
837 393 902 428 Dei
930 403 997 439 per
1023 392 1285 439 adoptionem.
1305 394 1396 431 Tou.
1417 395 1479 440 vl,

191 451 248 493 17,
270 448 367 484 dixit
386 446 551 494 Angelus
568 446 697 482 Tollite
719 446 875 483 minori.
914 460 930 478 ‹
952 445 1027 491 Qui
1046 446 1268 493 conjugium
1290 448 1344 484 ita
1361 450 1478 485 susci-

187 503 302 549 piunt
322 506 361 537 ut
376 501 493 536 Deum
514 511 537 535 a
555 511 593 534 se
612 505 644 534 et
661 509 770 534 asna
787 503 903 534 mente
925 499 1139 544 excludant,
1162 505 1193 534 et
1219 511 1298 535 εἶτα)
1319 500 1478 537 libidini

191 557 248 591 ita
267 559 410 599 vacent,
441 555 540 589 sicut
569 563 683 599 equus
703 557 735 588 ec
763 552 900 597 mulus,
925 551 1062 598 quibus
1082 563 1157 588 non
1180 558 1232 588 est
1257 554 1477 591 intellectus.

191 607 298 644 habet
314 612 529 652 potestatem
548 605 775 641 [immanium
788 616 901 651 super
916 615 989 641 eos.
1005 605 1045 640 In
1066 604 1200 641 eodem
1220 606 1260 650 V,
1280 608 1324 642 22
1343 618 1351 642 ε
1371 607 1480 644 Acci-

189 661 271 707 pies
283 662 367 707 vir-y
374 662 469 695 inem
479 670 563 695 cum
578 659 711 694 timore
721 658 893 703 Domini,
910 669 1037 694 amore
1049 658 1093 706 fil
1098 658 1217 694 iorum
1232 660 1354 706 maqis
1367 671 1478 708 quam

193 713 355 749 libidine
365 713 511 748 ductus.
529 712 581 748 lb.
598 711 694 755 VIII,
708 713 742 756 9,
756 710 852 746 dixit
864 711 1002 747 Tobias
1017 711 1165 747 minor:
1184 712 1294 748 Nunc
1305 713 1478 760 Domine,

193 772 231 802 tu
249 767 339 810 scis,
357 766 450 812 quia
464 775 540 801 non
557 764 724 801 luxurioe
734 775 852 800 causa
869 764 1021 810 accipio
1035 775 1201 800 sororem
1217 775 1333 801 meam
1347 766 1480 814 conju-

190 830 283 865 gem,
295 818 359 854 sed
369 818 453 853 sota
467 817 706 864 posteritatis
717 817 931 862 dilectione,
947 817 986 852 in
1001 826 1077 863 qua
1091 816 1333 854 benedicatur
1348 829 1479 856 nomen

193 878 296 907 tuum
314 874 352 906 in
370 871 511 907 scocula
530 870 768 906 saeculorum.
793 885 808 902 ι

237 926 298 961 VI.
313 925 611 961 Manichaeorum
623 924 839 969 turpitudo.
856 924 1144 959 Matrimonium
1158 924 1396 961 damnabant
1407 926 1479 962 Ma-

192 978 330 1015 niehaei
350 989 425 1013 non
454 988 585 1013 amore
612 977 810 1021 castitatis,
847 977 911 1012 sed
945 976 1091 1013 effraeni
1118 976 1276 1013 libidine
1306 978 1477 1015 Incensi:

195 1045 211 1064 ‹
228 1031 319 1067 Novi
338 1030 438 1067 unde
464 1031 590 1066 veniat
615 1030 830 1077 indignatio
862 1034 939 1074 tua,
962 1029 1095 1065 scribit
1115 1031 1364 1077 Augustinus,
1387 1032 1477 1080 Cap.

192 1083 283 1128 XXI,
311 1089 444 1119 contra
477 1082 736 1118 Secundinum
761 1081 1019 1118 mamchaeum
1047 1092 1056 1118 ε
1085 1093 1161 1118 non
1183 1084 1285 1118 enim
1309 1085 1376 1120 tibi
1401 1090 1479 1122 tam

191 1137 396 1173 fornicaria
425 1136 600 1183 displicet
634 1136 672 1171 in
705 1135 969 1179 fornicatione,
1007 1145 1124 1181 quam
1152 1135 1255 1181 quod
1282 1137 1319 1172 in
1350 1140 1478 1174 matri-

193 1191 368 1226 monium
386 1193 626 1225 commntata
645 1193 701 1224 est
723 1188 908 1235 (loquitur
924 1187 967 1224 de
987 1188 1145 1224 muliere
1159 1199 1271 1234 quam
1292 1191 1328 1225 in
1349 1195 1482 1227 matri·

192 1242 520 1279 moniumsibicon
521 1242 708 1288 junxerat
714 1241 905 1288 propheta
917 1241 1025 1285 Osea)
1036 1245 1073 1276 et
1083 1251 1263 1277 conversa
1276 1243 1321 1278 ad
1336 1244 1479 1290 pudici—

193 1297 288 1332 tiam
305 1295 566 1342 conjugalem3
589 1295 654 1330 ubi
671 1295 790 1330 Deum
810 1293 963 1330 creditis
981 1298 1150 1330 vestrum
1177 1295 1215 1330 in
1244 1298 1481 1342 procreando

192 1349 293 1384 filios
313 1348 542 1384 arctioribus
556 1347 682 1383 carnis
697 1346 859 1382 vinculis
870 1346 1044 1393 colligari
1063 1347 1145 1383 :cui
1166 1348 1310 1394 putatis
1326 1359 1480 1397 parcere

192 1402 425 1445 meretrices,
458 1401 550 1447 quia
577 1400 671 1436 dant
693 1410 850 1447 operam
880 1411 927 1435 ne
959 1399 1191 1446 concipiant,
1221 1405 1263 1436 ut
1287 1401 1333 1438 ab
1354 1402 1480 1439 officio

193 1453 367 1501 pariendi
387 1454 531 1498 liberm,
553 1452 704 1488 libidini
725 1453 903 1488 serviant.
928 1452 1095 1488 Feminae
1113 1453 1254 1500 quippe
1276 1461 1482 1502 conceptus

194 1506 293 1554 apud
310 1519 376 1543 vos
393 1517 522 1543 carcer
542 1511 598 1542 est
618 1510 655 1541 et
675 1505 871 1541 vinculum
891 1506 970 1541 Dei.
992 1520 1009 1537 η

240 1560 318 1595 VII.
335 1560 624 1596 Matrimonium
641 1562 701 1594 est
713 1569 782 1604 per
801 1569 841 1595 se
850 1559 1069 1595 honestum.
1094 1559 1179 1595 Ilaec
1192 1561 1404 1607 propositio
1423 1564 1483 1598 vix

195 1623 237 1649 ac
257 1623 304 1649 ne
322 1614 385 1648 vix
402 1612 559 1659 quidem
581 1611 808 1659 probatione
835 1611 993 1658 indiget.
1026 1612 1266 1659 Impossibile
1293 1613 1395 1649 enim
1427 1619 1484 1650 est

195 1666 320 1702 dicere
346 1676 424 1701 non
442 1675 522 1700 esse
534 1675 601 1711 per
617 1675 656 1700 se
677 1663 882 1700 honestum
902 1664 939 1699 id
957 1664 1060 1710 quod
1079 1675 1101 1700 a
1116 1670 1254 1700 natura
1271 1665 1485 1702 intenditur

195 1722 232 1754 et
250 1717 299 1754 ad
313 1717 416 1764 quod
437 1717 553 1753 homo
581 1721 720 1753 natura
746 1717 963 1752 inclinatur.
991 1717 1106 1763 Atqui
1127 1722 1266 1753 natura
1293 1717 1485 1765 disposuit

195 1770 454 1807 diversitatem
475 1781 587 1806 sexus
607 1774 644 1805 et
665 1769 829 1805 intendit
857 1770 1162 1816 procreationem
1189 1770 1307 1818 prolis
1329 1771 1376 1807 ad
1397 1782 1485 1808 con-

196 1824 448 1860 servationem
490 1823 627 1871 speciei
669 1822 850 1858 humanae
872 1834 880 1867 ;
926 1823 972 1859 ad
1015 1833 1131 1869 quam
1179 1825 1485 1870 procreationem

197 1877 312 1913 homo
334 1876 450 1912 habet
471 1875 686 1912 naturalem
705 1875 995 1911 inclinationem
1017 1880 1055 1912 et
1071 1876 1365 1912 matrimonium
1386 1877 1485 1914 ordi·

196 1934 322 1966 natur.
350 1930 448 1977 Ergo
479 1928 720 1977 impossibile
744 1934 800 1965 est
829 1930 1123 1965 matrImonium
1156 1940 1233 1965 non
1260 1940 1339 1966 esse
1361 1941 1428 1977 per
1447 1941 1486 1967 se

198 1983 417 2019 honestum.

243 2037 340 2072 VIII.
360 2037 542 2073 Attamen
562 2037 850 2073 matrimonium
870 2039 1050 2082 respectu
1069 2037 1260 2073 Individui
1285 2047 1360 2073 non
1381 2038 1486 2074 cadit

198 2090 267 2125 suh
286 2094 494 2135 praecepto,
514 2093 554 2126 et
574 2100 618 2126 eo
637 2090 886 2136 praestantior
905 2099 973 2134 per
985 2100 1024 2125 se
1045 2093 1105 2125 est
1129 2099 1244 2125 verus
1269 2089 1483 2126 caelibatus.

197 2142 287 2178 DIco
306 2147 478 2189 respectu
499 2141 699 2187 individui,
722 2143 811 2189 quia
830 2147 1002 2190 respectu
1025 2143 1176 2189 speciei,
1205 2142 1278 2178 hoc
1306 2147 1360 2178 est
1384 2142 1486 2178 inde-

199 2195 408 2239 terminate,
447 2195 738 2231 matrimonium
777 2201 833 2231 est
867 2206 889 2231 a
930 2200 1069 2232 natura
1105 2200 1358 2242 praeceptum,
1395 2196 1486 2241 quia

198 2255 336 2284 natura
352 2247 430 2284 vult
447 2248 585 2295 speciei
597 2248 778 2285 humanae
795 2249 1137 2293 conservationem,
1161 2252 1197 2284 et
1212 2253 1490 2295 consequenter

198 2301 505 2345 matrimonium,
526 2301 591 2337 sed
623 2312 702 2337 non
721 2301 801 2337 vult
833 2302 958 2349 ipsum
985 2301 1057 2337 nisi
1084 2301 1232 2337 ratione
1260 2301 1376 2348 hujus
1396 2311 1483 2338 con-

200 2354 437 2390 servationis.
459 2353 504 2389 Et
520 2353 593 2390 hoc
613 2354 707 2390 bene
728 2359 832 2390 nota.

245 2405 433 2442 Probatur
448 2408 576 2453 prima
591 2417 686 2453 pars
700 2407 992 2453 propositionis.
1013 2407 1156 2444 Natura
1175 2407 1331 2444 inclInat
1351 2407 1398 2443 ad
1417 2406 1480 2442 ali-
