1554 2569
149 136 194 172 76
222 146 361 171 mmm.
378 134 511 171 messn.
533 140 614 177 cAr.
636 146 675 170 11.
699 146 742 170 ΒΕ
762 145 1073 170 ACTIBUSHUMANIS
1094 146 1129 170 ιΝ
1151 145 1291 180 onoma,
1309 147 1386 172 Ere.

150 218 222 253 tria
242 221 331 252 sunt
353 228 361 252 :
386 216 561 252 videlicet
584 219 618 251 10
637 216 834 251 ordinatio
861 226 927 251 seu
954 216 1145 252 intimatio
1167 217 1267 253 facta
1290 217 1438 254 indica-

149 271 225 306 tivo
245 269 375 305 modo.
397 269 497 305 Deus
518 279 655 315 nempe
674 273 726 304 est
746 268 962 312 ditiqendus
983 279 995 304 :
1012 268 1114 315 quod
1132 273 1188 305 est
1203 269 1377 316 judicare
1397 276 1438 306 et

148 327 425 370 consequenter
443 326 550 357 actus
570 321 752 365 rationis3
775 323 812 356 20
829 321 1041 366 ordinatio,
1064 322 1289 368 imperativo
1316 322 1437 358 modo
1481 349 1489 367 z

148 376 260 420 facta,
275 379 311 411 et
323 385 408 421 quae
417 374 568 421 proprIe
585 373 926 409 diciturintimatio
940 383 1077 420 nempe
1099 374 1230 420 Diliye
1243 374 1376 419 Deum,
1398 379 1437 410 et
1480 370 1490 385 ⁵·

149 427 334 475 generice,
361 426 439 462 Fac
467 426 536 462 ltoc
565 437 573 461 ι
601 425 703 471 quod
726 425 916 472 judicium
943 426 1088 472 pariter
1113 426 1286 471 includit,
1314 431 1352 462 et
1378 432 1436 463 est

148 485 254 517 actus
282 479 464 524 rationis;
502 480 539 514 30
577 479 689 513 motio
722 477 769 513 ad
802 478 1051 524 exequendum
1082 479 1288 525 imperium
1315 479 1436 527 ipsius

149 533 376 569 intellectus.
391 532 505 578 Atqui
524 535 604 566 tum
618 531 832 566 intellectus
854 535 935 566 tum
957 535 1092 567 ceterae
1104 533 1286 579 potentiae
1307 532 1435 579 quoad

148 586 371 622 exercitium
396 589 598 620 moventur
618 595 639 619 a
665 584 861 619 voluntate
881 584 936 629 (P.
961 586 1017 619 51.
1037 584 1068 619 Il
1091 588 1127 620 et
1142 584 1221 630 111).
1243 584 1342 632 Ergo
1363 585 1436 620 im-

148 650 279 686 perare
302 642 358 674 est
375 636 530 683 quidem
551 636 854 672 substantialiter
869 641 975 672 actus
994 636 1221 682 intellectus,
1242 637 1307 673 sed
1334 637 1437 684 posi·

148 697 210 727 tus
225 691 295 726 sub
322 690 492 725 motione
512 689 732 733 voluntatis,
751 699 817 724 seu
832 689 1037 735 imperium
1062 693 1118 724 est
1141 693 1248 725 actus
1272 691 1436 726 rationis

148 743 427 790 praesupposito
452 746 578 777 tamen
599 747 686 777 actu
705 741 928 784 voluntatis,
950 747 992 777 ut
1009 752 1097 777 cum
1116 741 1153 777 S.
1172 742 1321 778 Thoma
1335 742 1437 778 affir-

148 796 348 832 mavimus.
375 815 420 821 —
440 795 592 830 Dictum
617 799 673 830 est
699 799 827 829 autem
861 794 974 839 (9‚1V)
1003 793 1107 841 quod
1133 805 1221 830 cum
1252 794 1339 830 duae
1367 805 1435 842 po-

148 848 277 885 tentiae
306 848 452 891 activae,
480 857 557 882 una
584 852 685 882 mota
711 851 748 882 et
773 846 893 884 altera
914 857 1061 882 movens
1087 846 1134 882 ad
1158 857 1279 882 unum
1305 852 1435 883 actum

148 904 396 944 concurrunt,
430 904 536 935 actus
566 898 723 943 dicitur,
760 899 859 935 sicut
887 909 1018 935 revera
1049 903 1118 944 est,
1155 899 1333 945 elicitus,
1367 910 1436 935 seu

149 952 400 989 materialiter
417 957 453 988 et
470 952 597 998 quoad
606 952 806 988 essentiam
818 951 920 987 illius
937 952 1121 998 potentiae
1139 962 1225 998 quae
1243 956 1412 988 movetur
1419 964 1435 996 ,-

149 1011 185 1041 et
209 1005 421 1041 formaliter
440 1004 542 1039 illius
563 1005 746 1051 potentiae
772 1014 858 1051 quae
881 1008 999 1040 movet
1012 1015 1021 1048 ;
1048 1004 1146 1040 sicut
1166 1004 1283 1040 etiam
1304 1005 1342 1040 in
1363 1005 1435 1040 vir-

141 1059 293 1099 tutibus
315 1061 419 1104 patet
448 1068 456 1091 ε
488 1067 578 1092 nam
600 1061 766 1092 mortem
787 1057 974 1092 sustinere
997 1061 1155 1104 propter
1173 1057 1238 1092 Dei
1262 1067 1435 1093 amorem

149 1115 204 1146 est
229 1109 384 1157 quidem
406 1114 512 1144 actus
539 1109 791 1144 essentialiter
807 1108 1015 1156 procedens
1038 1120 1060 1144 a
1084 1109 1220 1145 virtute
1243 1109 1435 1145 fortitudi-

150 1164 220 1208 nis,
242 1162 306 1198 sed
327 1161 547 1207 formaliter
566 1166 624 1197 est
643 1172 665 1197 a
690 1162 829 1197 virtute
849 1161 1062 1197 charitatis.
1085 1161 1207 1208 Igitur
1227 1162 1434 1209 imperium

149 1221 203 1251 est
223 1220 328 1251 actus
347 1214 495 1249 elicitus
521 1224 544 1250 a
565 1213 713 1249 ratione
735 1217 773 1249 et
798 1217 855 1249 est
877 1214 1130 1249 essentialiter
1154 1214 1328 1259 rationis,
1353 1214 1435 1260 for-

148 1268 353 1304 maliterau
361 1272 434 1302 tem
447 1270 503 1302 est
514 1270 621 1302 actus
637 1266 858 1301 voluntatis.
872 1286 917 1291 —
931 1266 1133 1312 CaJetan...
1152 1266 1203 1302 ib.
1221 1277 1229 1302 :
1250 1267 1319 1308 Qu.
1336 1267 1434 1309 XIII,

146 1321 258 1356 Artic.
276 1320 303 1355 I.

192 1373 255 1408 111.
293 1372 514 1408 Corollaria.
553 1371 811 1408 Corollarium
841 1371 1027 1416 primum.
1068 1371 1167 1418 Ergo
1213 1371 1434 1419 imperium,

147 1425 191 1461 de
214 1436 290 1472 quo
318 1426 356 1459 in
383 1424 562 1471 praesenti
588 1424 796 1470 loquimur,
825 1434 902 1458 non
929 1428 985 1459 est
1006 1424 1044 1458 in
1072 1423 1207 1467 brutis,
1229 1424 1268 1459 in
1296 1424 1436 1471 quibus

144 1488 222 1513 non
240 1481 296 1512 est
319 1477 430 1512 ratio.
460 1476 501 1511 In
522 1475 596 1510 illis
622 1474 811 1522 siquidem
833 1479 889 1510 est
911 1485 1049 1522 corpus
1074 1475 1177 1522 quod
1198 1480 1327 1523 posset
1349 1476 1438 1512 obe.

147 1529 241 1574 dire,
268 1529 335 1565 sed
361 1539 494 1564 eorum
515 1528 646 1563 anima
666 1538 743 1563 non
770 1527 887 1562 habet
912 1528 1012 1563 unde
1038 1528 1213 1575 imperet,
1241 1529 1332 1574 quia
1357 1538 1435 1564 non

145 1581 262 1617 habet
278 1581 467 1616 rationem
491 1591 559 1627 per
578 1590 695 1626 quam
716 1579 879 1615 ordinet.
905 1579 951 1614 Ut
974 1580 1057 1615 ideo
1082 1591 1159 1615 non
1180 1585 1237 1616 est
1257 1581 1296 1616 in
1317 1581 1435 1616 actio-

146 1635 257 1670 nibus
286 1634 489 1669 brutorum
518 1634 615 1668 ratio
652 1633 877 1679 imperantis
911 1637 948 1668 et
981 1633 1170 1680 imperati,
1204 1633 1270 1669 sed
1309 1633 1435 1669 solum

145 1687 332 1723 moventis
358 1691 395 1722 et
414 1686 525 1721 moti.
543 1705 588 1711 —
605 1685 683 1729 1-11,
708 1685 777 1727 Qu.
800 1685 909 1729 XVII,
931 1685 1045 1721 Artic.
1066 1685 1112 1729 ΙΙ,
1134 1696 1241 1733 corp.
1263 1690 1301 1721 et
1314 1685 1378 1722 ad.
1399 1687 1433 1721 2.

194 1739 451 1776 Corollarium
468 1738 642 1774 alterum.
666 1738 749 1784 Ipse
768 1737 978 1773 voluntatis
999 1742 1106 1773 actus
1127 1738 1361 1785 imperatur:
1379 1743 1436 1773 est

145 1792 247 1827 enim
265 1792 303 1826 in
324 1794 512 1838 potestate
527 1795 659 1826 nostra
672 1789 761 1825 velle
773 1795 808 1824 et
823 1801 898 1825 non
914 1789 1018 1833 velle,
1030 1794 1072 1825 ut
1081 1791 1313 1826 conscientia
1324 1795 1436 1826 testa·

146 1849 207 1879 tur
227 1855 235 1889 3
267 1842 369 1890 quod
390 1847 520 1879 autem
540 1847 597 1878 est
619 1843 658 1878 in
676 1846 865 1889 potestate
891 1847 1024 1878 nostra
1048 1842 1250 1889 subjicitur
1272 1843 1434 1890 imperio

146 1901 291 1941 nostro,
318 1896 390 1932 hoc
413 1900 469 1931 est
489 1900 632 1931 nostrae
659 1895 820 1930 rationis
843 1905 851 1930 :
874 1905 960 1942 quae
990 1895 1086 1931 sicut
1108 1900 1235 1942 potest
1260 1895 1435 1942 Judicare

146 1948 249 1995 quod
267 1949 413 1984 bonum
431 1949 480 1983 sit
496 1947 641 1994 aliquid
661 1947 767 1990 velle,
789 1948 844 1983 ita
862 1951 990 1994 potest
1010 1947 1187 1983 ordinare
1207 1947 1433 1995 imperando

145 2001 249 2047 quod
276 2000 392 2036 homo
419 2001 522 2035 velit.
549 2000 644 2041 Quia
671 2004 799 2035 tamen
820 2000 967 2046 primus
999 2004 1106 2035 actus
1125 2000 1333 2035 voluntatis
1355 2011 1433 2036 non

143 2058 199 2088 est
227 2053 265 2088 in
293 2057 481 2099 potestate
509 2057 639 2087 nostra
665 2052 730 2087 sed
749 2052 786 2086 in
813 2056 1000 2098 potestate
1020 2057 1181 2096 naturae,
1207 2052 1433 2099 hujusmodi

143 2110 250 2142 actus
276 2106 438 2152 imperio
460 2106 620 2140 rationis
642 2116 718 2140 non
747 2105 960 2151 subjicitur.
989 2124 1033 2131 —·
1052 2104 1107 2140 [ὁ.
1129 2105 1243 2140 Artic.
1262 2105 1304 2150 V,
1327 2115 1431 2152 corp.

141 2158 254 2194 etad.
280 2160 313 2193 3.

191 2211 450 2247 Corollarium
469 2211 631 2245 tertium.
655 2211 734 2246 Imo
754 2215 790 2245 et
812 2211 890 2257 ipse
908 2215 1014 2245 actus
1033 2211 1191 2245 rati00is
1209 2214 1334 2256 potest
1352 2220 1432 2246 esse

143 2265 352 2311 imperatus
374 2264 419 2298 ab
442 2264 524 2309 ipsa
543 2264 687 2298 ratione
706 2274 713 2297 t
734 2274 823 2298 nam
837 2263 932 2298 ratio
946 2263 976 2297 vi
998 2263 1214 2297 reflexionis
1232 2263 1430 2309 cognoscit

143 2321 250 2352 actus
269 2326 357 2351 suos
376 2327 382 2350 ς
413 2326 502 2362 ergo
528 2316 625 2350 sicut
646 2315 799 2350 ordinat
823 2314 868 2350 de
888 2315 1034 2350 actibus
1056 2316 1218 2350 aliarum
1246 2315 1431 2361 potentia—

144 2378 242 2414 rum,
262 2369 314 2404 ita
335 2368 487 2404 ordinat
504 2367 548 2404 de
567 2372 652 2403 actu
670 2368 839 2416 proprio.
861 2388 904 2393 ——
922 2368 1098 2403 Attamen
1119 2382 1135 2400 ‹
1154 2366 1429 2403 attendendam
