1584 2569
474 104 574 130 mun
595 103 840 130 :tirannicus
1273 101 1330 133 351

88 175 175 207 circa
198 176 405 215 praesentem
431 174 675 215 quaestionem,
697 174 738 205 V.
761 190 801 198 —
823 174 997 216 Principia
1015 176 1177 217 quaedam
1205 176 1246 208 de
1268 177 1334 210 hac

87 220 240 259 materia,
263 219 323 254 VI.
358 219 398 253 In
426 221 568 253 homine
596 220 728 253 ratione
753 219 863 253 utenti
890 221 964 253 dari
983 230 1053 254 non
1079 226 1193 263 potest
1216 224 1332 256 invin-

87 266 198 301 cibilis
234 265 429 309 ignorantia
475 266 667 301 existentiae
706 267 785 306 Dei,
822 267 897 300 v11.
935 284 975 293 -
1012 269 1079 302 Sed
1101 273 1136 302 et
1157 270 1334 311 probabile

86 313 294 349 theoreticos
323 321 442 346 revera
462 322 647 354 persuasos
668 323 737 347 non
760 314 847 353 dari,
870 314 930 348 IX.
955 332 994 340 ·-
1011 315 1079 349 Sed
1102 319 1136 349 et
1157 316 1334 358 probabile

86 361 192 395 etiam
211 365 265 394 est
282 368 351 394 non
363 368 466 402 posse
487 361 559 393 dari
577 360 699 394 atheos
708 361 915 395 theoreticos
925 370 1004 395 vere
1020 370 1219 403 persuasos,
1239 364 1280 397 X.
1294 381 1333 388 -

87 409 134 442 De
153 407 322 442 atheismo
336 407 499 450 politico,
513 408 562 442 Μ.
582 408 637 440 64.
654 424 695 432 —
708 407 883 449 Principia
897 409 1060 442 atheismi
1075 410 1220 451 politici,
1237 412 1279 443 II.
1295 428 1334 436 —

86 455 284 489 Atheismus
306 454 469 496 politicus
488 458 541 487 est
558 454 739 491 absurdus.
760 455 823 488 111.

47 513 177 548 Atomi.
203 512 253 546 De
275 511 398 546 mundi
418 511 551 554 origine
574 522 613 545 ex
639 513 778 546 fortuito
802 517 998 547 atomorum
1018 523 1202 554 concursu,
1232 516 1271 548 C.
1295 517 1330 548 4.

84 560 184 601 (Vide
200 558 393 601 Mundus.)

44 619 250 654 Atomicum
287 623 438 661 systema
477 628 538 652 seu
565 620 772 652 atomismus
810 620 853 652 de
888 621 1065 661 principiis
1102 622 1335 654 constitutivis

85 674 283 707 corporum,
304 666 343 699 C.
368 665 420 705 13,
440 665 453 696 I
474 668 507 697 et
522 665 568 698 11.
588 681 628 689 —
645 665 855 699 Atomismus
873 675 980 708 purus
999 675 1069 700 non
1084 667 1231 710 explicat
1242 668 1335 710 prin-

85 711 176 752 cipia
199 710 398 744 essentialia
425 719 620 752 corporum,
648 712 712 744 111.
737 729 777 737 --
797 713 954 754 Systema
973 714 1164 747 atomicum
1179 715 1335 757 dynami-

85 766 179 797 cum,
205 758 244 790 C.
271 758 324 798 14,
345 757 399 790 Vll
419 762 453 790 et
472 758 563 791 VIII.
591 775 630 783 —
654 759 704 792 De
726 760 910 794 atomismo
926 760 1087 800 mimico,
1112 762 1151 793 C.
1176 762 1226 799 15,
1245 762 1274 794 Ι.
1295 777 1335 786 --

84 804 227 838 Materia
255 803 487 845 ponderabilis
516 809 551 837 et
582 805 880 847 imponderabilis,
904 807 948 839 11.
978 823 1019 831 —
1044 807 1222 841 Moleculae
1251 808 1333 841 inte·

84 854 236 892 granteS,
251 850 433 885 moleculae
452 851 695 893 constitutivae,
716 853 826 886 atomi
839 854 1031 895 primtz'vae,
1053 854 1115 888 111.
1140 871 1180 879 -
1195 855 1335 887 Atomo-

86 906 163 930 rum
195 896 447 939 primitivarum
480 898 721 940 proprietates,
754 899 814 932 1v.
844 915 885 926 -·
904 900 1071 934 Attractio
1102 901 1334 941 molecularis,

85 944 234 978 cohaesio
259 948 293 977 et
318 943 481 984 affinitas,
505 945 550 977 V.
584 961 624 969 —
646 945 850 986 Caloricum‚
883 946 943 979 VI.
969 963 1008 972 -
1027 947 1228 981 Dualismus
1263 948 1335 981 chi-

85 991 212 1025 micus.
232 990 308 1025 VII.
335 1006 375 1016 ·-
394 991 442 1024 De
463 991 589 1033 triplici
612 1001 738 1034 genere
757 994 1034 1036 compositionis,
1062 994 1170 1027 IX.—
1189 996 1336 1028 Atomis-

86 1046 164 1071 mus
192 1037 361 1071 chimicus
390 1047 459 1071 non
487 1037 657 1071 satisfacit
676 1039 861 1080 quaestioni
880 1040 971 1073 circa
984 1040 1253 1074 substantialem
1267 1050 1338 1074 cor-

86 1093 208 1126 porum
219 1084 520 1127 compositionem‚
534 1085 577 1119 X.
594 1102 633 1111 -
648 1086 801 1125 Quaestio
815 1087 858 1119 de
867 1095 1051 1128 corporum
1067 1087 1250 1129 principiis
1268 1097 1335 1121 non

85 1131 230 1174 physica
243 1132 303 1164 sed
321 1131 558 1173 metaphysica
578 1137 644 1173 est,
660 1132 721 1165 XI.

44 1190 224 1224 Attentio.
256 1191 294 1223 L.
328 1190 360 1229 9,
386 1190 445 1224 IV.
474 1206 513 1215 -
550 1190 703 1224 Attentio
729 1192 921 1224 remedium
947 1196 1067 1225 contra
1095 1193 1337 1227 confusionem

85 1238 256 1278 idearum,
277 1238 316 1270 L.
342 1237 393 1278 13,
412 1239 459 1270 ΙΙ.

44 1296 285 1330 Attributum.
306 1297 346 1329 L.
367 1298 398 1336 4,
420 1297 482 1329 Ill.
500 1314 540 1321 -
553 1298 603 1331 De
621 1296 753 1329 divinis
775 1297 958 1331 attributis
972 1300 1170 1340 generatim
1188 1301 1335 1341 sumptis

84 1345 125 1376 T.
157 1343 212 1376 18.
242 1359 281 1369 -
302 1343 475 1376 Atti-ibuta
511 1343 626 1376 diviua
655 1352 769 1385 neque
800 1344 888 1377 inter
918 1352 968 1385 se,
992 1354 1106 1387 neque
1126 1346 1169 1379 ab
1186 1348 1336 1380 essentia

85 1389 203 1423 divina
224 1394 305 1424 sunt
324 1390 461 1423 realiter
479 1390 652 1430 distincta,
678 1391 723 1423 ΙΙ.
748 1407 788 1415 -
803 1390 976 1424 Attributa
1002 1392 1131 1432 divina,
1152 1397 1224 1426 tum
1248 1394 1336 1426 inter

87 1445 135 1476 se,
161 1440 237 1470 tum
261 1437 304 1469 ab
324 1436 476 1469 essentia
505 1435 621 1469 divina
654 1436 917 1478 distinguuntur
943 1437 1167 1471 distinctione
1191 1439 1337 1472 rationis

86 1484 144 1517 IV.
164 1499 205 1508 -—
218 1483 341 1516 Divina
354 1483 532 1524 attributa,
551 1487 625 1516 tum
641 1484 733 1516 inter
751 1492 800 1522 se,
818 1487 892 1516 tum
910 1485 953 1517 ab
967 1485 1119 1517 essentia
1134 1485 1255 1519 divina
1273 1486 1338 1519 dis-

87 1530 294 1573 tinguuntur
312 1529 533 1564 distInctione
552 1530 700 1563 rationis
719 1530 948 1571 raciocinatae‚
969 1532 1030 1564 VI.

45 1589 222 1623 Auctores
241 1589 348 1622 relate
364 1589 408 1622 ad
426 1593 534 1622 artem
554 1589 722 1629 criticam,
742 1590 781 1622 L.
805 1590 858 1629 61,
880 1590 926 1622 11.

0 1668 2 1670 v
43 1647 268 1682 Auctoritas.
298 1647 337 1681 1..
371 1647 424 1687 58,
453 1647 500 1680 11.
524 1662 564 1673 -—
589 1648 638 1680 De
663 1647 922 1681 conditionibus
958 1650 1175 1684 auctoritatis
1213 1651 1338 1683 divinae

86 1695 130 1727 ad
146 1694 392 1728 certitudinem
411 1693 447 1726 in
463 1694 564 1726 nobis
580 1694 852 1734 producendam,
869 1695 908 1728 1..
933 1695 985 1735 58,
1001 1696 1130 1729 Iv-.VI
1148 1696 1248 1738 (Vide
1260 1698 1336 1730 Ma-

84 1741 271 1782 9iscerium
282 1740 528 1782 divinum.)—
541 1741 591 1773 De
605 1742 816 1774 auctoritate
829 1744 869 1774 ul
880 1741 1044 1775 veritatis
1058 1743 1202 1776 criterio
1211 1768 1220 1778 .
1236 1745 1274 1777 L.
1298 1745 1338 1776 60

86 1804 125 1813 -
156 1788 339 1829 Repugnat
375 1787 530 1820 absolute
568 1787 808 1820 auctoritatem
846 1796 909 1821 seu
948 1797 1157 1823 consensum
1200 1791 1336 1832 generis

85 1835 229 1868 humani
248 1842 326 1868 esse
345 1842 549 1875 supremum
566 1834 721 1867 veritatis
741 1834 931 1875 criterium,
952 1836 991 1868 L.
1016 1836 1057 1868 64
1078 1837 1136 1869 VI.
1156 1853 1196 1862 --
1210 1838 1333 1870 Aucto-

86 1882 170 1914 ritas
188 1880 310 1923 nequit
333 1889 409 1914 esse
430 1889 633 1922 supremum
653 1880 842 1921 criterium,
861 1882 1015 1914 veritatis
1038 1891 1100 1916 seu
1120 1884 1335 1917 certitudinis

85 1928 252 1966 mediatae,
266 1928 306 1961 L.
323 1926 376 1967 C4,
393 1927 488 1961 VIII.
507 1943 548 1952 —
563 1927 756 1961 Auctoritas
770 1927 805 1960 in
821 1928 1011 1962 domestica
1022 1930 1200 1969 societate,
1215 1930 1264 1964 M.
1284 1931 1336 1972 45,

87 1976 145 2008 IV.
169 1975 266 2017 (vide
284 1975 351 2008 Jus
367 1974 596 2017 conJ'uqum.)
614 1990 654 2001 -
675 1974 869 2008 Auctoritas
889 1984 950 2008 seu
971 1980 1124 2016 potestas
1143 1978 1337 2010 necessario

86 2022 272 2064 requiritur
291 2022 336 2056 ad
356 2022 543 2055 essentiam
566 2022 754 2061 societatis,
781 2023 829 2055 M.
856 2022 910 2062 49,
930 2023 977 2055 11.
1001 2039 1041 2048 —
1061 2024 1107 2056 De
1126 2025 1339 2057 auctoritate

86 2069 221 2108 sociali,
235 2070 285 2104 Μ.
307 2070 363 2102 51.
381 2085 423 2093 -—
436 2068 631 2101 Auctoritas
645 2068 783 2102 socialis
800 2073 852 2102 est
862 2068 1062 2103 immediate
1074 2079 1094 2103 a
1108 2071 1180 2104 Deo
1193 2080 1201 2111 3
1217 2080 1334 2105 conse—

88 2119 233 2158 quenter
252 2115 462 2157 principium
482 2114 567 2148 illud
594 2125 602 2146 :
627 2115 780 2148 Nullum
798 2115 990 2158 imperium
1007 2117 1084 2150 sine
1105 2117 1215 2151 libero
1231 2122 1337 2161 pacto

85 2162 275 2195 absurdum
303 2166 370 2202 est,
405 2162 462 2195 1v.
489 2179 527 2186 -
546 2161 730 2195 Multitudo
755 2170 816 2195 seu
849 2163 1000 2204 populus
1022 2172 1091 2197 non
1119 2168 1236 2206 potest
1261 2174 1336 2198 esse

87 2208 303 2242 auctoritatis
313 2208 422 2242 civilis
434 2208 645 2250 subjectum,
666 2209 744 2242 VII.
763 2226 805 2233 —
816 2209 866 2242 De
877 2210 1166 2244 scholasticorum
1181 2211 1337 2245 doctrina

87 2256 178 2289 circa
196 2255 394 2297 subjectum
408 2255 623 2289 auctoritatis
637 2255 760 2295 civilis,
781 2255 872 2296 VIII,
893 2256 952 2290 IX.
975 2274 1017 2282 —-
1034 2257 1234 2299 subjectum
1250 2259 1336 2300 poli-

86 2302 164 2335 ticae
190 2302 373 2343 potestatis
400 2310 462 2344 per
480 2310 517 2335 se
541 2301 792 2335 determinatur
816 2303 984 2337 electione
1008 2303 1080 2337 sive
1110 2303 1241 2338 directa
1267 2314 1335 2337 srve

88 2348 268 2389 indirecta,
285 2349 362 2381 XII.
