1584 2569
79 121 159 146 Anr.
179 121 204 145 i.
231 116 277 145 DE
303 119 378 144 orr.
400 116 444 144 Ea·
462 111 536 144 mii.
555 118 642 144 nou.
666 118 786 148 oron>
807 116 983 145 consEnv.
1004 98 1161 145 rnormaz
1184 122 1274 147 vim
1298 115 1363 149 155

78 191 252 228 miserias
291 189 506 234 evitandas⁷
544 190 659 226 etiam
695 190 908 234 inaifimaS,
942 194 999 226 est
1043 200 1196 238 semper
1237 194 1364 240 majus

78 244 224 281 malum
265 253 459 280 assumere
494 242 542 278 ad
577 243 706 278 minus
738 241 883 279 maium
916 242 1129 280 vitandum.
1175 264 1220 271 -—-
1260 245 1361 282 Ibid.

36 298 41 303 '
78 297 125 333 ad
148 298 182 333 3.

126 349 296 397 objectio
311 348 489 385 secunda.
512 348 633 384 Homo
653 347 834 384 dominus
851 352 908 384 est
933 349 1101 397 suipsius
1118 361 1186 397 per
1207 351 1362 388 liberta·

78 407 169 439 tem.
196 402 382 438 Dominus
420 405 550 437 autem
576 401 679 438 licite
708 406 834 448 potest
864 402 919 438 uti
948 412 988 438 re
1017 414 1098 447 sua,
1129 404 1246 440 etiam
1276 415 1361 442 eam

78 454 323 493 destruendo.
353 454 451 501 Ergo
485 454 602 490 homo
635 458 761 502 potest
798 454 900 492 licite
937 454 1132 495 destruere
1164 458 1361 505 propriam

78 508 333 545 existentiam.

123 562 231 608 Resp.
259 561 345 597 Hoec
376 559 541 607 objectio
562 559 688 596 soluta
712 560 794 607 jam
822 564 880 596 est
908 571 954 597 ex
986 560 1097 597 dictis
1118 562 1156 597 in
1178 563 1303 609 prima
1326 567 1364 599 et

78 614 191 651 tertia
207 613 368 651 ratione.
392 613 434 649 ln
454 612 579 648 forma
595 617 723 648 autem
746 612 1027 661 respondendo,
1044 625 1141 662 nego
1163 615 1360 662 majorem,

77 668 114 704 in
132 677 245 704 sensu
264 665 484 703 adversarii.
511 665 607 701 Nam
630 665 747 701 homo
769 669 896 713 potest
916 676 983 713 per
1002 666 1221 704 libertatem
1260 669 1362 704 licite

77 719 277 767 disponere
295 717 341 754 de
365 718 425 754 his
453 727 540 765 quae
566 717 767 764 subjacent
787 728 865 754 suae
885 720 1066 765 potestati
1089 730 1098 764 ;
1123 720 1201 756 vita
1231 725 1361 757 autem

76 772 247 819 suhjacet
274 781 350 807 non
378 770 558 818 potestati
588 770 725 806 morali
758 770 928 807 hominis
953 771 1019 807 sed
1042 772 1121 816 Dei,
1153 777 1195 808 ut
1215 773 1360 810 dictum

76 830 145 862 est.
163 845 208 851 —
224 823 323 861 Ibid.

123 877 292 924 Objectz'o
311 877 436 913 tertia.
458 876 622 913 Licitum
643 881 699 912 est
719 877 821 923 quod
840 878 977 924 aliquis
993 878 1207 915 voluntarie
1227 881 1361 916 subeat

75 931 203 967 minus
216 928 376 974 malum,
396 933 437 965 ut
457 929 584 976 majus
604 930 750 965 malum
761 930 874 965 vitet:
897 930 994 966 sicut
1011 931 1159 967 licitum
1179 936 1234 968 est
1257 933 1361 979 quod

75 983 213 1031 aliquis
233 982 348 1018 etiam
379 982 609 1029 sibimetipsi
637 986 812 1029 amputet
844 983 1062 1019 membrum
1081 984 1294 1030 putridum,
1317 989 1360 1020 ut

76 1041 199 1072 totum
217 1045 354 1082 corpus
369 1034 546 1071 salvetur.
565 1034 638 1071 Sed
652 1033 883 1081 quandoque
895 1035 1033 1082 aliquis
1047 1047 1115 1083 per
1129 1037 1360 1074 occisionem

74 1088 240 1135 suipsius
259 1088 355 1123 vitat
374 1087 500 1134 majus
523 1087 684 1132 malum,
705 1091 748 1123 ut
768 1091 861 1134 puta
888 1088 1169 1135 turpitudinem
1197 1090 1360 1136 alicujus

74 1140 233 1188 peccati,
255 1144 293 1176 et
309 1139 509 1176 infamiam
536 1145 846 1186 consequentem.
868 1140 967 1188 Ergo
991 1141 1029 1177 in
1056 1141 1281 1189 huJ’usmodi
1299 1153 1358 1179 ca-

74 1193 178 1230 sibus
207 1192 412 1230 suioidium
440 1197 497 1228 est
529 1192 690 1228 licitum.
725 1193 781 1228 lta
808 1193 942 1240 objicit
975 1193 1257 1231 Puffendorfius
1292 1196 1357 1232 sed

75 1250 161 1282 ante
182 1246 220 1282 S.
242 1244 409 1281 Thomas
427 1244 596 1292 idipsum
614 1245 687 1280 sibi
705 1245 898 1291 obJ'eoerat
913 1245 986 1282 loc.
1008 1247 1072 1282 cit.

119 1299 226 1344 Resp.
243 1297 346 1345 Nego
370 1298 566 1334 minorem.
595 1297 690 1333 Nam
712 1298 880 1344 seipsum
902 1298 1074 1335 occidere
1095 1304 1252 1347 propter
1281 1312 1361 1337 ma·-

72 1352 152 1388 lum
169 1351 418 1387 commissum
439 1355 495 1386 est
512 1351 680 1386 maxime
700 1350 772 1386 sibi
802 1361 951 1396 nocere,
973 1352 1064 1398 quia
1081 1351 1267 1388 adimitur
1286 1354 1357 1390 sibi

72 1404 328 1441 necessarium
356 1404 594 1450 poenitentiae
619 1408 783 1450 tempus.
813 1417 831 1436 «
860 1403 1045 1441 Similiter
1064 1415 1141 1441 non
1162 1405 1251 1442 licet
1274 1417 1358 1442 mu-

71 1458 154 1494 lieri
183 1457 347 1504 seipsam
382 1455 553 1492 occidere
583 1467 630 1492 nc
660 1456 706 1492 ab
732 1456 806 1492 alio
838 1461 1122 1505 corrumpatur,
1158 1459 1248 1506 quia
1280 1470 1356 1495 non

71 1509 184 1546 debet
199 1510 238 1545 in
253 1520 291 1545 se
312 1509 554 1545 committere
568 1510 713 1545 crimen
734 1510 963 1554 maximum,
983 1510 1086 1557 quod
1108 1516 1164 1547 est
1190 1512 1358 1559 suipsius

72 1562 223 1607 occisio,
241 1566 284 1597 ut
305 1562 397 1598 vitet
417 1562 545 1598 minus
568 1562 712 1598 crimen
725 1562 906 1599 alienum.
927 1563 1010 1600 Non
1022 1564 1125 1599 enim
1144 1568 1201 1600 est
1213 1565 1358 1601 crimen

71 1614 240 1651 mulieris
257 1625 324 1662 per
342 1614 565 1651 violentiam
583 1615 739 1651 violatae
753 1616 784 1651 si
800 1625 1008 1651 consensus
1029 1627 1106 1652 non
1124 1616 1224 1652 adsit
1245 1628 1252 1652 :
1267 1618 1358 1664 quia

69 1677 146 1702 non
178 1666 403 1713 inquinatur
422 1677 573 1714 eorpus,
600 1667 673 1702 nisi
697 1666 742 1703 de
766 1677 955 1704 consensu
982 1668 1136 1712 mentis,
1163 1673 1205 1704 ut
1243 1669 1358 1705 Lucia

69 1719 179 1754 dixit.
203 1719 360 1755 Constat
387 1722 517 1755 autem
553 1719 683 1754 minus
710 1730 791 1755 esse
818 1724 1018 1766 peccatum
1046 1720 1354 1764 fornicationem,

68 1770 126 1805 vel
157 1769 405 1814 adulterium,
436 1780 554 1816 quam
582 1770 852 1815 homicidium,
884 1776 921 1807 et
947 1772 1140 1818 praecipue
1172 1772 1353 1818 suipsius,

68 1821 172 1868 quod
197 1826 252 1859 est
279 1823 567 1869 gravissimum,
587 1823 677 1869 quia
697 1823 768 1859 sibi
794 1824 867 1870 ipsi
897 1828 1021 1867 nocet,
1052 1824 1113 1860 cui
1145 1825 1355 1860 maximam

68 1874 172 1912 dilec²
226 1885 314 1911 nem
349 1874 473 1911 debet.
504 1875 570 1910 Est
601 1875 717 1910 etiam
744 1875 1126 1922 periculosissimum,
1160 1877 1250 1922 quia
1279 1887 1355 1912 non

67 1932 185 1964 restat
211 1938 374 1975 tempus,
394 1932 435 1963 ut
453 1938 520 1975 per
533 1928 803 1975 poenitentiam
827 1928 1015 1975 expietur.
1036 1928 1220 1965 Similiter
1240 1930 1356 1965 etiam

67 1980 162 2016 nulli
194 1981 282 2017 lieet
310 1981 478 2028 seipsum
510 1980 681 2017 occidere
709 1981 756 2016 ob
788 1981 966 2017 timorem
993 1991 1039 2017 ne
1066 1981 1282 2017 consentiat
1316 1982 1355 2017 in

67 2037 280 2080 peccatum,
306 2033 397 2079 quia
429 2044 506 2069 non
535 2037 624 2068 sunt
652 2032 826 2069 facienda
848 2033 962 2078 mala,
987 2037 1029 2069 ut
1063 2033 1217 2069 veniant
1255 2033 1357 2070 bona

29 2128 31 2130 ,
66 2086 126 2122 vel
143 2090 184 2122 ut
209 2086 383 2122 vitentur
402 2086 517 2131 mala,
547 2087 761 2133 praesertim
782 2086 934 2122 minora
952 2090 989 2122 et
1008 2087 1136 2122 minus
1156 2091 1271 2123 certa.
1294 2087 1358 2124 In·

34 2139 37 2142 ⁴
73 2142 214 2175 'ertum
232 2139 336 2174 enim
351 2143 421 2184 est,
440 2150 488 2175 an
511 2138 651 2186 aliquis
672 2140 710 2174 in
734 2139 906 2175 futurum
926 2140 1141 2175 consentiat
1162 2139 1200 2175 in
1222 2149 1352 2187 pecca-

65 2196 164 2227 tum.
192 2191 332 2227 Potens
358 2196 415 2227 est
443 2193 547 2228 euim
580 2192 679 2228 Deus
716 2192 913 2228 hominem
945 2202 1187 2239 quacumque
1223 2196 1352 2228 tenta—

65 2245 170 2280 tione
186 2245 473 2291 superveniente
487 2245 647 2281 liberare
665 2255 687 2281 a
703 2249 858 2292 peccato
896 2259 912 2278 ι
931 2265 976 2270 -
990 2244 1091 2281 Ibid.
1111 2244 1158 2281 ad
1177 2246 1210 2281 3.

115 2295 284 2344 objectio
295 2302 449 2344 quarta.
463 2297 605 2334 Saltem
618 2297 775 2333 concedi
787 2297 898 2334 debet
913 2297 1118 2334 suicidium
1128 2307 1210 2333 esse
1224 2301 1353 2333 actum

66 2348 317 2387 fortitudinis.
331 2350 446 2387 Actus
463 2354 592 2387 autem
610 2350 847 2387 fortitudinis
867 2355 924 2388 est
941 2350 1160 2395 laudabilis,
1174 2353 1211 2386 et
1225 2359 1354 2386 revera
