1554 2569
162 156 206 188 78
238 142 377 188 armen.
397 162 465 186 Lm.
481 162 522 186 11.
544 161 620 186 CAP.
637 161 675 185 11.
693 159 736 185 DE
755 160 900 185 ACTIBUS
920 160 1078 188 immarus
1098 161 1133 187 IN
1148 162 1287 197 ORDINE,
1308 163 1384 190 Ere.

164 234 323 270 cientiae.
346 233 496 268 Etenim
512 230 633 267 vivide
650 231 772 267 sentio
790 241 851 266 me
866 241 934 277 per
948 231 1108 267 liberam
1127 243 1253 268 meam
1272 234 1444 270 volunta-

164 297 241 322 tem
258 285 447 334 applicare
464 294 623 320 manum
641 287 677 319 et
693 293 846 318 movere
863 283 1004 331 digitos
1019 284 1067 319 ad
1087 285 1344 331 scribendum,
1359 298 1445 323 ocu-

163 340 219 375 los
248 337 443 374 intendere
476 338 514 373 in
545 336 733 381 chartam,
765 340 802 371 et
830 335 905 371 alia
932 336 1155 383 hujusmodi
1176 349 1184 383 ;
1207 342 1244 374 et
1269 339 1446 375 similiter

163 391 283 428 v1vide
304 392 341 426 in
365 390 563 438 temetipso
584 389 766 436 experiris
792 392 826 424 te
846 399 956 435 posse
972 390 1290 437 imaginationem
1311 392 1357 428 ab
1380 393 1446 428 im-

165 445 339 492 portunis
359 442 692 491 phantasmatibus
709 441 757 478 ad
777 442 1085 478 convenientiora
1102 443 1300 489 divertere,
1313 449 1350 480 et
1367 455 1446 480 mo-

166 502 226 532 tus
247 497 312 531 irae
330 500 396 531 aut
415 505 656 542 compescere
677 497 742 529 aut
760 493 883 540 magis
909 504 978 540 per
997 494 1187 530 rationem
1204 497 1370 532 excitare
1408 497 1447 531 Si

165 553 294 585 autem
321 546 544 594 hujusmodi
571 551 677 583 actus
706 546 966 593 potentiarum
992 548 1261 583 sensitivarum
1289 554 1377 584 sunt
1410 549 1447 584 in

165 605 354 648 potestate
373 604 516 645 nostra,
532 599 730 646 subJacent
746 599 908 645 imperio
928 599 1088 635 rationis
1105 611 1113 635 :
1130 611 1175 636 ex
1193 611 1236 636 eo
1258 601 1361 637 enirn
1381 601 1447 638 ali-

165 654 250 699 quis
270 657 376 689 actus
397 652 558 699 imperio
579 656 711 687 nostro
732 651 916 698 suhjacet,
937 651 1028 698 quia
1053 652 1091 687 in
1112 657 1300 699 potestate
1318 658 1448 690 nostra

165 711 235 742 est.
253 706 373 753 Igitur
390 710 471 740 tum
492 708 599 741 actus
622 702 814 750 appetitus
840 704 1022 749 sensitivi,
1054 709 1137 740 tum
1158 710 1264 742 actus
1288 707 1448 742 exterio-

167 770 251 794 rum
277 758 540 794 membrorum
575 756 774 803 subJacent
803 756 965 803 imperio
988 757 1161 793 rationis.
1189 778 1234 783 —-
1266 759 1346 804 1-11‚
1378 759 1447 800 Qu.

167 811 274 855 XVII,
295 810 408 845 Artic.
428 810 490 844 VII
508 813 545 845 et
561 809 621 845 lx.
966 823 969 825 ·

211 863 270 899 VI.
284 862 490 907 Imperium
501 865 541 898 et
551 864 663 898 actus
672 862 885 906 imperatus
900 864 993 897 sunt
1002 863 1202 898 moraliter
1212 872 1311 899 unus
1322 867 1447 901 actus.

212 916 361 951 Dictum
382 919 439 950 est
459 914 561 950 enim
579 924 696 960 supra
714 924 752 948 n.
775 913 821 958 11,
837 913 940 960 quod
961 913 1114 960 quando
1133 914 1219 950 duae
1233 916 1365 951 activae
1386 927 1449 962 po·

167 968 295 1003 tentiae
309 967 363 1003 ita
380 966 607 1002 ordinantur
625 970 666 1001 ut
683 977 760 1001 una
775 970 864 1012 agat
883 966 953 1001 sub
971 966 1132 1012 imperio
1150 967 1321 1011 alterius,
1343 973 1450 1004 aetus

165 1024 221 1056 est
241 1019 403 1056 elicilive
422 1018 577 1065 quidem
599 1019 782 1065 potentiae
801 1028 888 1064 quae
908 1018 976 1054 sub
995 1019 1156 1066 imperio
1178 1025 1371 1067 operatur,
1384 1020 1449 1056 sed

166 1077 221 1116 est
246 1071 465 1118 formaliter
490 1071 674 1117 potentiae
702 1071 953 1117 imperantis3
982 1071 1055 1107 hoc
1080 1076 1137 1107 est
1161 1072 1327 1108 habetur
1352 1084 1450 1108 unus

167 1129 272 1160 actus
298 1124 405 1170 quasi
426 1123 661 1169 compositus
690 1133 735 1158 ex
761 1124 922 1158 materia
948 1127 985 1158 et
1010 1123 1146 1168 forma,
1165 1124 1237 1168 vel,
1261 1125 1292 1159 si
1312 1125 1435 1172 magis

168 1176 302 1222 placet,
324 1186 422 1210 unus
451 1178 557 1210 actus
577 1175 641 1220 qui
668 1178 724 1210 est
752 1174 868 1210 simul
894 1175 1114 1222 principalis
1140 1176 1288 1223 agentis
1308 1181 1345 1212 et
1377 1178 1448 1212 ins-

170 1228 364 1263 trumenti.
391 1227 503 1272 Atqui
531 1237 629 1261 unus
658 1230 714 1261 est
745 1230 852 1262 actus
882 1227 1102 1274 principalis
1134 1228 1282 1274 agentis
1314 1232 1352 1265 et
1377 1229 1448 1265 ins-

166 1280 363 1324 trumenti,
401 1283 441 1314 ut
476 1279 775 1314 instrumentum
808 1283 877 1314 est.
911 1279 1008 1326 Ergo
1039 1280 1245 1327 imperium
1278 1285 1315 1317 et
1344 1285 1451 1317 actus

167 1334 375 1379 imperatus
397 1335 485 1366 sunt
501 1330 699 1366 moraliter
719 1341 817 1366 unus
834 1335 955 1366 actus.
979 1351 1025 1357 -—
1047 1332 1093 1367 Et
1112 1331 1197 1368 dico
1218 1333 1419 1369 moraliter
1439 1342 1448 1368 :

166 1396 242 1420 non
272 1384 374 1419 enim
403 1393 501 1430 nego
534 1382 637 1429 quod
667 1387 773 1418 actus
804 1383 996 1429 imperans
1030 1388 1066 1419 et
1099 1388 1205 1420 actus
1241 1385 1450 1432 imperatus

167 1436 319 1483 physice
341 1435 585 1479 considerati,
607 1446 673 1470 seu
701 1436 923 1481 separatim,
943 1437 1020 1472 sint
1039 1436 1166 1472 multi.
1185 1456 1230 1463 -
1248 1436 1305 1473 Jb.
1333 1438 1448 1474 Artic-

168 1490 226 1526 lV.
247 1493 284 1525 et
301 1488 369 1530 Qu.
391 1488 464 1530 XX,
484 1488 599 1523 Artic.
618 1487 681 1522 111.

562 1609 819 1646 ARTICULUS
856 1610 1053 1647 TERTIUS

771 1692 843 1735 (18)

303 1771 352 1806 De
372 1770 423 1806 iis
443 1782 525 1817 quoe
541 1776 816 1817 consequuntur
839 1777 946 1808 actus
967 1773 1150 1810 humanos
1167 1776 1316 1812 ratione

587 1823 769 1860 bonitatis
796 1824 851 1860 vel
877 1825 1049 1861 malz'tioe.

211 1911 238 1945 Ι.
261 1911 414 1955 Triplex
428 1911 685 1947 consideratio
699 1914 858 1947 actuum
876 1912 1144 1950 humanorum.
1158 1915 1272 1950 Actus
1288 1915 1449 1952 humani

166 1962 363 2009 tripliciter
379 1962 441 1998 hic
464 1962 697 1998 considerari
718 1963 857 1999 debent
879 1975 886 1999 :
911 1966 947 2000 1⁰
965 1965 1004 2000 in
1025 1965 1159 2002 ordine
1183 1966 1231 2002 ad
1259 1969 1390 2013 finem,
1413 1969 1448 2004 in

164 2025 276 2060 quem
311 2014 550 2061 diriguntur3
575 2017 612 2050 20
629 2016 667 2050 in
692 2015 824 2052 ordine
844 2015 891 2051 ab
911 2016 1075 2052 liberum
1099 2018 1302 2054 arbitrium
1326 2031 1348 2056 a
1375 2031 1449 2067 quo

164 2066 371 2101 efficienter
396 2066 682 2113 producuntur3
706 2069 742 2102 30
765 2068 804 2103 in
830 2068 963 2104 ordine
995 2069 1042 2104 ad
1063 2070 1224 2106 alteram
1246 2083 1449 2118 personam

165 2119 202 2153 in
223 2119 330 2164 cujus
349 2120 512 2165 gratiam
532 2119 591 2155 vel
618 2120 801 2167 injuriam
816 2125 991 2167 vergunt.
1017 2121 1070 2156 Ex
1090 2123 1216 2168 primo
1249 2125 1371 2170 capite
1392 2136 1451 2160 ae-

166 2175 225 2206 tus
251 2170 442 2206 humanos
469 2172 715 2219 consequitur
743 2173 840 2208 ratio
860 2173 1101 2209 rectitudinis
1128 2175 1184 2210 vel
1211 2177 1382 2222 peccati;
1405 2189 1450 2213 ex

164 2222 328 2259 secundo
345 2224 592 2269 consequitur
610 2225 650 2259 in
671 2224 815 2260 eisdem
835 2225 982 2261 actibus
1000 2226 1281 2273 imputabilitas
1309 2234 1346 2264 et
1363 2240 1452 2265 con-

163 2280 365 2322 sequenter
384 2276 481 2311 ratio
507 2276 711 2312 laudabilis
736 2278 792 2313 vel
816 2277 1037 2325 culpabilis;
1070 2289 1115 2314 ex
1146 2280 1257 2316 tertio
1287 2280 1450 2328 denique

164 2332 270 2364 actus
286 2327 447 2363 humani
468 2328 610 2364 habent
629 2329 818 2365 rationem
839 2330 964 2365 meriti
991 2331 1050 2366 vel
1077 2329 1268 2369 demeriti.
1293 2352 1339 2360 -
1367 2333 1448 2369 1-11.

164 2380 233 2422 Qu.
256 2380 351 2425 XXI,
369 2381 482 2417 Artic.
503 2381 566 2416 111.
588 2381 639 2417 De
666 2382 826 2430 singulis
849 2386 905 2418 est
925 2382 1143 2420 dicendum.
