1584 2569
376 96 456 122 ΑΜ.
480 96 520 121 ιι.
542 96 585 120 ns
604 96 746 120 NATURA
765 95 808 120 ET
825 95 976 120 susm-nx
999 95 1098 119 nem
1349 86 1415 119 275

133 168 314 205 societate
335 171 371 204 et
392 171 520 216 petere
549 172 586 204 et
611 171 810 215 acceptare
839 167 983 203 auxilia
1012 170 1152 213 potest,
1183 168 1264 200 turn
1286 171 1417 201 contra

133 222 295 269 injustos
310 225 513 257 extraneos
530 221 738 265 invasores,
754 223 837 256 tum
848 223 983 256 contra
1001 220 1171 255 internas
1193 219 1418 266 pei-duellio-

133 286 200 311 nes
220 284 306 321 quae
334 274 452 310 vitam
481 274 600 321 ipsius
620 273 827 318 societatis,
852 283 929 309 non
961 273 1088 308 minus
1110 283 1227 319 quam
1252 275 1419 308 externae

133 328 363 371 invasiones,
397 327 434 363 in
462 326 665 363 discrimen
699 325 894 362 adducunt
917 336 924 362 :
953 336 1039 373 quoe
1067 325 1211 361 auxilia
1239 329 1325 360 sunt
1352 336 1419 372 per

133 391 172 417 se
191 381 296 416 licita
315 383 351 416 et
384 379 560 425 honesta,
588 380 666 415 imo
687 383 724 415 et
750 378 981 426 quandoque
1011 378 1193 426 imposita
1218 389 1264 413 ex
1293 377 1418 413 officio

133 434 209 470 sive
235 433 403 480 perfecto
434 433 509 469 sive
545 432 767 479 imperfecto
798 432 870 478 (40,
901 432 947 477 Ι).
984 431 1169 474 Quocirca
1188 442 1274 467 *non
1308 431 1419 468 inter-

134 491 261 523 ventus
293 486 525 522 constitutus
553 490 595 521 ut
629 485 862 533 principium
889 484 988 532 juris
1024 484 1331 520 internationalis
1367 488 1420 519 est

136 540 335 575 intrinsece
360 538 588 575 inhonestus
607 542 645 574 et
665 536 912 575 antisocialis.
934 557 980 563 —
998 537 1114 583 Cujus
1141 537 1295 583 quidem
1318 537 1419 584 prin-

135 592 220 639 cipii
245 591 464 628 absurditas
493 592 546 627 ita
580 591 786 628 manifesta
811 594 882 636 est,
913 594 956 626 ut
982 589 1075 626 illud
1112 590 1321 626 adversarii
1349 590 1419 636 ipsi

135 645 287 681 nonnisi
312 644 369 691 §ad
406 644 536 680 fucum
570 643 789 681 faciendum
827 643 1174 691 proclamaverint3
1211 654 1346 690 nempe
1381 647 1421 677 ut

134 699 291 745 impune
315 702 469 745 possent
495 698 695 734 societates
715 701 752 732 et
773 696 1022 733 auctoritates
1047 696 1239 743 legitimas
1263 697 1419 731 subver-

133 754 226 796 tere,
262 753 401 797 negato
424 750 507 786 aliis
523 750 608 797 Jure
636 748 927 795 interveniendi,
950 749 1022 785 sibi
1047 753 1175 785 tamen
1200 749 1285 795 jure
1320 748 1420 784 latis-

137 805 236 840 simo
264 804 506 849 interventus,
540 803 692 851 quoties
726 807 762 838 et
789 802 984 849 quomodo
1014 801 1180 846 libuerit,
1215 805 1419 838 reservato.

137 857 228 893 ilinc
246 866 446 903 nunquam
464 856 541 892 fere
560 856 597 892 in
611 855 772 891 historia
784 855 947 902 legimus
962 857 1018 891 tot
1030 859 1235 902 tantosque
1251 860 1286 890 et
1302 854 1422 900 cujus-

137 921 209 958 que
230 910 380 957 generis
396 909 636 954 interventus,
661 909 756 944 sicut
775 909 917 944 nostris
931 908 1033 944 hisce
1052 908 1199 952 diebus,
1224 909 1261 943 in
1283 908 1421 955 quibus

135 962 367 1011 principium
395 962 441 998 de
468 962 776 998 non-interventu
809 962 1090 1008 proclamatum
1124 965 1206 1006 est;
1231 964 1280 1004 et,
1319 960 1421 1008 quod

136 1015 259 1063 magis
279 1018 346 1061 est,
366 1015 421 1051 illi
440 1014 681 1061 potissimum
701 1014 958 1050 interveniunt
978 1015 1043 1061 qui
1065 1024 1141 1050 non
1165 1014 1422 1051 intervenien-

137 1069 228 1105 dum
250 1078 332 1105 esse
352 1068 602 1115 proclamant.

517 1156 770 1193 ARTICULUS
803 1155 1038 1193 SECUNDUS

739 1228 811 1274 (60)

497 1298 552 1336 De
570 1302 714 1335 natura
733 1303 766 1335 et
776 1298 939 1345 J'ustitz'a
959 1298 1060 1335 belli.

184 1388 213 1426 1.
235 1387 331 1425 Belli
347 1387 468 1424 notio.
490 1387 633 1422 Bellum
657 1387 907 1423 materialiter
924 1393 1122 1433 sumptum
1144 1390 1200 1422 est
1222 1388 1422 1425 nationum

142 1442 343 1484 dissensio,
366 1452 410 1477 ex
432 1450 508 1487 qua
529 1450 639 1475 arma
666 1439 737 1476 sibi
758 1443 893 1476 mutuo
918 1440 1098 1476 inserunt.
1130 1440 1258 1476 Differt
1283 1441 1421 1477 bellum

142 1506 164 1532 a
174 1494 314 1542 praelio
335 1505 347 1529 :
368 1492 442 1530 hoc
463 1493 566 1528 enim
596 1497 653 1528 est
673 1497 855 1529 certamen
879 1503 945 1529 seu
968 1493 1135 1529 actualis
1155 1493 1320 1530 hostium
1340 1505 1422 1530 con·

139 1548 309 1595 qressio‚·
335 1545 478 1582 bellum
505 1549 634 1582 autem
655 1550 712 1582 est
732 1546 849 1581 etiarn
876 1545 955 1581 sine
976 1546 1199 1590 certamine,
1219 1550 1254 1581 et
1273 1549 1424 1593 tempus

139 1599 405 1647 complectitur
419 1609 532 1634 omne
550 1609 625 1646 quo
648 1598 836 1634 dissensio
855 1599 1057 1634 nationum
1075 1599 1269 1644 perdurat.
1292 1600 1338 1634 At
1354 1601 1423 1635 im-

139 1653 433 1701 praesentiarum
463 1652 651 1687 sumimus
673 1651 816 1687 bellum
837 1651 954 1687 etiam
986 1655 1101 1698 prout
1133 1656 1190 1687 est
1215 1655 1424 1687 certamen.

139 1726 184 1732 —
196 1705 421 1741 Formaliter
429 1699 559 1741 autem'
572 1707 783 1750 acceptum,
801 1704 943 1740 bellum
955 1703 1104 1740 definiri
1117 1707 1263 1751 potest:
1283 1705 1426 1740 Vz'olati

141 1758 292 1794 ordinis
309 1756 462 1803 publici
473 1757 637 1793 violenta
655 1757 858 1793 restitutio.
877 1757 1021 1792 Dicitur
1037 1757 1177 1794 violati
1186 1757 1337 1793 ordinis
1354 1769 1423 1803 pu-

143 1810 248 1855 blici,
270 1810 360 1857 quia
376 1809 473 1845 ratio
495 1809 581 1845 belli
594 1809 712 1845 exilla
725 1820 841 1845 causa
859 1809 1047 1845 exclusive
1067 1809 1303 1853 desumitur3
1321 1810 1427 1846 addi·

143 1869 205 1899 tur
234 1863 399 1899 violenta
433 1863 636 1906 restitutio,
665 1862 756 1908 quia
781 1861 922 1897 bellum
956 1866 1013 1897 est
1044 1862 1159 1897 veluti
1187 1862 1424 1910 propulsatio

143 1916 343 1960 violentiae,
365 1915 422 1951 vel
438 1914 619 1950 violentia
636 1914 735 1950 hosti
750 1915 868 1954 illata,
893 1918 934 1950 ut
952 1924 1018 1961 per
1050 1915 1128 1949 vim
1169 1915 1295 1960 faciat,
1323 1915 1425 1962 quod

143 1968 280 2016 exequi
318 1970 450 2014 sponte
487 1970 650 2003 recusat.
679 1966 750 2002 Sed
783 1966 863 2002 haec
884 1967 1015 2002 omnia
1039 1976 1085 2002 ex
1111 1966 1281 2003 dicendis
1303 1968 1426 2014 magis

143 2023 254 2057 erunt
264 2020 482 2056 manifesta.

189 2074 235 2111 11.
254 2074 433 2118 Quaestio.
462 2073 654 2114 Quaeritur
684 2074 813 2108 autem
840 2076 971 2107 utrum
1000 2071 1144 2107 bellum
1175 2072 1213 2107 in
1240 2083 1279 2108 se
1306 2073 1426 2120 possit

143 2138 224 2163 esse
256 2127 418 2162 licitum.
453 2126 588 2162 Procul
621 2125 737 2161 dubio
772 2125 915 2160 bellum
949 2127 1005 2160 est
1037 2125 1205 2161 terribile
1235 2125 1426 2172 flagellum

143 2179 296 2227 populis
325 2179 526 2223 inflictum,
555 2181 591 2214 et
617 2177 831 2214 curandum
861 2181 980 2213 estut
1014 2178 1044 2213 si
1074 2188 1161 2224 quae
1193 2179 1268 2213 sint
1301 2179 1426 2214 media

145 2233 303 2280 pacifica
323 2232 372 2269 ad
389 2232 473 2268 lites
493 2230 808 2267 inte1·nationales
829 2230 1078 2274 dirimendas,
1103 2242 1149 2267 ea
1173 2231 1428 2267 adhibeantur

146 2288 181 2322 et
204 2296 272 2331 per
290 2285 373 2333 ipsa
398 2285 528 2332 potius
555 2295 671 2332 quam
705 2295 771 2329 per
791 2284 987 2331 sanguinis
1009 2283 1170 2320 humani
1201 2284 1426 2320 effusionem

142 2348 236 2386 pax,
270 2347 356 2386 quae
385 2340 442 2374 est
474 2338 560 2374 finis
589 2337 691 2382 belli,
716 2337 949 2374 obtineatur.
977 2337 1023 2372 At
1053 2337 1082 2372 si
1115 2336 1274 2384 praefata
1301 2337 1427 2374 media
