1554 2569
154 136 213 175 ,18
233 145 358 170 mmm
383 146 454 171 Lm.
477 146 501 172 1.
524 146 604 172 CAP.
633 147 672 171 11.
700 146 743 171 DE
768 145 910 171 NATURA
937 145 1058 170 mmm
1077 145 1170 170 Fmis·
1189 143 1345 171 ntutANAE
1369 145 1453 171 VITA

63 240 65 242 -
128 203 147 262 ··j¹
169 222 338 259 cundum
356 223 449 259 illud
467 224 527 259 Ps.
548 224 609 259 XC
627 224 835 270 :Eripiam
854 234 936 259 eum
952 228 986 259 et
1003 222 1231 270 qlorificabo
1247 233 1343 268 eum,
1377 223 1454 259 lon-

124 304 135 313 „
168 276 343 321 qitudine
356 275 503 312 dierum
518 275 665 323 replebo
676 287 757 313 eum
770 281 802 312 et
819 275 1012 313 ostendam
1023 277 1039 311 i
1042 275 1089 312 lea·
1103 275 1274 312 salutare
1290 285 1422 312 meum.
1439 289 1454 308 n

6 324 17 346 ’-
116 343 130 375 „5
169 329 248 372 I-II‚
270 329 337 370 Qu.
360 329 404 371 11,
421 329 500 365 Art.
522 330 571 364 111
590 341 599 374 ;
619 334 656 365 et
674 330 724 365 III
745 329 888 366 Contra
903 328 1006 366 Gent.
1030 330 1120 376 Cap.
1137 328 1260 365 XXIX.

132 415 137 417 Δ
217 381 277 417 IV.
293 382 497 419 Beatitudo
508 383 675 420 hominis
688 391 765 419 non
776 382 958 420 consistit
969 382 1011 418 in
1029 385 1239 428 potestate.
1256 382 1456 417 Beatitudo

170 434 275 469 enim
302 434 468 471 excludit
488 445 601 472 omne
619 435 766 471 malum
784 445 872 471 cum
894 435 941 471 sit
961 434 1239 481 perfectissima
1262 434 1371 481 quies
1393 444 1456 470 vo-

76 506 78 508 ·
170 486 333 522 luntatis
351 487 389 523 in
404 487 506 525 bono
524 498 714 535 possesso,
737 491 774 524 et
792 488 949 534 insuper
965 497 1053 523 cum
1074 487 1123 523 sit
1143 486 1316 523 maxima
1337 486 1456 523 homi·

65 540 82 579 '2
110 535 138 559 ³⁵·
171 539 231 575 nis
257 538 450 585 perfectio,
470 551 516 577 ea
537 540 655 577 homo
673 540 781 577 abuti
801 550 879 577 non
899 543 1024 587 potest
1046 540 1094 576 ad
1115 539 1277 577 malum.
1299 540 1347 575 At
1367 549 1457 575 con-

125 621 127 625 .
172 592 291 627 traria
324 603 480 639 prorsus
509 594 754 630 verificantur
787 594 827 628 in
853 592 1026 629 humana
1052 595 1264 640 potestate3
1290 594 1332 627 ut
1359 592 1458 627 enim

126 644 144 685 ὲ
174 645 326 681 Boetius
341 645 406 681 lib.
426 647 475 682 111
490 646 546 683 De
559 646 830 688 consolacione,
852 646 968 682 Prosa
989 645 1016 681 V
1043 646 1122 682 ait:
1153 658 1168 678 ι
1191 645 1366 681 Potestas
1392 644 1457 680 hu-

173 707 290 734 mana
310 697 614 735 sollicitudinum
634 709 786 735 morsus
803 697 1006 746 expellere,
1029 697 1280 734 formidinum
1308 697 1458 733 aculeos

138 777 143 782 .
173 749 290 786 vitare
310 751 488 797 nequit...
508 752 710 788 Potentem
724 761 857 788 cences
872 751 932 786 cui
944 750 1128 786 satellites
1138 750 1240 786 latus
1255 749 1458 786 ambiunt?

77 815 105 822 ‘v
133 803 136 806 '
174 803 239 848 qui
260 813 357 850 quos
376 806 492 840 terret
512 804 592 852 ipse
611 804 697 851 plus
717 804 886 840 metuit?
905 817 923 836 »
945 823 990 830 -
1010 803 1213 847 Praeterea,
1235 816 1252 835 ι
1275 803 1374 838 sicut
1394 813 1459 849 op-

174 855 313 890 timum
339 859 398 891 est
422 856 527 903 quod
548 856 684 904 aliquis
713 860 845 892 utatur
871 856 966 892 bene
989 858 1181 903 potestate
1208 855 1246 891 in
1271 856 1459 902 regimine

116 925 123 931 «
173 907 386 944 multorum
405 920 414 954 ;
434 910 488 945 ita
508 910 718 957 pessimum
737 913 806 954 est,
826 909 858 947 si
876 908 975 945 male
996 911 1139 945 utatur.
1161 909 1205 944 Et
1222 908 1276 944 ita
1291 912 1460 954 potestas

17 1001 37 1003 Η
84 958 89 959 ’
124 964 136 1005 ᾗ
174 971 212 996 se
232 960 347 997 hahet
367 962 416 998 ad
437 962 582 999 bonum
603 967 640 998 et
655 962 704 998 ad
725 961 885 998 malum.
904 976 920 994 ›
936 981 981 988 —
999 962 1075 997 1·11.
1099 961 1169 1003 Qu.
1190 962 1236 998 ΙΙ.
1260 962 1378 996 Artic.
1398 962 1459 997 lv.

69 1059 76 1063 μ
135 1051 137 1053 ,
173 1014 286 1060 Corp.
306 1018 343 1049 et
365 1014 413 1050 ad
431 1016 464 1050 2.

135 1112 139 1117 '
220 1066 262 1101 V.
281 1066 465 1112 Suprema
478 1068 645 1105 hominis
657 1067 859 1105 beatitudo
876 1077 953 1104 non
968 1067 1150 1104 consistit
1162 1067 1203 1102 in
1218 1067 1348 1112 aliquo
1362 1067 1461 1103 bono

175 1119 326 1164 animae,
349 1129 430 1165 seu,
447 1124 502 1166 ut,
526 1131 563 1156 n.
587 1122 600 1155 Ι
621 1120 908 1168 explicavimus,
925 1119 1125 1157 beatitudo
1140 1129 1217 1155 non
1233 1122 1289 1155 est
1308 1120 1391 1166 ipsa
1408 1130 1461 1155 es·

176 1171 299 1207 sentia
320 1173 473 1217 animae,
493 1183 617 1221 neque
635 1173 782 1221 aliquid
799 1173 953 1209 animae.

218 1223 308 1260 Non
330 1226 418 1271 ipsa
439 1227 601 1263 essentia
623 1228 764 1263 animae
778 1239 793 1269 ;
809 1236 901 1262 nam
921 1226 1053 1262 anima
1071 1229 1129 1262 est
1148 1224 1262 1261 veluti
1286 1226 1461 1273 potentia

175 1276 355 1322 quaedam
373 1278 552 1315 ordinata
571 1278 621 1315 ad
641 1283 795 1316 actum:
818 1278 859 1315 fit
879 1278 982 1315 enim
1003 1278 1050 1314 de
1070 1277 1211 1314 sciente
1231 1278 1270 1313 in
1290 1279 1461 1325 potentia

173 1329 293 1366 sciens
320 1330 359 1366 in
384 1334 485 1377 actu,
513 1336 550 1367 et
577 1331 623 1368 de
650 1332 821 1368 virtuosa
845 1332 885 1368 in
906 1331 1079 1377 potentia
1105 1331 1149 1366 fit
1167 1331 1339 1367 virtuosa
1359 1333 1459 1366 actu.

174 1381 415 1428 Impossibile
433 1387 565 1420 autem
584 1388 641 1420 est
660 1385 764 1430 quod
785 1384 823 1421 id
840 1384 944 1431 quod
970 1382 1181 1420 secundum
1202 1394 1243 1420 se
1262 1386 1316 1420 est
1337 1384 1376 1420 in
1394 1394 1462 1429 po-

175 1435 295 1470 tentia
325 1438 361 1471 et
389 1435 475 1472 ideo
506 1441 563 1472 est
589 1436 811 1474 ordinatum
832 1436 882 1473 ad
902 1436 1021 1480 aliud,
1046 1436 1169 1482 possit
1184 1436 1327 1472 habere
1348 1437 1461 1472 ratio-

174 1497 264 1575 ¹nem
291 1487 417 1524 ultimi
442 1489 543 1534 finis,
568 1493 611 1525 ut
637 1500 683 1525 ex
708 1488 825 1536 hujus
854 1489 1076 1526 definitione
1098 1488 1148 1535 (4,
1177 1489 1222 1534 ΙΙ)
1251 1491 1306 1524 est
1335 1489 1457 1524 mani-

189 1543 325 1576 estum.

222 1593 299 1630 Sed
325 1605 442 1641 neque
465 1595 621 1642 aliquid
647 1595 799 1632 animoe.
822 1595 1015 1643 Quidquid
1042 1595 1145 1631 enim
1179 1595 1394 1641 concipitur
1421 1595 1459 1630 in

176 1647 308 1683 anima
338 1647 386 1684 ad
412 1647 537 1695 ipsam
570 1648 779 1696 pertinens,
808 1652 846 1684 et
877 1648 950 1695 ipsi
983 1646 1174 1684 inhaerens
1214 1650 1256 1683 ut
1289 1646 1459 1693 subjecto

175 1701 380 1747 ipsamque
405 1701 619 1748 perficiens,
642 1711 796 1738 necesse
820 1703 877 1737 est
894 1705 937 1737 ut
958 1701 1006 1737 sit
1026 1701 1173 1737 bonum
1191 1700 1264 1748 ipsi
1285 1700 1458 1747 subiecto

175 1763 243 1789 seu
263 1752 404 1790 animae
421 1757 775 1790 commensuratum
794 1763 804 1799 ;
820 1756 856 1790 et
873 1752 1014 1791 idcirco
1035 1753 1182 1789 bonum
1209 1752 1457 1801 particulare.

176 1805 325 1842 Bonum
343 1810 474 1842 autem
495 1806 597 1853 quod
616 1809 673 1843 est
692 1806 853 1843 ultimus
873 1805 959 1843 finis
981 1805 1092 1842 debet
1106 1806 1295 1853 complete
1310 1805 1461 1853 explere

175 1858 347 1895 hominis
374 1858 620 1903 desiderium,
651 1862 735 1895 tum
756 1870 802 1896 ex
821 1862 929 1906 parte
950 1858 1167 1895 intellectus
1189 1862 1272 1895 tum
1290 1868 1335 1894 ex
1352 1861 1462 1906 parte

176 1911 398 1948 voluntatis.
419 1912 594 1960 Cognitio
613 1916 744 1949 autem
761 1916 894 1948 nostra
912 1911 1069 1958 attingit
1085 1910 1299 1948 universale
1313 1921 1460 1956 verum,

176 1967 213 2000 et
238 1968 517 2011 consequenter
544 1963 754 2001 voluntatis
776 1964 1010 2001 desiderium
1037 1964 1159 2001 fertur
1181 1964 1221 2001 in
1247 1963 1461 2000 universale

175 2017 337 2053 bonum.
356 2018 439 2053 Non
457 2017 573 2065 igitur
593 2018 632 2054 in
652 2017 781 2065 aliquo
800 2017 901 2054 bono
917 2018 1058 2053 animae
1079 2017 1146 2053 sed
1164 2019 1273 2053 extra
1286 2016 1461 2053 animam

176 2070 430 2117 quaerendum
446 2074 504 2107 est
524 2070 717 2118 objectum
735 2070 840 2118 quod
860 2073 916 2107 est
933 2070 1094 2107 ultimus
1113 2070 1200 2106 finis
1217 2070 1400 2106 hominis.
1415 2089 1461 2096 —

175 2123 250 2164 1·11,
274 2122 343 2165 Qu.
363 2123 408 2168 ΙΙ,
429 2123 545 2160 Artic.
562 2123 638 2160 VII.

222 2176 283 2212 VI.
305 2176 418 2212 Nou.
443 2176 616 2213 Solvitur
637 2176 861 2214 difficultas.
884 2176 991 2214 Dices
1012 2188 1022 2216 t
1042 2175 1227 2213 Perfectio
1239 2180 1297 2212 est
1314 2175 1461 2222 aliquid

176 2228 257 2275 ejus
272 2228 377 2276 quod
392 2229 610 2275 perficitur3
630 2229 698 2266 sed
718 2229 917 2266 beatitudo
929 2232 985 2266 est
996 2229 1177 2276 quaedam
1197 2228 1377 2275 perfectio
1393 2228 1461 2264 ho-

176 2280 306 2317 minis.
334 2281 433 2329 Ergo
461 2281 659 2319 beatitudo
683 2286 740 2318 est
760 2281 906 2329 aliquid
926 2281 1107 2318 hominis.
1131 2281 1204 2318 Sed
1225 2291 1302 2317 non
1319 2284 1377 2317 est
1394 2280 1460 2316 ali-

178 2333 268 2380 quid
295 2333 479 2381 corporis,
507 2337 549 2371 ut
577 2339 775 2372 ostensum
802 2337 858 2371 est
878 2336 927 2381 (4,
948 2334 1039 2381 VII).
1061 2335 1160 2382 Ergo
1182 2333 1383 2371 beatitudo
1404 2338 1460 2369 est

180 2386 325 2437 aliquid
352 2386 514 2435 animae5
537 2391 575 2424 et
594 2387 649 2425 ita
662 2388 836 2424 consistit
855 2387 895 2424 in
908 2387 1021 2424 bonis
1041 2388 1197 2424 animae.
1219 2406 1265 2413 —
1278 2386 1372 2424 Huic
1391 2386 1459 2422 dif-
