1584 2569
165 79 232 114 310
250 88 310 115 scs
328 89 489 113 mrcnffi.
512 88 581 113 mn.
604 89 643 114 11.
663 89 739 114 cn.
760 89 795 116 v.
817 89 861 114 nt
885 89 1015 115 nuruis
1039 89 1228 116 autumn.
1250 91 1354 117 mrsu
1371 92 1447 117 Ero.

165 161 244 197 sine
263 160 421 196 crimine
441 163 578 207 potest.
601 160 751 203 Quanto
782 171 872 207 ergo
897 161 1021 209 magis
1046 166 1156 209 turpe
1183 165 1240 198 est
1259 166 1296 199 et
1319 163 1449 200 absur-

166 213 257 249 dum
275 212 378 261 quod
399 213 607 250 auctoritas
630 213 751 249 civilis
775 212 924 260 legibus
951 215 1030 250 suis
1055 215 1266 261 proclamet
1285 216 1450 263 turpitu-

165 266 295 303 ‹linem
318 265 438 311 illam,
462 276 546 312 quae
571 275 639 313 per
665 265 947 302 intolerabilem
975 267 1252 303 vocabulorum
1285 268 1449 304 abusum

164 319 304 355 dicitur
324 318 484 354 docendi
504 317 692 354 libertas?

207 370 383 408 Libertas
391 370 551 408 docendi
560 375 594 406 et
607 369 847 418 approbatur
860 376 894 408 et
904 371 1072 419 punitur
1085 372 1202 408 simul
1210 372 1355 409 acivili
1364 383 1449 409 auc—

165 425 329 461 toritate.
351 424 501 461 Etenim
531 424 714 460 statuitur
732 434 778 460 ex
798 434 876 460 una
901 427 1008 470 parte
1032 424 1191 461 libertas
1212 424 1386 470 docendi,
1413 430 1451 461 et

163 489 209 513 cx
242 477 360 513 altera
390 477 602 524 puniuntur
633 476 698 524 qui
723 476 851 523 praelis
877 477 1045 513 abuntur
1067 477 1113 513 ad
1144 477 1337 525 vulganda
1362 487 1450 525 quae

164 534 252 566 sunt
279 533 345 565 aut
359 529 582 576 judicantur
605 529 676 576 ipsi
704 529 922 565 auctoritati
947 530 1152 566 contraria.
1177 530 1293 577 Atqui
1320 534 1385 566 aut
1403 531 1446 566 li-

164 583 289 618 bertas
307 581 468 618 docendi
487 582 626 629 scripto
644 585 681 617 et
695 591 785 617 voce
806 582 913 618 estin
934 584 1014 618 tota
1034 593 1103 618 sua
1122 583 1346 619 extensione
1365 593 1450 629 pro·

163 635 378 680 clamanda,
401 637 467 670 aut
488 639 622 670 contra
642 634 743 671 intra
758 634 901 671 limites
921 637 977 671 est
993 636 1204 672 coercenda
1222 646 1269 672 ne
1295 635 1344 671 ad
1365 646 1451 671 ma-

163 688 242 724 ium
263 690 453 723 excurrat.
477 688 514 723 Si
533 688 571 723 in
591 691 673 723 tota
688 697 759 723 sua
778 686 999 724 extensione
1013 692 1069 724 est
1085 687 1338 731 admittenda,
1360 698 1451 734 ergo

161 751 229 775 cur
249 740 460 786 puniuntur
477 740 569 785 quia
589 749 635 775 ea
654 742 816 776 utuntur
835 743 871 775 et
901 740 1143 776 abutuntur?
1163 740 1200 776 Si
1218 741 1319 776 intra
1337 751 1450 787 quo:-

162 793 253 828 dam
274 792 416 828 limites
445 796 503 827 est
529 792 742 828 coercenda
773 802 819 828 ne
854 792 893 828 in
918 792 1114 829 licentiam
1141 793 1303 837 evadat3
1327 803 1417 839 ergo
1440 803 1448 828 ε

165 848 202 880 10
229 844 406 892 impediri
437 848 561 890 potest
580 846 786 892 quominus
811 845 958 881 malum
980 849 1172 893 perpetret
1194 846 1248 891 (la
1266 845 1452 881 revisione

161 897 405 943 preventiva),
422 897 519 932 sicut
530 897 686 944 punitur
703 901 910 944 postquam
928 897 1074 934 malum
1093 901 1147 934 est
1169 900 1447 945 perpetratum,

162 952 238 986 imo
262 949 475 986 consultius
494 953 592 986 esset
613 960 697 986 eam
721 949 920 996 impedire,
949 951 1039 997 quia
1069 951 1278 998 saepissime
1304 950 1449 986 malum

162 1008 218 1039 est
239 1002 510 1050 irreparabile;
544 1005 583 1038 2⁰
617 1003 763 1038 limites
783 1002 837 1038 illi
857 1003 1010 1039 nonnisi
1031 1013 1053 1039 a
1069 1004 1227 1039 veritate
1248 1007 1285 1039 et
1306 1002 1448 1039 hones-

162 1060 238 1092 tate
256 1059 346 1091 sunt
370 1054 603 1098 definiendi;
627 1055 729 1091 unde
753 1055 850 1091 sicut
874 1055 921 1091 ab
941 1056 1171 1092 auctoritate
1192 1055 1291 1091 civili
1322 1065 1452 1102 repro·

162 1110 276 1145 batur
313 1111 350 1143 et
381 1107 475 1144 dure
504 1107 663 1155 punitur
689 1107 846 1143 libertas
876 1107 1037 1143 docendi
1071 1107 1225 1154 quando
1258 1108 1378 1154 vergit
1411 1108 1450 1143 in

163 1158 334 1208 ejusdem
352 1161 593 1196 auctoritatis
627 1160 915 1202 detrimentum,
938 1160 992 1196 ita
1020 1171 1042 1196 a
1062 1160 1210 1196 fortiori
1236 1164 1293 1197 est
1321 1171 1451 1207 repro-

164 1213 292 1249 banda
312 1215 348 1248 et
376 1212 571 1260 punienda
597 1212 746 1258 quoties
777 1212 912 1248 eadem
940 1212 1098 1249 libertas
1125 1213 1291 1249 excurrit
1315 1217 1451 1248 contra

167 1266 297 1307 Deum,
319 1269 454 1300 contra
479 1265 719 1312 religionem,
746 1268 882 1301 contra
910 1275 1049 1309 mores,
1079 1268 1213 1301 contra
1232 1265 1370 1301 civium
1391 1275 1449 1300 ve·

163 1328 247 1354 ram
278 1318 525 1354 libertatem:
558 1328 636 1354 non
668 1318 770 1353 enim
800 1318 1008 1354 auctoritas
1037 1318 1155 1354 civilis
1188 1318 1363 1365 superior
1394 1321 1452 1352 est

165 1372 254 1415 Deo,
275 1370 473 1417 religione,
495 1370 668 1406 moribus
686 1374 723 1406 et
736 1370 908 1415 veritate,
925 1381 1048 1418 neque
1070 1371 1222 1418 gravius
1243 1375 1300 1406 est
1319 1370 1449 1406 civita-

170 1429 252 1459 tum
271 1424 328 1459 vel
349 1433 557 1470 regnorum
575 1424 752 1460 Rectores
770 1423 1002 1470 vituperare,
1026 1434 1145 1471 quam
1163 1424 1283 1459 Deum
1304 1427 1342 1459 et
1361 1423 1452 1458 reli-

170 1476 322 1523 gionem
345 1479 381 1512 et
408 1476 624 1520 veritatem,
649 1475 729 1511 sine
755 1476 896 1522 quibus
925 1475 1031 1512 nulla
1050 1477 1260 1513 auctoritas
1286 1476 1452 1523 imperat

169 1528 273 1565 nulla
291 1529 454 1564 societas
473 1527 660 1563 consistit.

213 1581 273 1617 VI.
284 1582 398 1617 Non.
411 1581 622 1617 Solvuntur
629 1580 892 1617 difficultates.
903 1579 956 1617 Ob
953 1579 978 1627 j
979 1579 1073 1616 ectio
1076 1581 1221 1626 prima.
1231 1581 1295 1615 Est
1303 1579 1453 1616 homini

169 1635 343 1670 innatum
366 1632 600 1669 desiderium
620 1632 931 1669 communicandi
955 1632 1038 1668 aliis
1058 1632 1280 1668 hominibus
1300 1633 1452 1668 inventa

169 1686 312 1735 proprii
338 1686 493 1733 ingenii.
528 1686 643 1731 Atqui
669 1684 758 1721 huic
789 1685 954 1721 naturali
987 1684 1182 1721 desiderio
1209 1695 1285 1721 non
1315 1686 1455 1721 satisfit

170 1740 242 1776 nisi
264 1750 331 1787 per
353 1739 571 1774 libertatem
601 1738 775 1776 docendi.
805 1738 924 1785 Igitur
943 1737 1100 1774 libertas
1131 1737 1291 1774 docendi
1311 1748 1454 1774 corres-

170 1793 311 1841 pondet
329 1791 517 1828 desiderio
538 1791 706 1827 hominis
732 1790 912 1827 naturali.

215 1846 324 1892 Resp.
343 1845 545 1891 Distinguo
565 1843 773 1890 majorem:
787 1847 844 1879 est
858 1843 1005 1879 homini
1023 1843 1199 1880 innatum
1221 1843 1453 1880 desiderium

169 1897 477 1935 communicandi
505 1897 657 1932 inventa
684 1896 829 1944 proprii
857 1896 1000 1943 ingenii
1026 1896 1128 1932 intra
1154 1895 1296 1932 limites
1316 1896 1452 1932 verita-

171 1951 232 1996 tis,
250 1949 554 1994 concedo;ext1·a
569 1949 711 1984 limites
731 1948 914 1993 veritatis,
927 1959 1032 1993 neyo.
1052 1968 1097 1975 —
1117 1948 1314 1995 Distinguo
1335 1949 1453 1984 etiam

170 2003 376 2039 minorem:
397 2002 485 2039 huic
501 2001 667 2038 naturali
689 2000 878 2037 desiderio
899 2012 975 2037 non
1001 2001 1140 2037 satisfit
1157 2001 1230 2037 nisi
1256 2011 1323 2049 per
1341 2001 1452 2037 liber-

171 2058 290 2091 tatem
311 2054 472 2091 docendi
493 2054 610 2101 probe
634 2053 881 2098 intellectam,
903 2053 975 2089 hoc
994 2057 1051 2089 est
1068 2064 1134 2100 per
1154 2064 1283 2089 veram
1300 2053 1453 2090 liberta·

170 2110 247 2143 tem
265 2117 350 2155 quoe
370 2117 446 2143 non
466 2111 522 2142 est
538 2110 674 2143 contra
693 2106 904 2151 veritatem,
920 2106 1106 2151 concedo;
1124 2116 1200 2142 non
1221 2106 1361 2142 satisfit
1378 2106 1453 2142 nisi

171 2171 239 2208 per
253 2159 471 2196 libertatem
495 2169 608 2206 prave
624 2158 871 2204 intellectam,
893 2158 967 2194 hoc
985 2162 1043 2194 est
1065 2168 1133 2205 per
1151 2158 1345 2195 licentiam
1365 2169 1452 2205 quae

172 2217 228 2248 est
248 2214 380 2249 contra
395 2212 610 2257 veritatem,
631 2222 736 2259 neqo.
755 2230 802 2238 —
817 2212 962 2248 Natura
981 2222 1059 2248 non
1079 2211 1144 2247 dat
1163 2211 1451 2247 inclinationem

174 2265 223 2300 ad
240 2275 422 2309 errorem,
450 2266 547 2301 sicut
573 2275 649 2301 non
679 2265 746 2301 dat
763 2265 1050 2302 inclinationem
1071 2264 1119 2300 ad
1148 2264 1318 2309 malum3
1352 2263 1452 2300 unde

175 2320 270 2354 sicut
290 2318 486 2354 inclinatio
506 2317 552 2355 ad
581 2319 741 2363 malum,
767 2329 852 2365 quae
879 2322 936 2354 est
957 2328 1003 2354 ex
1021 2319 1264 2364 corruptione
1289 2321 1451 2362 naturae‚
