1554 2569
179 99 258 123 An.
277 99 327 123 VI.
343 98 386 123 DE
400 100 588 124 PRINCIPIIS
604 99 841 125 uonALl‘rAns
856 98 1083 124 ROMANARUM
1098 97 1292 122 Annorum.
1345 87 1387 118 65

100 179 184 214 quae
196 173 250 205 est
267 179 313 205 ex
329 170 416 217 sine,
440 174 493 206 est
511 171 634 217 mayis
650 170 859 217 generalis‚·
880 174 913 205 et
932 169 1153 215 differentia
1173 177 1256 213 quae
1275 170 1327 201 est
1346 176 1390 201 ex

100 221 244 268 objecto
255 233 328 269 per
342 234 380 258 se
400 223 452 258 ad
471 223 583 259 talem
604 224 714 270 finem
740 223 933 267 ordinato,
954 226 1007 258 est
1025 221 1203 268 specifica
1223 224 1390 265 respectu

99 274 196 320 ejus.
215 275 398 311 Voluntas
417 275 521 311 enim
544 277 653 323 quus
682 276 881 323 proprium
909 275 1102 321 obJectum
1126 276 1183 308 est
1205 272 1306 315 finiS,
1334 275 1390 306 est

102 327 313 363 universale
343 329 530 364 motivum
561 333 735 376 respectu
764 328 938 364 omnium
961 327 1221 374 potentiarum
1251 324 1390 360 animae

101 390 265 425 quarum
277 381 433 428 propria
444 381 594 427 objecta
608 385 696 417 sunt
710 381 860 427 objecta
876 379 1165 428 particularium
1186 381 1356 414 actuum.
1372 390 1387 408 r»

101 452 145 457 —
175 432 256 477 I-II,
289 433 359 474 Qu.
395 433 528 478 XVIII,
554 434 669 470 Artic.
698 434 776 469 VII.
809 453 854 458 —
884 433 1002 480 Ergo,
1033 435 1075 466 ut
1104 430 1151 466 ad
1184 429 1390 476 quaesitum

100 484 243 520 directe
271 485 561 532 respondeatur,
596 486 740 533 species
762 486 959 530 bonitatis,
984 495 1070 531 quae
1094 487 1150 519 est
1168 493 1213 518 ex
1240 482 1388 528 objecto

101 548 169 584 per
185 548 223 573 se
244 537 292 574 ad
313 538 429 574 talem
446 539 563 574 finem
594 538 785 583 ordinato,
807 539 1025 574 continetur
1045 537 1114 572 sub
1139 535 1263 582 specie
1286 533 1391 569 boni-

102 590 204 634 tatis,
235 600 321 637 quae
351 595 406 626 est
433 601 479 627 ex
508 592 597 636 fine,
630 592 727 627 sicut
760 592 887 627 minus
916 589 1127 626 universale
1162 588 1232 623 sub
1267 586 1391 633 magis

101 642 317 679 universali.

147 695 190 731 X.
223 695 340 731 NOTA.
375 696 421 732 11.
450 697 622 734 Solvitur
651 698 874 734 difficultas.
905 697 1011 733 Dices
1043 707 1052 732 :
1088 707 1133 731 ex
1159 693 1390 742 praecedenti

102 746 139 781 S.
161 746 319 783 Thomae
331 747 506 785 doctrina
522 750 627 795 sequi
644 750 794 785 videtur
804 749 906 796 quod
922 754 1004 784 tota
1018 748 1216 784 moralitas
1228 746 1390 782 actionis

101 799 282 835 humanae
294 810 339 835 ex
352 801 426 847 sine
437 802 632 847 operantis
648 806 909 846 mensuretur3
923 801 1024 837 unde
1039 801 1201 836 insertur
1214 798 1391 846 pestilen-

101 852 272 887 tissimus
287 852 350 887 ille
368 864 488 898 error,
510 854 613 901 quod
629 854 722 901 sinis
730 854 926 901 justificat
944 854 1082 890 media.
1104 873 1148 879 —
1165 850 1389 899 Respondeo

102 904 277 951 negando
297 905 511 942 illationem
529 917 537 942 ε
560 917 650 942 nam
666 918 711 942 ex
733 907 908 943 doctrina
918 906 1061 942 tradita
1080 905 1253 952 sequitur
1273 914 1389 950 oppo-

99 957 219 992 situm
251 958 410 994 omnino
434 958 536 994 illius
561 958 665 1005 quod
694 960 733 994 in
766 959 980 1006 obJectione
1010 959 1183 994 infertur.
1207 956 1263 992 Ad
1283 957 1392 1002 quus

101 1009 333 1046 evidentiam
359 1011 562 1048 recolenda
586 1016 676 1047 sunt
704 1022 791 1058 quaa
816 1012 992 1058 superius
1021 1010 1215 1046 enucleavi
1245 1008 1290 1044 de
1317 1010 1393 1043 fine

101 1063 226 1109 operis
246 1067 283 1099 et
303 1063 350 1099 de
369 1064 446 1100 fine
469 1065 676 1111 operantis.
702 1065 858 1106 Quoties
884 1068 991 1100 actus
1016 1064 1209 1099 humanus
1236 1062 1392 1109 ponitur

101 1114 287 1162 distingui
308 1115 420 1151 debet
440 1120 478 1152 et
494 1116 680 1163 objectum
697 1116 744 1152 ad
762 1116 865 1162 quod
891 1121 998 1152 actus
1016 1117 1096 1163 ipse
1116 1114 1330 1158 ordinatur,
1350 1118 1393 1148 ut

104 1168 143 1202 in
160 1167 402 1215 eleemosyna
420 1168 580 1215 largitio
598 1169 743 1216 ipsius3
765 1174 803 1204 et
823 1168 1010 1215 objectum
1033 1169 1152 1215 ipsius
1173 1171 1279 1203 actus
1297 1168 1393 1201 inte-

103 1219 215 1255 rioris
234 1219 443 1256 voluntatis
458 1221 524 1267 qui
536 1225 592 1256 est
602 1222 694 1268 finis
714 1222 897 1266 intentus,
916 1225 958 1256 ut
973 1222 1011 1256 in
1031 1221 1274 1266 eleemosyna
1287 1229 1395 1254 amor

100 1272 286 1318 proximi,
300 1283 402 1309 vana
413 1273 541 1320 gloria
555 1278 592 1309 et
607 1274 760 1309 similia.
776 1275 893 1310 Porro
903 1274 1098 1320 ohJectum
1109 1283 1174 1308 seu
1189 1272 1276 1307 finis
1287 1276 1394 1307 actus

103 1324 170 1369 qui
190 1328 247 1360 est
263 1325 442 1371 Intentio,
469 1330 525 1361 est
543 1326 772 1362 intrinsecus
791 1326 863 1373 ipsi
885 1326 1103 1369 intentioni,
1124 1329 1166 1360 ut
1186 1335 1254 1371 per
1273 1334 1311 1359 se
1328 1334 1394 1370 pa-

106 1381 173 1421 tet,
194 1376 260 1413 sed
277 1382 334 1414 est
350 1378 509 1414 omnino
525 1378 759 1414 extrinsecus
774 1383 810 1414 et
828 1378 1073 1414 accidentalis
1086 1377 1188 1413 actui
1205 1377 1393 1423 imperato

105 1440 129 1464 a
147 1429 357 1476 voluntate,
378 1441 515 1479 nempe
531 1431 728 1478 largitioni
745 1431 1009 1478 eleemosynae,
1033 1430 1093 1466 cui
1114 1429 1308 1476 objectum
1329 1439 1392 1464 seu

110 1482 198 1517 finis
227 1483 456 1519 intrinsecus
475 1488 512 1520 et
538 1484 749 1520 essentialis
772 1488 828 1519 est
851 1484 934 1531 ipsa
960 1483 1201 1529 eleemosyna
1220 1482 1392 1528 elargita.

107 1534 350 1581 Specificatio
361 1540 491 1572 autem
508 1537 562 1573 rei
580 1536 744 1573 habetur
753 1547 820 1584 per
831 1537 1038 1572 intrinseca
1052 1536 1119 1580 rei,
1135 1546 1212 1571 non
1225 1545 1312 1571 vero
1329 1545 1395 1580 per

105 1588 320 1624 extrinseca
341 1599 427 1636 quae
456 1600 537 1626 rem
565 1590 767 1626 intrinsece
794 1589 1045 1626 constitutam
1075 1589 1259 1624 intactam
1285 1588 1394 1622 reliu-

107 1644 244 1686 quunt,
262 1644 298 1677 et
318 1641 377 1677 vel
391 1642 593 1688 perficiunt
612 1641 670 1678 vel
689 1641 896 1689 deturpant
916 1640 1161 1677 solummodo
1182 1639 1394 1677 accidenta-

107 1692 207 1738 liter,
219 1693 316 1729 sicut
331 1704 416 1729 eam
429 1693 717 1730 accidentaliter
729 1693 914 1730 afficiunt.
931 1694 1028 1741 Ergo
1041 1693 1273 1741 specificatio
1289 1697 1394 1728 aetus

109 1745 270 1781 humani
288 1747 365 1782 sive
394 1747 573 1794 imperati
596 1746 671 1783 sive
692 1746 807 1783 eliciti
824 1746 988 1782 habetur
1008 1757 1053 1781 ex
1073 1747 1149 1781 fine
1173 1745 1310 1792 operis,
1330 1756 1394 1780 seu

107 1808 156 1833 ex
187 1799 263 1834 fine
288 1798 392 1844 quod
417 1803 474 1835 est
504 1799 698 1845 objectum
725 1799 976 1835 intrinsecum
1002 1797 1290 1844 quodammodo
1323 1797 1393 1844 ipsi

109 1850 234 1895 actui;
265 1861 403 1898 nempe
429 1852 590 1886 intentio
619 1851 826 1887 voluntatis
851 1851 1093 1898 specificatur
1114 1861 1136 1885 a
1156 1851 1231 1885 fine
1255 1849 1395 1885 intento

109 1904 175 1948 qui
204 1907 261 1939 est
291 1904 373 1950 ejus
394 1903 587 1950 objectum
617 1903 777 1938 formale
797 1908 834 1938 et
863 1903 1183 1949 specificativum3
1217 1902 1281 1938 alii
1306 1912 1395 1937 vero

110 1959 217 1991 actus
237 1956 507 2002 specificantur
528 1967 550 1992 a
569 1957 647 1991 suis
671 1956 888 2003 respectivis
915 1955 1073 2002 objectis
1093 1965 1159 1990 seu
1182 1955 1323 1990 finibus
1348 1955 1394 1991 ad

111 2019 206 2054 quos
226 2012 364 2044 natura
386 2019 455 2044 sua
474 2008 714 2044 ordinantur.
749 2008 850 2043 Finis
876 2011 1005 2043 autem
1031 2007 1097 2054 qui
1123 2011 1179 2043 est
1202 2007 1393 2054 objectum

111 2061 359 2097 intrinsecum
379 2061 584 2097 intentioni
604 2065 660 2096 est
682 2071 750 2107 per
768 2071 807 2096 se
830 2065 867 2095 et
886 2060 1106 2106 formaliter
1120 2059 1314 2106 loquendo
1334 2071 1397 2095 ex-

111 2113 297 2149 trinsecus
330 2117 367 2148 et
399 2112 644 2150 accidentalis
677 2113 744 2148 fini
773 2112 937 2149 aliorum
970 2116 1140 2160 actuum,
1175 2116 1216 2148 ut
1252 2111 1396 2149 dictum

107 2169 180 2200 est.

156 2217 254 2266 Ergo
277 2219 462 2255 intactam
487 2220 669 2268 relinquit
691 2223 1015 2270 specificationem
1041 2222 1228 2261 moralem
1248 2233 1394 2261 eorum-

112 2270 199 2306 dem
219 2275 389 2318 actuum,
413 2273 467 2309 ita
483 2278 524 2309 ut
542 2285 680 2321 nempe
697 2275 727 2310 si
745 2276 843 2311 actio
861 2275 964 2312 mala
979 2277 1028 2312 sit
1041 2287 1088 2313 ex
1104 2287 1174 2313 suo
1191 2278 1396 2314 intrinseco

113 2323 262 2370 objecto
280 2335 357 2361 non
375 2326 495 2373 possit
518 2327 600 2363 fieri
624 2327 725 2364 hona
746 2338 791 2364 ex
815 2328 1027 2366 intentione
1052 2329 1226 2367 absolute
1243 2334 1394 2378 sumpta
