1584 2569
204 76 215 92 κ
213 0 214 3 „

69 85 109 115 s

51 936 142 1290 hedam),
111 821 191 894 4
75 85 197 801 sssssſsgdffssss

148 129 166 181 »(

0 1295 152 1599 sfflw

193 1600 205 1649 af

7 1630 207 1957 ζα,

241 128 301 159 252
320 127 379 154 JUS
397 126 558 154 NATURAE.
580 125 651 152 mn.
671 122 709 150 n.
727 124 804 151 cn.
820 122 859 150 11.
877 123 922 150 DE
939 123 1130 150 socinum
1149 124 1221 150 ew.
1241 123 1276 150 IN
1294 125 1334 150 SE
1349 124 1523 152 saecun

233 203 407 249 diligant,
428 203 565 235 mutuo
595 208 675 235 sese
707 197 861 233 foveant
889 200 926 232 et
955 195 1198 243 coadjuvem,
1227 200 1266 232 et
1284 197 1524 242 auctoritati,

232 266 319 304 quae
336 258 392 290 est
410 251 526 289 veluti
540 250 671 287 anima
685 260 770 296 quae
786 259 925 297 corpus
941 249 1081 286 sociale
1098 249 1312 285 vivificatet
1323 249 1361 285 in
1374 249 1523 286 unitate

233 308 415 351 continet,
452 303 646 341 obediant.
676 303 730 338 Ex
759 302 880 338 altera
909 312 996 338 vero
1026 306 1133 349 parte
1166 302 1375 338 auctoritas
1401 302 1523 339 civilis

232 360 402 408 corporis
411 356 562 394 socialis
579 356 719 392 unitati
736 353 1007 391 conservandae
1025 354 1159 391 sedulo
1177 353 1291 391 debet
1306 354 1523 402 invigilare,

232 426 276 451 eo
296 411 426 456 modo,
448 410 597 456 illisque
617 407 768 452 mediis,
790 418 876 454 quae
901 417 1032 454 supra,
1053 406 1101 444 de
1121 407 1351 444 auctoritate
1371 407 1519 455 legisla-

234 468 310 504 tiva
328 463 491 512 agendo,
514 461 785 497 indicavimus.

277 519 326 555 11.
344 516 510 562 Quaestio
526 515 662 560 prima.
692 513 755 549 His
775 516 905 549 autem
926 513 1099 560 generice
1116 512 1337 560 praelibatis,
1360 513 1522 560 quaestio

233 573 358 620 prima
376 572 553 605 movetur
571 566 617 602 de
637 565 773 602 officiis
791 564 1035 602 subditorum
1052 575 1143 612 erga
1163 569 1394 612 potestatem
1412 565 1522 613 legis-

232 626 411 667 lativam3
433 630 570 668 nempe
595 623 726 655 utrum
751 617 896 654 subditi
917 622 1119 654 teneantur
1137 628 1182 653 ex
1201 617 1437 654 conscientia
1458 629 1521 665 pa-

234 688 314 715 rere
338 675 486 722 legibus
511 672 599 709 latis
618 682 641 708 a
663 671 835 719 principe
855 681 924 718 pro
946 670 1133 718 regimine
1157 671 1364 706 societatis.
1392 670 1440 706 Ut
1459 680 1523 706 au-

235 735 311 766 tem
331 726 493 775 quaestio
519 725 591 761 rite
611 724 860 771 intelligatur,
882 727 974 759 nota
993 723 1095 770 leges
1113 721 1231 758 dividi
1252 724 1290 758 in
1311 722 1469 758 morales
1491 728 1525 758 et

230 781 423 830 paenales:
444 778 580 827 primae
606 782 708 821 sunt,
736 786 900 824 quarum
926 776 1179 823 transgressio
1207 780 1264 811 est
1292 775 1526 822 culpabilis;

233 836 361 872 alterae
376 842 466 869 vero
484 836 785 878 transgressores
799 839 877 865 non
897 828 946 865 ad
965 828 1118 876 culpam
1147 827 1212 864 sed
1233 829 1271 864 in
1289 838 1442 876 poenam
1461 828 1527 864 ali-

233 898 351 936 quam
386 883 625 921 subeundam
654 882 850 919 addicunt.
878 881 974 923 Quia
1004 881 1122 928 igitur
1159 879 1357 928 obligatio,
1386 880 1432 916 de
1451 891 1524 927 qua

232 940 430 987 loquimur
454 936 816 984 impraesentiarum,
850 935 973 970 oritur
999 934 1109 969 unice
1129 944 1152 969 a
1179 934 1260 981 lege
1293 937 1335 968 ut
1355 937 1412 969 est
1432 943 1525 980 prae—

233 995 308 1030 cise
327 993 512 1034 humana,
541 990 573 1025 si
592 989 666 1025 ista
684 988 734 1024 sit
761 987 951 1023 exclusive
977 986 1159 1033 poenalis,
1188 986 1437 1022 manifestum
1468 990 1523 1021 est

234 1051 537 1092 trangresso-rem
558 1042 750 1077 incurrere
768 1039 925 1086 quidem
940 1049 1109 1086 poenam,
1128 1038 1193 1074 sed
1224 1049 1300 1073 non
1332 1038 1523 1074 incurrere

233 1098 400 1146 culpam.
430 1095 521 1131 Dico
550 1094 581 1129 si
602 1097 658 1129 est
678 1092 867 1129 exclusive
887 1091 1071 1139 poenalis:
1108 1101 1198 1128 nam
1233 1091 1446 1138 generatim
1472 1090 1524 1126 lo-

234 1149 401 1198 quendo,
434 1147 596 1184 intentio
627 1145 787 1181 humani
819 1144 1048 1192 legislatoris
1083 1155 1160 1180 non
1190 1144 1228 1179 in
1262 1143 1526 1191 poenalitatem

233 1200 479 1240 solummodo
497 1200 630 1243 fertur,
652 1198 718 1234 sed
745 1197 827 1233 vult
855 1197 972 1234 etiam
1006 1197 1105 1233 cives
1137 1196 1336 1233 moraliter
1356 1196 1525 1243 obligare

234 1256 281 1292 ad
312 1256 442 1303 legum
474 1252 783 1289 observantiam:
818 1250 919 1286 unde
951 1250 1162 1298 generatim
1192 1248 1399 1296 loquendo,
1424 1248 1526 1296 leges

234 1310 415 1346 humanae
434 1305 645 1343 retinendae
659 1309 750 1341 sunt
767 1309 808 1340 ut
825 1303 1192 1351 morales-poenales,
1203 1303 1276 1339 nisi
1290 1303 1527 1339 contrarium

235 1361 389 1398 aliunde
427 1363 588 1396 constet.
622 1358 674 1394 De
704 1358 854 1405 legibus
892 1357 1011 1404 igitur
1044 1355 1255 1392 moralibus
1289 1355 1452 1401 quaestio
1467 1359 1524 1390 est

235 1421 366 1451 utrum
384 1414 483 1450 cives
501 1412 674 1458 obligent
689 1411 728 1446 in
749 1410 994 1447 conscientia.
1022 1408 1247 1456 Respondeo
1267 1419 1275 1444 :

281 1468 346 1504 111.
367 1468 486 1511 Leges
512 1466 721 1501 humanae:
753 1464 791 1499 1⁰
822 1463 856 1499 si
885 1463 1000 1508 iustae
1021 1462 1113 1506 sint,
1145 1462 1319 1507 obligant
1344 1462 1449 1497 cives
1485 1461 1526 1497 in

234 1520 499 1560 conscientia;
524 1537 568 1542 —
600 1517 639 1552 20
660 1525 738 1551 non
756 1518 888 1551 autem
907 1523 980 1549 PER
1010 1522 1051 1549 SE
1078 1514 1264 1559 obligant,
1286 1514 1319 1549 si
1350 1514 1430 1549 sint
1460 1513 1523 1548 in-

232 1574 349 1620 iustae
365 1582 373 1615 ;
392 1591 436 1596 -
451 1571 501 1613 30,
512 1570 573 1605 hae
585 1572 718 1605 tamen
742 1570 905 1613 possunt
920 1567 1091 1612 obligare
1111 1573 1183 1601 PER
1199 1573 1391 1610 meinimis,
1416 1566 1522 1602 dum-

234 1625 344 1661 modo
370 1623 578 1660 contrariae
595 1630 673 1657 non
701 1621 781 1656 sint
805 1619 956 1665 legibus
974 1619 1129 1655 divinis.
1164 1617 1266 1654 Hanc
1296 1618 1524 1665 propositio-

235 1689 322 1713 nem
343 1675 471 1723 quoad
500 1684 633 1710 omnes
659 1683 747 1709 suas
767 1677 894 1720 partes
914 1672 1054 1719 probat
1069 1671 1106 1707 S.
1135 1670 1315 1715 Thomas,
1344 1670 1425 1707 1-11.
1455 1669 1524 1711 Qu.

234 1729 354 1765 XCVI.
376 1728 490 1764 Artic.
516 1727 576 1762 IV.
597 1726 702 1762 brevi
728 1735 771 1761 ac
792 1724 961 1761 dilucida
980 1724 1155 1771 sequenti
1175 1723 1523 1770 argumentatione.

280 1782 417 1817 Prima
432 1790 541 1827 pars.
557 1778 745 1814 Dicuntur
763 1781 893 1813 autem
910 1776 1012 1824 leges
1028 1777 1143 1824 justae
1163 1780 1201 1812 et
1220 1786 1265 1812 ex
1282 1775 1356 1823 fine
1371 1785 1474 1823 quan
1508 1785 1529 1810 o

235 1835 378 1871 scilicet
392 1832 621 1869 ordinantur
633 1830 682 1867 ad
696 1830 843 1867 bonum
854 1839 1060 1866 commune
1070 1840 1080 1874 ;
1092 1833 1130 1865 et
1142 1839 1188 1865 ex
1199 1828 1348 1873 Actore,
1370 1826 1527 1874 quando

234 1887 378 1924 scilicet
396 1886 457 1921 lex
477 1885 555 1921 lata
568 1894 645 1920 non
666 1882 814 1920 excedit
829 1886 1059 1930 potestatem
1073 1881 1228 1918 ferentis
1247 1893 1256 1926 3
1272 1885 1310 1917 et
1323 1891 1367 1917 ea:
1381 1881 1525 1927 forma,

235 1939 390 1987 quando
411 1938 554 1974 scilicet
579 1935 791 1973 secundum
820 1935 1082 1982 aequalitatem
1109 1933 1371 1982 proportionis
1402 1933 1521 1980 impo-

235 1997 381 2029 nuntur
399 1990 562 2026 subditis
591 1999 709 2025 onera
729 1989 767 2024 in
800 1987 933 2024 ordine
963 1986 1012 2024 ad
1032 1987 1178 2023 bonurn
1197 1996 1416 2022 commune.
1447 1988 1526 2032 Age

235 2055 336 2081 vero.
364 2044 500 2088 Homo,
531 2041 795 2078 consideratus
824 2045 867 2076 ut
896 2040 1000 2084 civis,
1022 2044 1079 2076 est
1107 2049 1195 2087 pars
1215 2049 1280 2074 seu
1305 2038 1524 2075 membrum

235 2097 450 2140 societati53
467 2105 555 2142 pars
574 2099 718 2139 autem,
748 2094 780 2129 si
797 2092 1061 2129 consideretur
1079 2097 1123 2127 ut
1142 2102 1243 2138 pars,
1261 2095 1319 2127 est
1347 2089 1524 2127 ordinata
1558 2127 1562 2133 Ξ

236 2149 284 2186 ad
304 2149 450 2185 bonum
476 2148 595 2183 totius
613 2157 622 2182 τ
641 2151 680 2183 et
699 2146 789 2183 hinc
805 2151 862 2182 est
890 2144 994 2194 quod
1018 2145 1101 2192 ipsa
1120 2147 1258 2181 natura
1286 2143 1385 2191 parti
1412 2142 1527 2179 infert
1559 2183 1563 2188 ,

237 2200 393 2249 aliquod
410 2200 700 2244 detrimentum,
719 2197 873 2246 quando
894 2197 1150 2234 necessarium
1169 2200 1226 2232 est
1236 2195 1284 2233 ad
1300 2195 1523 2232 salvandum
1561 2201 1572 2236 ἑ,

240 2258 378 2290 totum.
409 2251 482 2289 Sed
501 2252 603 2299 leges
634 2251 829 2296 bumanae,
865 2251 897 2287 si
913 2251 1030 2298 justae
1063 2250 1152 2294 sint,
1182 2249 1282 2285 cives
1318 2248 1527 2296 respiciunt

241 2307 396 2350 praecise
415 2310 460 2341 ut
488 2309 614 2354 partes
635 2304 674 2340 in
703 2304 836 2340 ordine
857 2302 905 2339 ad
934 2303 1080 2339 bonum
1101 2301 1232 2346 totius,
1263 2300 1302 2337 id
1331 2305 1388 2337 est
1407 2300 1526 2337 socie-

236 2364 334 2405 tatis,
372 2364 470 2409 Ergo
505 2363 535 2397 si
573 2362 674 2409 leges
706 2366 888 2395 numanae
912 2357 1031 2399 justae
1062 2355 1151 2401 sint,
1182 2353 1354 2403 obligant
1385 2353 1425 2389 in
1453 2352 1531 2388 soro
