1554 2569
170 144 177 174 τ
195 142 232 175 14
244 152 386 180 ermen.
397 153 468 178 Lm.
483 154 875 181 11.CA1>.111.1>EACT113135
887 157 973 182 nun.
987 157 1025 181 m
1040 157 1160 182 onum.
1173 157 1218 182 An
1229 156 1362 192 nonum,
1371 157 1446 185 Ετο.

163 230 200 260 et
216 236 339 271 magis
349 225 536 262 timentur
553 227 785 274 aflagitiosis
799 239 808 273 3
827 232 866 264 at
875 228 1039 264 dicimus
1053 240 1141 265 cum
1160 229 1196 264 S.
1213 229 1360 265 Thoma
1368 229 1448 273 I—Il,

161 278 231 319 Qu.
259 278 362 324 XCV,
400 279 515 315 Artic.
536 280 582 324 Π,
603 279 706 326 quod
734 291 778 316 ea
815 291 902 327 quae
934 282 1182 317 continentur
1211 282 1250 317 in
1278 281 1361 328 lege
1378 281 1449 317 hu·
1502 283 1505 285 '

160 341 289 375 mana,
310 335 348 366 et
365 335 454 367 sunt
475 331 520 368 de
549 333 630 380 lege
646 337 808 379 naturae,
839 344 916 370 non
936 334 1076 372 debent
1091 334 1224 370 haberi
1243 338 1287 370 ut
1306 334 1448 370 solum-

160 383 276 419 modo
293 383 376 431 lege
396 384 567 421 humana
578 386 715 432 posita,
738 386 803 423 sed
817 387 1008 435 praecipue
1024 392 1067 423 ut
1081 387 1264 424 habentia
1275 387 1448 435 vigorem

161 447 205 472 ex
224 435 307 484 lege
327 438 410 484 ipsa
429 439 607 474 naturali.
624 459 669 465 --
689 442 727 474 20
738 439 938 476 Conclusio
948 441 1132 488 supponit
1153 451 1174 476 a
1187 440 1271 488 lege
1281 438 1448 476 naturali

160 488 304 535 aliquid
325 489 529 537 dupliciter
548 490 722 527 derivari.
746 492 828 528 Uno
854 492 970 529 modo
992 493 1089 528 sicut
1107 493 1371 529 conclusiones
1391 501 1447 528 *ex

160 542 381 589 principiis;
403 543 478 578 alio
496 543 612 579 modo
622 544 720 580 sicut
741 543 1082 582 determinationes
1102 544 1282 592 quaedam
1303 544 1449 591 aliquo-

161 605 246 629 rum
266 595 546 640 communium,
567 600 608 631 ut
628 596 903 644 explicavimus
927 609 1056 646 supra,
1075 610 1113 634 n.
1137 599 1165 643 Ι,
1187 599 1226 634 in
1246 598 1330 645 ipsa
1358 597 1449 633 defi·

160 647 306 684 nitione
334 647 429 695 legis
469 648 664 685 humanae.
705 650 850 691 Quibus
878 650 1081 687 declaratis
1108 651 1295 698 probatur
1322 650 1449 697 prima

160 711 246 747 pars
267 701 444 747 negativa
466 700 595 737 thesis.

206 752 407 788 Conclusio
428 753 532 789 enirn
549 754 724 800 sequitur
744 759 923 791 naturam
943 755 1223 804 principiorum
1243 765 1289 791 ex
1309 754 1448 802 quibus

159 805 322 840 insertur
339 805 393 850 (L.
416 805 474 850 42,
496 805 571 852 IV).
595 806 633 842 Si
654 807 774 854 igitur
799 809 1008 855 praemissae
1037 809 1077 844 in
1105 819 1193 844 casu
1211 812 1342 844 nostro
1372 809 1449 843 sint

159 858 205 893 de
225 857 307 904 lege
333 862 495 902 naturae,
530 870 682 895 necesse
701 864 759 896 est
788 865 830 896 ut
859 861 1052 897 conclusio
1073 861 1218 908 pariter
1246 860 1293 896 ad
1322 860 1447 907 legem

159 915 306 947 naturae
342 910 544 957 pertineat,
575 916 612 947 et
646 923 724 948 non
758 911 807 948 ad
837 913 961 960 legem
983 912 1208 949 humanam.
1230 913 1277 948 Ut
1304 913 1344 948 in
1375 913 1449 949 hoc

159 963 395 1010 syllogismo.
421 963 537 999 Nulli
560 969 613 1000 est
630 964 852 1010 faciendum
875 965 1042 1010 malum3
1074 965 1180 1012 atqui
1198 965 1360 1011 furtum,
1383 976 1449 1002 seu

158 1026 300 1052 sumere
316 1026 392 1052 rem
406 1015 587 1060 alienam,
608 1016 762 1052 domino
777 1017 1065 1054 rationabiliter
1083 1018 1216 1063 invito,
1237 1022 1289 1054 est
1304 1018 1450 1064 inferre

158 1068 300 1103 malum
316 1068 444 1113 alteri,
467 1079 554 1115 erqo
566 1069 716 1115 furtum
734 1075 876 1106 nonest
891 1071 1136 1116 faciendum3
1155 1070 1238 1106 haec
1253 1070 1447 1107 conclusio

159 1120 205 1156 ad
222 1120 346 1168 legem
366 1124 516 1157 naturae
533 1122 719 1168 pertinet3
738 1127 776 1159 et
796 1122 898 1158 idem
920 1127 976 1158 est
1006 1122 1052 1159 de
1072 1123 1339 1159 consimilibus
1358 1134 1446 1159 con-

158 1173 404 1208 clusionibus.
428 1173 550 1220 Igitur
567 1173 628 1209 lex
649 1175 812 1221 positiva
827 1175 1000 1211 humana
1016 1186 1094 1211 non
1119 1174 1315 1211 derivatur
1327 1186 1350 1211 a
1365 1175 1448 1222 lege

158 1230 306 1260 naturae
323 1236 391 1272 per
409 1225 570 1261 modum
591 1226 820 1273 praedictum
837 1227 1094 1263 conclusionis
1111 1238 1119 1263 :
1140 1228 1231 1273 quia
1243 1238 1350 1263 secus
1369 1239 1448 1263 non

158 1278 384 1324 simpliciter
403 1277 463 1313 lex
483 1278 666 1324 humana,
688 1279 754 1315 sed
774 1283 923 1316 naturae
937 1290 1069 1316 revera
1088 1284 1199 1315 esset.

203 1330 517 1366 Probaturmodo
535 1341 623 1379 pars
640 1332 804 1379 positiva
823 1332 1099 1380 propositionis
1116 1343 1161 1368 ex
1170 1332 1281 1368 dictis
1301 1333 1338 1367 in
1351 1343 1447 1379 prae-

159 1382 307 1418 cedenti
328 1383 569 1430 probatione.
591 1383 743 1419 Etenim
759 1384 819 1419 lex
836 1384 1007 1420 humana
1027 1384 1118 1430 quia
1139 1388 1194 1420 est
1213 1395 1309 1431 opus
1329 1385 1447 1419 ratio-

161 1436 232 1480 nis,
254 1446 300 1471 ex
319 1439 423 1471 recta
445 1435 608 1480 ratione,
637 1435 710 1472 hoc
724 1440 781 1471 est
800 1446 822 1472 a
841 1436 924 1483 lege
944 1440 1093 1472 naturae
1115 1437 1328 1472 necessario
1353 1436 1450 1472 deri-

162 1493 285 1532 vatur,
306 1492 350 1524 ut
368 1498 484 1534 supra
500 1488 648 1524 dictum
662 1493 719 1524 est
736 1500 774 1524 n.
798 1489 826 1524 1.
851 1489 965 1535 Atqui
992 1500 1070 1525 non
1102 1489 1297 1526 derivatur
1316 1500 1338 1526 a
1363 1489 1448 1537 lege

161 1545 308 1577 naturae
338 1550 407 1587 per
429 1540 590 1576 modum
610 1541 879 1577 conclusionis.
898 1542 996 1589 Ergo
1027 1541 1222 1578 derivatur
1241 1542 1362 1589 alege
1382 1553 1448 1579 na-

161 1597 258 1629 turae
274 1592 401 1639 quoad
420 1593 635 1638 materiam,
651 1598 840 1640 quatenus
849 1604 986 1640 nempe
1004 1595 1191 1641 eaquaein
1202 1594 1284 1642 lege
1299 1598 1448 1630 naturae

161 1645 455 1681 indeterminate
472 1646 824 1693 autproecipiuntur
838 1651 904 1682 aut
915 1646 1182 1694 prohibentur,
1202 1647 1447 1692 determinat,

164 1703 205 1734 ut
222 1698 406 1746 exemplis
426 1697 603 1734 adductis
629 1699 906 1746 explicavimus
937 1710 976 1736 n.
1001 1700 1031 1737 1.
1055 1700 1135 1736 1-11.
1158 1700 1227 1742 Qu.
1246 1700 1351 1747 XCV,
1382 1701 1448 1736 Ar-

164 1752 223 1787 tic.
245 1751 291 1786 II.

207 1804 268 1840 IX.
290 1804 554 1841 corollarium.
582 1804 680 1852 Ergo
707 1804 768 1840 lex
785 1804 969 1850 humana,
988 1809 1071 1841 tum
1093 1805 1132 1841 in
1154 1805 1360 1842 sanciendo
1380 1816 1450 1842 sua

163 1857 278 1892 etiam
310 1857 538 1892 auctoritate
575 1857 678 1904 leges
707 1857 914 1902 naturales,
945 1862 986 1893 ut
1006 1857 1151 1894 dictum
1170 1859 1285 1895 estin
1322 1858 1448 1906 primo

162 1909 441 1955 praenotamine
456 1908 504 1945 ad
526 1908 678 1954 thesim,
698 1913 781 1945 tum
802 1910 841 1945 in
866 1909 1159 1946 determinando
1180 1910 1308 1958 quoad
1328 1915 1449 1947 mate·

162 1962 258 1996 riam
277 1961 402 2008 legem
428 1961 657 2006 naturalem,
676 1972 754 1997 non
783 1961 895 1997 dehet
912 1961 1131 1998 discordare
1160 1974 1283 2009 neque
1315 1974 1338 1999 a
1363 1963 1449 2010 lege

161 2018 316 2058 aeterna,
338 2012 439 2049 unde
464 2013 624 2060 profluit
643 2014 703 2050 lex
729 2018 891 2058 naturae,
913 2024 1036 2061 neque
1061 2025 1084 2050 a
1103 2015 1186 2062 lege
1204 2015 1333 2051 divina
1347 2015 1449 2062 posi·

164 2067 248 2109 tiva,
273 2065 333 2101 cui
362 2066 573 2102 auctoritas
603 2066 776 2103 humana
799 2068 1012 2103 necessario
1039 2067 1254 2113 subjicitur,
1286 2068 1385 2103 sicut
1409 2072 1450 2104 et

161 2122 295 2153 ceterae
306 2128 365 2153 res
380 2122 530 2154 creatae.
551 2118 589 2154 Si
610 2129 719 2155 secus
744 2124 814 2164 est,
833 2119 894 2155 lex
905 2119 1077 2155 humana
1095 2120 1271 2166 impietas
1287 2124 1356 2164 est,
1370 2130 1450 2156 non

160 2170 234 2215 lex,
254 2170 352 2206 sicut
365 2175 421 2206 est
454 2170 642 2217 iniquitas
676 2182 765 2208 cum
778 2172 853 2219 legi
888 2176 1037 2208 naturae
1069 2172 1306 2208 adversatur.
1341 2172 1449 2209 Unde

162 2224 200 2258 in
215 2223 458 2270 oppositione
485 2222 615 2270 legum
633 2224 894 2261 humanarum
928 2234 1016 2260 cum
1033 2224 1182 2272 legibus
1198 2223 1339 2260 divinis
1353 2224 1449 2261 illud

160 2276 431 2322 Apostolorum
456 2275 505 2311 ad
536 2276 727 2323 principes
764 2276 863 2313 Juda
893 2276 1161 2323 usurpandum
1182 2280 1258 2313 est:
1291 2277 1450 2314 obedire

163 2332 306 2373 oportet
324 2327 402 2364 Deo
423 2329 547 2375 mayis
570 2339 684 2375 quam
708 2328 927 2365 hominibus
963 2329 1059 2374 (Act.
1080 2330 1138 2374 V.,
1160 2330 1242 2376 29);
1262 2329 1322 2366 vel
1353 2329 1449 2366 illud

163 2380 386 2418 Mathathiae
405 2380 454 2418 ad
473 2381 695 2419 ministrum
711 2381 907 2419 Antiochi:
928 2395 946 2416 ε
958 2381 1008 2421 Et
1019 2382 1055 2422 Si
1063 2391 1200 2424 omnes
1218 2386 1352 2434 gentes
1365 2382 1451 2433 regi
