1584 2569
430 17 440 34 s
506 6 512 44 Ῑ
557 18 563 21 s
591 0 616 45 'Jv
750 0 764 41 f‘
807 15 812 21 '
870 0 880 21 7
924 0 935 19 ³
956 7 964 37 ἰ
1006 18 1020 28 ²

468 54 516 83 *w
621 56 625 57 ἢ
1071 66 1083 91 ,κ

433 121 516 145 ΑΜ.
545 119 596 144 ιν.
624 118 668 143 π
692 117 777 143 sum:
800 116 1050 142 Priorum-uis
1321 104 1384 138 163

99 191 181 229 nisi
193 191 354 238 furtum.
376 210 420 217 —
438 189 486 225 Ut
499 200 587 226 vero
599 187 861 225 communismi
871 188 1021 235 praxim
1038 185 1255 223 ostenderet
1274 185 1385 221 Caro—

98 246 157 282 lus
171 245 329 281 Fourier
345 243 578 290 imaginatus
596 247 653 278 est
669 246 846 290 systema,
876 240 980 288 quod
1000 239 1085 276 ideo
1105 238 1384 275 Fourierismus

34 303 40 307 '
99 297 252 341 dicitur,
283 296 322 332 in
354 306 429 342 quo
456 294 634 331 homines
663 294 800 330 dividit
819 294 858 329 in
883 293 1098 340 phalanges
1125 290 1383 335 inausa-iales,

99 350 285 386 habentes
311 348 449 385 domus
469 358 707 392 communes,
730 357 824 394 quas
842 350 951 383 vocat
972 344 1249 381 Phalansteria
1273 343 1386 389 (unde

99 401 381 440 Fourz'erismus
390 400 514 437 dictus
524 405 581 437 est
591 401 707 437 etiam
717 404 877 447 systema
880 398 1273 446 phalam-termnum),
1284 401 1387 433 etva-

100 455 164 490 riis
179 454 380 490 industriis
390 454 566 489 omnium
581 454 619 488 in
631 453 829 489 communi
842 453 1022 489 viventes.
1034 471 1079 477 —
1090 450 1230 486 Verum
1247 460 1324 485 non
1342 460 1388 485 ex

100 507 170 544 hac
203 511 324 555 parte,
359 507 397 542 ni
433 505 557 550 fallor,
594 505 788 542 timendus
823 509 879 541 est
905 504 1222 547 communismus,
1251 502 1316 538 sed
1343 513 1389 537 ex

100 560 223 595 abusu
256 559 376 595 civilis
412 559 628 606 potestatis.
658 558 711 594 Eo
730 559 833 595 enim
865 557 1059 594 tendimus
1079 561 1123 592 ut
1148 556 1266 592 civilis
1287 556 1390 603 prin-

98 613 258 660 cipatuS,
306 612 534 648 auctoritate
576 612 751 657 abutens,
792 622 877 648 vere
915 611 1173 647 constituatur
1207 609 1389 645 dominus

99 675 227 700 rerum
252 665 442 708 omnium,
465 669 501 700 et
528 665 627 700 cives
654 664 811 700 nomine
834 663 991 710 quidem
1014 662 1250 710 possideant,
1270 665 1310 697 at
1331 665 1389 697 tot

100 718 295 764 tantisque
325 716 504 753 oneribus
539 721 746 764 graventur
780 717 819 753 in
855 716 948 762 dies,
980 720 1022 752 ut
1049 726 1178 752 revera
1209 726 1286 751 non
1313 714 1389 750 sint

99 770 170 806 nisi
184 770 400 817 phalanqes
417 770 667 806 incitasti-iales
679 774 715 806 et
727 769 919 817 simplices
939 769 1158 806 administri
1177 768 1319 804 Status.
1333 766 1387 803 Ad

99 821 137 858 id
163 822 319 859 tendere
348 823 659 859 communismum
679 822 775 858 mihi
796 833 1023 870 persuasum
1059 826 1128 866 est,
1157 825 1194 857 et
1229 830 1388 868 scopum

100 874 290 922 attingere
317 884 363 910 ex
383 874 455 910 hac
481 879 589 921 parte
608 875 667 911 vel
693 876 774 922 ipse
791 885 913 911 caecus
938 874 1053 910 videt.
1074 873 1146 910 Sed
1163 873 1211 910 ad
1228 883 1309 909 rem
1331 883 1388 909 ve—

99 937 265 962 mamus.

143 979 210 1015 111.
229 980 498 1016 Praenotamen
507 980 687 1025 primum.
704 979 752 1015 Ut
762 984 891 1016 autem
904 980 942 1015 in
955 979 1026 1015 hac
1044 978 1269 1027 gravissima
1287 988 1388 1024 quae-

96 1032 220 1068 stione
254 1032 438 1068 solvenda
463 1033 684 1068 cautissime
704 1036 742 1068 et
769 1033 968 1080 perspicue
994 1031 1261 1079 procedamus,
1294 1041 1382 1066 non-

97 1085 203 1121 nulla
214 1086 450 1133 praemittere
463 1091 628 1134 oportet.
642 1107 686 1112 —
705 1087 725 1122 J
729 1097 773 1122 us
787 1086 1048 1134 proprietatis,
1064 1096 1130 1122 seu
1160 1085 1386 1132 proprietas,

101 1137 308 1184 subjective
342 1143 379 1174 et
406 1139 606 1175 moraliter
633 1143 801 1186 sumpta,
829 1143 886 1175 est
903 1139 1116 1175 dominium
1132 1149 1198 1174 seu
1219 1137 1389 1183 facultas

101 1190 332 1237 disponendi
344 1201 419 1237 pro
441 1190 566 1236 libito,
582 1191 927 1228 eccumeaeclusione
942 1191 1123 1234 aliorum,
1142 1191 1186 1226 de
1201 1201 1241 1226 re
1254 1190 1387 1237 aliqua

97 1242 253 1289 ejusque
275 1243 456 1279 utilitate.
490 1243 561 1279 Res
583 1254 672 1279 vero
700 1244 784 1290 ipsa
819 1243 864 1280 de
891 1254 966 1290 qua
1001 1243 1219 1290 disponitur
1251 1242 1390 1278 dicitur

93 1296 315 1341 proprietas
324 1295 506 1342 objective
514 1307 580 1332 seu
589 1296 769 1332 material
773 1296 788 1331 z·
790 1301 844 1332 ter
853 1300 1022 1343 accepta.
1032 1296 1252 1331 —Actualis
1260 1299 1388 1331 autem

97 1348 267 1384 detentio
283 1348 529 1395 proprietatis
545 1349 729 1395 obJective
740 1353 906 1395 sumptae
916 1348 1057 1384 dicitur
1070 1349 1261 1394 possessio
1283 1358 1389 1394 :quae

96 1401 128 1436 si
150 1401 190 1435 in
206 1401 312 1448 justo
337 1401 449 1436 titulo
475 1401 672 1445 fundatur,
692 1406 749 1437 est
771 1401 964 1447 legitima3
987 1401 1018 1436 si
1044 1411 1165 1446 secus,
1184 1400 1388 1447 illegitima
1422 1451 1424 1453 ι
1485 1422 1492 1447 5
1532 1423 1541 1428 .·

95 1457 264 1489 vocatur.

142 1505 202 1542 IV.
237 1507 504 1543 Praenotamen
539 1508 719 1545 alterum.
755 1508 979 1544 Dominium
1021 1511 1150 1544 autem
1189 1506 1294 1543 aliud
1332 1511 1390 1542 est

92 1557 311 1605 perfectum,
341 1559 446 1595 aliud
471 1560 742 1606 imperfectum.
775 1561 950 1596 Primum
980 1560 1250 1607 complectitur
1277 1558 1390 1595 facul-

97 1615 216 1647 tatem
234 1611 463 1659 disponendi
485 1616 567 1648 tum
591 1612 636 1649 de
654 1624 707 1658 re,
727 1617 810 1649 tum
832 1613 878 1649 de
896 1613 978 1660 ejus
999 1623 1084 1658 usu,
1107 1613 1185 1648 sive
1202 1611 1389 1647 fructibus

95 1664 155 1700 vel
189 1664 495 1712 quibuscumque
531 1665 802 1702 emolumentis
840 1676 928 1702 cum
961 1676 1005 1702 ea
1040 1665 1247 1710 connexis3
1285 1664 1389 1701 aliud

96 1721 226 1753 autem
255 1721 312 1753 est
347 1717 507 1755 facultas
543 1718 773 1766 disponendi
801 1718 861 1755 vel
891 1718 937 1755 de
972 1718 1054 1754 sola
1087 1729 1140 1763 re,
1178 1722 1215 1753 et
1249 1717 1389 1753 dicitur

96 1769 293 1813 directum,
313 1770 372 1805 vel
388 1770 434 1805 de
449 1771 529 1806 solo
546 1781 619 1807 usu
633 1772 701 1816 rei,
721 1776 758 1807 et
778 1771 920 1807 dicitur
933 1770 1149 1806 dominium
1164 1770 1268 1805 utile.

142 1822 183 1857 V.
229 1823 495 1859 Praenotamen
532 1824 708 1860 tertium.
731 1824 921 1860 Praeterea
947 1824 1161 1870 proprietas
1203 1822 1388 1869 objective

96 1879 264 1921 sumpta,
282 1875 356 1911 alia
385 1879 443 1912 est
475 1875 585 1922 cujus
618 1884 711 1910 usus
737 1875 987 1911 confunditur
1002 1886 1090 1911 cum
1103 1875 1186 1922 ipso
1198 1874 1386 1918 dominio,

95 1937 234 1974 nempe
254 1932 311 1963 est
330 1938 403 1972 res,
425 1937 501 1973 qua
522 1928 578 1963 uti
599 1927 717 1964 homo
737 1938 815 1964 non
830 1932 957 1976 potest
977 1928 1050 1964 nisi
1068 1938 1152 1964 eam
1170 1931 1385 1972 consumat,

96 1984 139 2015 ut
167 1984 257 2016 sunt
288 1979 567 2025 comestibilz'a3
601 1980 677 2017 alia
703 1984 759 2016 est
802 1981 911 2027 cujus
931 1991 1022 2017 usus
1055 1990 1077 2017 a
1108 1979 1281 2016 dominio
1313 1979 1387 2015 dis-

96 2032 301 2080 tinguitur,
323 2043 390 2069 seu
410 2042 497 2079 quae
518 2043 590 2068 usu
608 2043 685 2069 nou
714 2034 968 2078 consumitur,
990 2037 1033 2068 ut
1053 2032 1209 2078 domus,
1234 2037 1272 2069 et
1300 2033 1386 2069 aliae

96 2095 156 2120 res
182 2085 351 2121 stabiles.

141 2137 203 2174 VI.
228 2139 496 2175 Praenotamen
514 2142 709 2184 quartum.
742 2138 899 2175 Nullum
920 2138 1081 2175 dubium
1113 2142 1184 2184 est,
1212 2143 1279 2174 aut
1305 2149 1386 2174 esse

99 2194 223 2237 potest
243 2190 347 2237 quod
365 2191 482 2228 homo
507 2193 628 2239 possit
642 2202 730 2228 vere
750 2191 891 2228 habere
911 2191 1128 2228 dominium
1149 2202 1278 2228 rerum
1298 2201 1386 2238 quae

98 2252 168 2278 usu
193 2248 504 2280 consumuntur:
540 2255 628 2281 cum
655 2244 757 2281 enim
774 2245 838 2291 jus
869 2244 1010 2282 habeat
1038 2244 1086 2281 ad
1118 2245 1205 2281 vitae
1237 2254 1385 2280 conser-

99 2295 302 2341 vationem,
320 2297 385 2343 jus
413 2296 530 2334 habet
549 2297 666 2333 simul
699 2297 747 2333 ad
767 2297 895 2334 media
925 2299 1151 2334 necessaria.
1174 2297 1265 2338 Quae
1295 2297 1391 2346 quia·

97 2358 185 2384 eum
210 2350 278 2385 uni
307 2349 537 2396 deserviunt,
571 2351 694 2395 alteri,
728 2355 769 2386 ut
803 2355 921 2398 patet,
942 2350 1130 2387 deservire
1160 2350 1209 2386 sit
1225 2350 1385 2386 omnino
