1584 2569
164 87 234 124 2¹4
267 95 327 124 {UH
353 96 516 123 rissunss.
545 97 616 123 ΗΒ.
644 97 684 123 H.
712 96 790 121 esf.
818 96 843 121 1.
871 95 915 121 DE
939 94 1132 121 soczssTATE
1157 94 1349 120 nouesrlm

164 173 296 218 aperta
315 169 520 206 necessitas
539 169 630 206 boni
649 167 866 207 communis
885 166 1089 203 societatis.
1112 166 1230 202 Porro
1249 165 1442 202 confertne

165 233 250 259 vere
272 221 320 258 ad
342 222 486 258 bonum
509 231 713 258 commune
739 220 938 257 instructio
958 219 1192 266 obligatoria
1208 217 1228 254 ‚⁹
1249 219 1444 255 Abstracte

164 274 356 322 loquendo
373 274 506 322 procul
519 273 636 311 dubio
651 273 796 310 confert
809 285 818 318 3
831 273 896 309 sed
911 277 1084 309 concrete
1095 270 1372 316 ratiocinando,
1386 283 1444 307 res

165 328 271 364 vaide
294 328 410 364 dubia
429 332 485 364 est
504 338 512 363 :
537 338 613 363 non
631 327 786 374 quidem
804 326 1043 362 considerata
1059 326 1308 361 instructione
1331 325 1370 360 in
1391 335 1442 367 se,
1491 350 1494 351 γ

166 381 230 417 sed
260 381 390 416 habito
421 385 594 428 respectu
622 379 670 416 ad
699 381 902 416 innumera
926 378 1053 415 media
1084 378 1222 425 quibus
1257 382 1444 425 praetextu

167 434 426 470 instructionis
464 433 582 468 animi
620 436 939 480 corrumpuntur,
977 436 1020 467 ut
1058 431 1175 467 tristis
1212 431 1446 478 experientia

165 486 337 533 quotidie
363 485 485 522 docet.
516 485 587 521 Sed
613 484 868 522 concedamus
898 485 1020 521 Statui
1042 485 1105 531 jus
1131 483 1354 532 imponendi
1373 484 1445 519 ins-

169 540 396 576 tructionem
417 539 707 586 obligatoriam3
733 538 823 586 quid
851 538 986 574 exinde
1012 538 1210 585 sequitur?
1236 538 1316 573 Non
1343 536 1445 573 aliud

167 592 334 640 profecto
356 592 427 628 nisi
447 591 549 639 quod
572 596 699 639 patres
718 591 881 628 familias
907 591 988 638 lege
1009 590 1110 638 adigi
1137 591 1284 637 possint
1303 590 1348 626 ad
1372 591 1446 625 ins-

169 645 349 681 truendos
370 645 543 692 proprios
560 644 671 680 filios.
695 643 767 680 Sed
787 648 921 680 contra
935 645 1024 691 jura
1043 648 1202 691 paterna
1221 644 1299 691 agit.
1320 643 1447 679 Status

168 699 328 745 quoties,
361 702 545 745 praetextu
575 698 836 735 instructionis
867 697 1117 744 obligatorias,
1148 697 1312 743 imponit
1340 707 1448 733 suam

168 752 472 796 instructionem,
503 751 794 787 instructionem
824 751 978 794 laicam,
1014 751 1070 787 uti
1105 750 1250 796 dicunt,
1278 753 1316 786 et
1345 749 1448 798 quod

168 804 335 839 maxime
353 804 459 851 pejus
476 808 545 850 est,
563 804 855 840 instructionem
873 803 1040 840 atheam.

573 921 831 958 ARTICULUS
869 920 1042 958 SEXTUS

772 1004 844 1048 (47)

436 1083 490 1121 lle
514 1087 687 1132 stlt'u‘um
712 1085 856 1132 officiis
881 1096 971 1131 crya
992 1090 1166 1132 parcnt&

215 1169 242 1205 Ξ.
264 1169 456 1212 Principia
479 1178 525 1204 ex
548 1168 686 1213 quihus
706 1168 957 1204 determinari
979 1168 1120 1204 debent
1140 1168 1266 1205 officia
1286 1169 1452 1206 filiorum

169 1232 259 1267 erga
272 1225 466 1266 parentes.
483 1221 563 1256 Duo
579 1225 668 1256 sunt
682 1230 767 1266 quae
784 1221 820 1255 in
839 1221 918 1256 silio
930 1221 1207 1257 consideranda
1224 1229 1427 1259 occurrunt
1443 1234 1450 1257 :

172 1277 207 1308 ἑο
225 1285 300 1310 esse
322 1273 425 1320 quod
443 1284 464 1309 a
485 1273 707 1320 parentibus
730 1273 866 1318 habet3
888 1276 926 1309 2⁰
947 1274 1185 1310 conviventia
1208 1276 1392 1312 naturalis
1414 1277 1452 1312 in

170 1327 379 1363 domestica
406 1327 599 1371 societate,
627 1327 734 1373 cujus
759 1331 816 1362 est
841 1327 1072 1363 membrum.
1100 1327 1153 1362 Ex
1180 1329 1304 1374 primo
1331 1330 1453 1377 capite

169 1380 360 1416 habentur
385 1380 510 1416 officia
536 1379 721 1415 naturalis
750 1379 1037 1427 dependentiae3
1064 1391 1109 1416 ex
1137 1381 1303 1417 secundo
1330 1382 1455 1420 officia

169 1432 432 1480 dependentiae
453 1432 615 1468 socialis.
637 1433 909 1468 Percurremus
930 1433 1094 1469 breviter
1113 1434 1275 1481 singula.

215 1486 262 1522 11.
283 1485 415 1522 Officia
435 1486 589 1530 amoris,
612 1486 864 1531 gratitudinis
884 1489 924 1522 et.
942 1487 1114 1531 pietatis.
1137 1486 1172 1521 Si
1194 1488 1263 1523 filii
1282 1493 1372 1524 sunt
1391 1489 1455 1525 ali-

169 1538 260 1585 quid
283 1543 485 1585 parentum
504 1539 575 1583 (40,
596 1538 675 1583 ΙΙΙ),
695 1538 864 1584 profecto
882 1538 1082 1574 inhumani
1101 1543 1224 1575 essent
1242 1544 1279 1575 et
1295 1540 1455 1576 detesta-

169 1591 263 1626 biles
274 1591 305 1626 si
323 1595 496 1637 parentes
512 1591 658 1626 sincero
674 1601 804 1626 amore
817 1601 890 1626 non
908 1596 1094 1627 amarent.
1109 1592 1342 1629 Naturaliter
1353 1595 1455 1629 enim

169 1643 288 1680 homo
305 1647 409 1678 amat
427 1644 616 1690 seipsum3
636 1653 726 1690 ergo
747 1644 975 1679 naturaliter
991 1643 1104 1679 debet
1120 1654 1249 1680 amare
1266 1646 1456 1692 genitores

171 1707 271 1732 suos
291 1715 337 1721 —
364 1695 436 1731 Sed
462 1696 577 1731 insita
602 1696 747 1743 pariter
771 1700 827 1732 est
854 1697 964 1732 nobis
990 1706 1012 1733 a
1037 1701 1175 1733 natura
1201 1698 1395 1745 gratitudo
1418 1701 1456 1735 in

170 1748 441 1791 benefactores,
460 1759 482 1784 a
499 1748 637 1795 quibus
654 1749 870 1796 accepimus
890 1749 1003 1785 bona.
1023 1749 1171 1786 Bonum
1190 1755 1318 1788 autern
1338 1753 1457 1789 maxi-

171 1812 279 1838 mum
304 1807 361 1837 est
386 1802 600 1840 existentia.
622 1811 709 1848 quae
735 1802 900 1839 aliorum
927 1802 1222 1839 fundamentum
1249 1808 1317 1841 est.
1344 1806 1458 1852 Atqui

171 1855 413 1891 existentiam
430 1865 453 1890 a
474 1855 697 1901 parentibus
716 1855 945 1902 accepimus,
967 1860 1003 1891 et
1024 1856 1169 1903 primas
1191 1867 1301 1893 curas
1321 1859 1456 1905 quibus

171 1908 374 1943 existentia
397 1912 657 1951 conservatur,
681 1912 719 1943 et
745 1907 1012 1944 educationem
1040 1918 1115 1955 qua
1135 1909 1287 1946 animus
1315 1911 1457 1958 perfici-

172 1966 255 2005 tur;
285 1964 323 1997 et
347 1959 428 1996 haec
454 1960 584 1996 omnia
610 1959 710 1996 hona
737 1960 846 1996 nobis
873 1961 1131 2005 contulerunt,
1157 1971 1298 2008 magno
1325 1973 1455 1999 eorum

172 2014 313 2057 tabere,
332 2017 369 2049 et
385 2023 473 2049 cum
495 2017 574 2048 tota
595 2017 727 2049 nostra
740 2013 918 2051 utilitate.
938 2013 1179 2061 Quapropter
1194 2015 1365 2052 maxima
1379 2016 1453 2053 ossi

171 2067 230 2102 cia
249 2064 493 2112 gratitudinis
510 2065 689 2102 exhibere
707 2066 930 2113 parentibus
951 2071 1125 2102 tenemur
1143 2077 1150 2102 :
1174 2078 1263 2103 nam
1285 2069 1314 2103 si
1333 2069 1456 2116 iugra-

173 2117 298 2153 titudo
324 2118 362 2152 in
388 2116 646 2153 benefactores
675 2122 733 2154 est
759 2117 1029 2154 detestandum
1053 2118 1203 2162 vitium,
1225 2118 1304 2154 filio
1330 2119 1369 2156 in
1395 2131 1456 2168 pa-

173 2175 299 2206 rentes
329 2170 479 2216 ingrato
514 2169 611 2205 nihil
644 2174 700 2206 est
735 2170 1008 2207 detestabilius.
1044 2189 1090 2196 -—
1124 2172 1238 2218 Atqui
1270 2172 1300 2208 si
1336 2172 1457 2210 Deum

174 2223 356 2270 religione
373 2224 550 2269 prosequi
569 2228 609 2259 ut
631 2224 862 2270 principium
884 2224 1052 2271 primum
1073 2228 1213 2260 nostrae
1233 2225 1457 2273 existentiae,

173 2281 212 2312 et
235 2286 258 2313 a
281 2285 356 2322 quo
383 2275 603 2311 immediate
632 2277 848 2323 accepimus
873 2277 1058 2321 animam,
1088 2278 1262 2313 naturale
1290 2280 1458 2325 postulat

173 2328 365 2372 officium3
393 2327 574 2375 pietatem
603 2332 640 2363 et
665 2329 931 2373 reverentiam,
959 2328 1179 2366 inferiorern
1209 2330 1364 2378 quidem
1393 2332 1458 2372 illa
