1584 2569
643 135 740 159 mnssx
762 134 1006 160 amanuncus
1411 126 1472 158 389

223 204 274 236 vel
295 203 424 237 directa
448 204 498 237 vel
520 204 660 244 reflexa,
681 203 726 236 IV
746 204 818 237 etV.
839 204 1039 236 —Verbum
1053 202 1180 236 mentis
1194 202 1338 235 omnino
1359 202 1471 234 differt

222 259 241 281 a
263 249 377 290 specie
393 250 618 292 intelligibili,
637 251 691 282 Vl.
717 267 759 274 --
776 251 962 291 Repugnat
983 254 1021 283 ut
1040 249 1184 283 verbum
1203 249 1355 282 mentale
1374 248 1472 282 abso·

221 295 291 329 lute
305 296 479 338 loquendo
497 297 692 338 dependeat
703 297 836 330 averbo
851 297 951 337 orali,
971 297 1027 330 IX.
1039 297 1242 329 —Verbum
1256 296 1406 328 mentale
1418 300 1471 329 est

221 342 253 374 id
275 351 344 383 quo
364 342 471 375 veluti
485 343 720 376 instrumento
736 343 910 384 objectum
931 343 1148 384 intelligitur,
1161 343 1198 375 P.
1216 344 1266 382 36,
1283 343 1318 374 V.
1333 360 1373 366 —-
1389 342 1470 375 Ver·

220 387 303 422 bum
325 394 377 422 est
402 390 450 422 rei
471 390 778 429 manifestativum,
801 395 832 423 et
866 395 919 423 est
947 391 1012 423 sub
1039 390 1182 423 diversis
1206 390 1406 430 aspectibus
1434 389 1470 421 id

220 437 315 477 quod
331 436 550 479 intelligitur,
568 438 602 470 id
624 447 691 481 quo
713 437 930 479 intelligitur,
951 437 985 470 id
1015 438 1054 470 in
1077 446 1146 480 quo
1168 437 1387 478 intelligitur,
1415 437 1468 469 VI.

219 501 260 506 —
281 483 428 516 Verbum
452 484 557 524 orale,
579 485 618 517 P.
643 485 694 524 35,
717 486 745 517 I.
766 503 807 509 —
902 485 1148 526 Imaginatum,
1170 484 1212 517 11.

182 541 333 574 Veritas.
359 543 486 575 Veritas
507 542 631 585 logica,
654 545 688 575 L.
710 544 762 582 40,
789 545 814 575 1.
844 560 885 568 —
911 543 960 576 De
986 543 1138 576 diversis
1166 543 1293 575 mentis
1321 541 1469 574 statibus

218 592 374 630 respectu
397 589 574 629 veritatis,
595 590 631 622 L.
656 590 707 622 40.
729 590 829 632 (Vide
854 590 1053 630 certitudo,
1075 589 1214 632 Opinio,
1236 590 1322 631 etc.)
1350 606 1388 612 —
1421 589 1470 620 De

224 636 359 669 actibus
387 636 515 678 quibus
545 646 644 670 mens
669 641 786 670 nostra
811 637 992 670 veritatem
1021 637 1256 678 consequitur,
1282 637 1321 669 L.
1351 636 1402 669 47.
1429 651 1471 659 -—·

218 683 349 715 Veritas
369 683 480 725 logica
501 693 562 725 per
587 683 781 726 simplicem
805 684 1134 725 apprehensionem.
1156 685 1189 717 1⁰
1214 693 1234 717 a
1261 687 1377 716 mente
1404 683 1469 715 ha·
1505 699 1512 704 ·

218 730 320 763 betur
339 730 504 772 quidem;
529 731 561 762 2⁰
583 732 643 763 sed
663 731 864 772 imperfecto
891 731 1008 770 modo,
1023 732 1049 763 I.
1074 749 1114 754 —
1131 731 1229 764 Mens
1253 734 1372 763 nostra
1392 730 1470 762 sim·²

221 776 352 817 pliciter
373 777 639 817 apprehendens
659 778 691 809 1⁰
710 780 764 810 est
783 786 922 818 semper
938 785 1019 810 vera
1039 786 1104 820 per
1120 786 1173 817 se;
1194 778 1227 809 2ο
1250 777 1309 810 sed
1335 785 1398 818 per
1413 785 1470 808 ac-

219 822 334 855 cidens
347 827 460 864 potest
471 823 537 865 ipsi
558 823 672 857 inesse
688 824 826 863 salsum,
843 825 903 857 III.
921 842 961 848 -—
980 825 1115 857 Veritas
1130 825 1183 857 vel
1204 823 1339 857 salsitas
1358 823 1471 864 logica

219 870 318 910 plene
342 874 376 902 et
399 870 548 911 perfecte
568 870 715 903 babetur
732 871 984 912 perjudicium,
1008 871 1059 903 IV.
1083 888 1124 894 —
1139 871 1270 903 Veritas
1291 869 1400 912 logica
1417 874 1470 902 est

217 917 252 948 in
278 917 513 958 propositione
535 918 626 950 sicut
642 918 676 949 in
701 918 799 959 signo
820 918 1107 958 instrumentali;
1130 918 1165 950 in
1187 917 1321 959 ‚iudicIO
1347 920 1464 950 autem

218 963 307 996 sicut
328 963 362 995 in
383 963 482 1005 signo
492 963 654 1005 formali,
667 964 752 997 ibid.
764 983 804 988 —
820 964 869 997 De
886 964 1128 998 conformitate
1143 964 1311 1005 requisita
1329 963 1371 995 ad
1385 963 1471 996 veri·

217 1014 322 1042 tatem
344 1010 511 1051 logicam3
528 1016 561 1043 et
582 1010 665 1052 quid
686 1011 739 1043 sid
755 1011 980 1044 conformitas
996 1012 1031 1043 in
1052 1015 1130 1044 actu
1142 1011 1282 1052 signato
1293 1014 1326 1042 et
1343 1010 1378 1042 in
1391 1012 1469 1042 actu

217 1057 380 1094 exercito,
398 1058 435 1089 V.
449 1075 489 1081 —
510 1057 692 1095 Quomodo
708 1061 833 1091 veritas
850 1058 1026 1095 sensitivae
1046 1057 1233 1099 cognitioni
1248 1056 1468 1097 convenit,L.

170 1144 172 1147 v
216 1104 270 1143 50,
287 1104 352 1136 XV.
368 1122 409 1128 —
428 1104 558 1137 Veritas
580 1110 617 1136 ut
635 1110 686 1137 est
697 1106 870 1146 objectum
882 1102 1139 1147 Metaphysicae,
1156 1105 1192 1137 Ο.
1211 1105 1262 1143 15,
1278 1105 1304 1136 Ι.
1318 1122 1358 1128 -
1378 1103 1470 1136 Veri-

218 1155 271 1184 tas
294 1151 491 1192 ontologica
500 1159 569 1184 non
584 1152 694 1184 differt
710 1152 846 1184 realiter
860 1161 903 1184 an
920 1152 1062 1184 entitate
1076 1151 1125 1184 rei
1143 1160 1220 1192 quae
1235 1151 1359 1183 dicitur
1376 1159 1469 1188 vera,

219 1198 267 1232 11.
291 1216 333 1222 —
351 1198 556 1231 Formalitas
577 1208 638 1240 per
664 1208 768 1240 quam
799 1208 861 1231 ens
886 1199 1011 1232 dicitur
1039 1198 1232 1231 formaliter
1257 1206 1389 1237 verum,
1418 1201 1472 1229 est

218 1246 301 1278 ordo
323 1254 385 1278 seu
406 1246 526 1278 relatio
550 1245 660 1287 ipsius
681 1246 770 1278 entis
797 1246 840 1278 ad
862 1246 1006 1287 aliquid,
1040 1246 1095 1278 IV.
1122 1263 1164 1270 -
1187 1245 1320 1278 Veritas
1346 1243 1471 1277 dicitur

221 1292 412 1325 formaliter
433 1293 475 1325 de
495 1297 572 1325 ente
592 1301 654 1334 per
673 1293 831 1325 ordinem
846 1293 888 1325 ad
900 1292 1126 1332 intellectum,
1143 1293 1194 1325 VI.
1212 1309 1252 1316 —
1270 1291 1403 1324 Veritas
1419 1291 1470 1323 di·

220 1339 308 1372 citur
333 1339 374 1372 de
396 1339 499 1371 rebus
527 1348 588 1381 per
621 1340 842 1372 essentialem
878 1340 1035 1372 ordinem
1071 1338 1312 1380 dependentiae
1347 1338 1389 1370 ad
1418 1338 1471 1370 in-

220 1386 394 1419 tellectum
427 1386 596 1425 divinum,
632 1387 717 1419 VIII.
753 1404 794 1410 -
833 1387 965 1419 Veritas
1003 1386 1128 1419 dicitur
1165 1387 1206 1419 de
1236 1386 1339 1418 rebus
1366 1385 1470 1418 etiam

219 1433 456 1473 perordinem
479 1433 524 1465 ad
550 1433 765 1466 intellectum
790 1438 964 1473 creatum3
990 1438 1026 1466 at
1051 1442 1121 1466 non
1142 1442 1203 1474 per
1230 1433 1388 1467 ordinem
1417 1441 1471 1464 es·

218 1478 398 1513 sentialem
415 1484 449 1512 et
468 1480 722 1522 dependentiae,
737 1481 796 1512 sed
809 1480 1056 1513 accidentalem
1075 1485 1110 1513 et
1130 1479 1335 1518 efficientiae,
1361 1479 1470 1511 IX.-

218 1527 265 1559 De
283 1526 427 1560 diversis
440 1526 699 1568 acceptionibus
714 1527 866 1559 veritatis
882 1537 889 1559 :
908 1535 1028 1559 verum
1045 1526 1382 1567 fundamentaliter,
1395 1525 1474 1566 foro

216 1573 369 1613 malitem
388 1572 543 1614 effective
564 1582 627 1606 seu
646 1573 756 1614 loyz‘ce
776 1574 849 1606 XII.
870 1591 911 1597 —-
937 1574 987 1607 De
1011 1574 1160 1606 veritate
1187 1573 1264 1612 Dei,
1288 1573 1329 1604 T.
1349 1573 1399 1604 17.
1430 1588 1473 1596 -·

216 1622 254 1652 In
275 1621 345 1653 Deo
368 1629 436 1653 non
454 1620 569 1653 solum
590 1625 642 1653 est
662 1620 803 1659 veritas,
826 1621 886 1653 sed
909 1620 984 1662 ipse
1002 1625 1056 1653 est
1075 1629 1212 1653 summa
1233 1624 1266 1652 et
1288 1619 1399 1660 prima
1414 1628 1471 1650 ve·

217 1667 299 1699 ritas
321 1667 364 1699 11.
384 1684 424 1691 -—
445 1667 520 1706 Quo
541 1675 647 1699 sensu
673 1666 738 1698 dici
760 1667 868 1707 possit
889 1667 1006 1699 omnia
1033 1675 1109 1700 esse
1134 1675 1214 1699 vera
1233 1675 1303 1698 una
1328 1665 1471 1698 veritate

218 1713 344 1753 divina,
368 1714 428 1746 III.
450 1730 491 1738 -·
513 1713 705 1745 Discrimen
724 1712 814 1751 inter
836 1713 1140 1756 participationem
1161 1712 1326 1746 honitatis
1345 1712 1470 1745 verita-

217 1761 261 1792 tis
282 1760 316 1791 in
334 1760 437 1793 rebus
457 1760 595 1799 creatis,
617 1760 669 1793 lv.

179 1818 407 1859 virtualiter,
429 1820 466 1851 ο.
486 1819 539 1859 20,
559 1819 595 1851 v,

177 1878 313 1911 Virtus.
340 1878 383 1913 M.
411 1878 463 1917 20,
487 1879 540 1919 IV,
568 1896 609 1902 —
635 1878 784 1912 Virtutes
813 1876 1070 1911 intellectuale·
1095 1882 1132 1911 et
1157 1876 1320 1917 morales,
1347 1875 1402 1911 VI.
1430 1894 1472 1903 -

218 1926 366 1958 Virtutes
383 1924 590 1965 cardinales,
607 1925 697 1957 VIII.

177 1984 287 2018 Visio.
310 1985 371 2017 Per
390 1984 647 2026 oppositionem
669 1984 711 2016 ad
729 1984 847 2025 iidem,
870 1985 904 2017 L.
928 1985 982 2024 58,
1001 1985 1054 2024 λΙΙ.
1081 2002 1122 2009 -
1153 1984 1244 2016 Visio
1264 1983 1389 2017 divInae
1417 1992 1470 2017 es-

219 2032 352 2071 sentias,
371 2040 432 2064 seu
453 2031 649 2071 Beatitudo,
668 2031 782 2072 qualis
804 2031 998 2073 dogmatice
1021 2030 1164 2064 definita
1187 2035 1239 2063 est
1255 2031 1297 2062 ab
1321 2030 1471 2063 Ecclesia

219 2078 401 2117 catholica,
421 2078 508 2111 nihil
536 2078 691 2112 continet
717 2078 956 2118 absurditatis,
979 2079 1024 2110 M.
1055 2079 1086 2117 6,
1108 2078 1160 2110 IV.
1184 2095 1225 2101 -
1250 2077 1371 2110 Utrum
1398 2078 1471 2110 haec

220 2125 305 2158 visio
319 2125 430 2167 possit
453 2125 526 2158 solo
546 2124 677 2158 lumine
699 2125 844 2158 naturali
860 2125 1103 2164 demonstrari,
1126 2125 1163 2157 V.
1178 2142 1219 2148 —
1238 2124 1328 2158 Visio
1344 2124 1469 2157 divinae

219 2173 379 2206 essentioe
402 2172 583 2206 constituit
600 2173 790 2205 formaliter
808 2172 1071 2213 beatitudinem,
1093 2172 1138 2205 M.
1160 2172 1191 2205 8.
1211 2172 1265 2206 VI.
1279 2189 1321 2197 -
1336 2172 1471 2205 Descri-

220 2220 292 2261 ptio
311 2219 453 2253 visionis
473 2220 652 2260 beatificae‚
673 2229 714 2252 ex
733 2220 772 2252 D.
792 2220 936 2259 Thoma,
956 2220 1045 2253 VIII.

179 2278 298 2319 Visus,
319 2288 500 2321 organum,
521 2280 557 2313 P.
582 2280 633 2320 23,
659 2280 702 2312 11.

171 2337 274 2371 Vita.
293 2338 341 2370 De
361 2338 435 2371 vica
451 2338 598 2380 ejusque
614 2338 812 2380 principio,
833 2339 868 2372 P.
890 2338 924 2372 1.
943 2357 984 2364 -
1003 2339 1076 2371 Vtta
1105 2338 1205 2371 nobis
1229 2338 1472 2371 manifestatur

223 2393 263 2417 ex
279 2389 374 2418 motu
389 2385 482 2427 quod
496 2385 629 2427 aliquId
652 2391 766 2419 movet
786 2386 955 2426 seipsum.
974 2387 1002 2420 1.
1017 2404 1055 2410 —
1066 2385 1165 2420 Notio
1183 2385 1378 2419 essentialis
1392 2385 1472 2416 vita-
