1554 2569
103 139 183 165 ART-
193 140 247 165 111.
257 139 532 165 UTRuxnomms
547 139 744 165 BEATI‘I'UDO
760 139 950 165 CONSISTAT
962 139 1000 164 IN
1009 137 1105 164 BONO
1116 136 1274 163 INFINI'I'O
1300 126 1349 159 2¹v

77 211 162 246 ione
187 211 412 246 immediata
435 219 575 247 uivinae
593 216 765 247 essentiae
787 213 827 246 ut
849 217 889 246 ln
909 221 949 246 se
967 214 1046 255 est;
1074 209 1164 255 quia
1190 207 1237 243 ad
1265 210 1344 243 sta·-

59 266 139 299 tum
159 263 494 311 supernaturalem
521 274 591 299 nos
613 263 773 300 elevavit
797 264 913 306 Deus,
935 266 972 299 et
998 261 1102 310 quod
1124 265 1262 296 natura
1278 269 1347 306 per

57 326 96 351 se
121 316 247 363 ipsam
276 326 353 352 non
381 319 521 362 potest,
551 319 677 363 potest
708 320 838 352 tamen
867 326 935 363 per
964 315 1129 363 gratiam
1159 312 1342 348 divinam.

57 370 161 404 Hanc
181 368 412 404 catholicam
437 368 651 405 doctrinam
674 368 831 406 inficiati
849 372 937 404 sunt
955 366 1149 415 prioribus
1169 364 1345 400 Ecclesiae

57 421 205 457 saeeulis
235 422 412 458 nonnulli
442 420 632 466 haeretici‚
668 426 709 458 ut
740 422 854 459 refert
888 422 924 458 S.
956 420 1160 467 Gregorius
1186 419 1345 464 Magnus

56 475 134 510 Lib.
156 475 269 510 XVIII
295 475 436 512 Moral.
468 475 557 523 Cap.
592 476 745 518 XXVIII,
766 478 803 512 et
834 474 972 511 saeculo
997 475 1059 510 XII
1089 472 1304 508 Almaricus
1325 480 1346 504 a

56 528 167 572 Bene,
202 538 316 574 quem
354 528 391 564 in
435 528 602 565 Concilio
647 528 892 564 Lateranensi
929 527 1000 563 sub
1038 525 1260 562 Innocentio
1298 523 1345 557 lli

55 582 186 615 noster
204 580 285 617 S.P.
302 581 523 616 Dominicus
534 581 681 617 refellit.
702 582 744 616 Et
762 581 939 616 eamdem
956 579 1185 615 catholicam
1208 576 1346 612 doctri-

55 643 146 667 nam
166 632 414 669 vehementer
433 634 636 680 impugnat
661 633 954 677 naturalismus‚
977 632 1042 679 qui
1068 632 1175 667 illam
1194 631 1290 665 siout
1311 631 1345 663 et

55 685 274 721 universum
312 686 490 722 ordinem
523 686 876 733 supernaturalem,
917 690 958 721 ut
993 683 1275 731 impossibilem
1310 684 1346 716 et

56 738 266 773 absurdum
287 740 512 785 proclamat.
534 741 675 775 Contra
693 743 824 775 autem
844 739 1143 775 naturalismum
1163 737 1212 772 sit
1233 746 1242 771 z

102 791 161 827 IV.
182 791 285 828 Visio
319 793 460 829 divinae
481 794 675 837 essentiae,
709 803 778 829 seu
814 792 1014 828 beatitudo
1038 789 1346 836 supernaturalis

56 845 181 888 qualis
201 845 417 890 dogmatice
433 846 592 881 definita
609 849 669 882 est
686 856 708 882 a
729 846 922 881 catholica
939 845 1122 887 Ecclesia,
1144 843 1243 879 nihil
1260 851 1347 878 con-

54 897 157 933 tinet
176 897 445 934 absurditatis.
479 898 626 933 Etenim
660 909 748 934 cum
767 898 839 934 hac
868 898 903 933 in
928 908 967 933 re
990 897 1065 933 duo
1097 896 1184 939 sint,
1209 904 1346 940 nempe

54 951 155 985 Deus
166 951 270 986 visus
287 955 324 986 et
345 951 557 986 intellectus
568 951 713 996 videns,
728 950 1022 997 impossibilitas
1040 961 1105 985 seu
1128 947 1347 985 absurditas

55 1002 211 1038 visionis
233 1003 376 1039 facialis
396 1014 464 1040 seu
491 1004 738 1040 beatitudinis
759 1004 1062 1050 supernaturalis
1086 1013 1163 1038 non
1193 1001 1267 1037 alio
1301 1010 1347 1035 ex

54 1057 177 1103 capite
197 1055 431 1102 deprehendi
452 1061 583 1104 posset
603 1068 720 1103 quam
741 1057 799 1093 vel
819 1068 864 1093 ex
889 1058 963 1092 Deo
979 1057 1075 1103 ipso,
1098 1055 1155 1090 vel
1173 1066 1218 1090 ex
1239 1053 1347 1089 intel·

55 1108 155 1144 lectu
173 1108 361 1145 humano.
388 1110 504 1157 Atqui
527 1110 633 1146 nulla
655 1110 913 1156 repugnantia
937 1120 982 1145 ex
1014 1111 1120 1156 parte
1137 1108 1218 1151 Dei,
1242 1107 1348 1142 nulla

54 1162 311 1208 repugnantia
330 1173 376 1198 ex
395 1167 502 1208 parte
521 1163 682 1199 humani
703 1163 932 1199 intellectus.
948 1164 1046 1209 Ergo
1065 1161 1264 1198 beatitudo
1286 1170 1347 1195 su-

55 1214 315 1260 pernaturalis
335 1226 412 1250 non
431 1219 634 1262 repugnat.
655 1237 700 1242 —
720 1216 909 1252 Probatur
925 1215 1064 1251 minor.

100 1268 184 1304 Non
202 1278 248 1303 ex
269 1272 381 1314 parte
399 1267 485 1304 Dei.
516 1268 627 1304 Ratio
649 1268 751 1304 enim
769 1278 837 1304 cur
856 1278 916 1303 res
937 1268 1067 1314 aliqua
1089 1278 1133 1302 ex
1161 1270 1270 1314 parte
1291 1266 1349 1301 sui

56 1320 192 1368 attingi
207 1320 424 1367 cognitione
435 1324 614 1367 nequeat.
630 1325 689 1358 est
708 1319 950 1358 solummodo
973 1318 1348 1367 ejusinintelligibili·

55 1374 115 1408 tas
136 1383 145 1409 ε
169 1373 200 1409 si
220 1373 323 1409 enim
343 1373 597 1421 intelligibilis
617 1378 687 1419 est,
709 1378 899 1421 quantum
918 1378 974 1410 est
995 1385 1040 1410 ex
1058 1384 1111 1418 se,
1133 1375 1259 1419 potest
1274 1375 1349 1407 ter-

55 1426 203 1462 minare
235 1426 492 1474 cognitionem
526 1427 754 1463 intellectus.
778 1427 843 1463 Dei
865 1431 995 1463 autem
1019 1427 1184 1462 essentia
1204 1424 1348 1460 nedum

55 1483 111 1514 est
130 1479 395 1527 intelligibilis,
427 1479 494 1516 sed
521 1480 642 1516 immo
670 1480 787 1516 estin
819 1481 991 1516 maximo
1023 1477 1348 1527 intelligibilitatis

55 1531 191 1578 gradu,
225 1536 263 1568 et
299 1532 531 1579 principium
559 1532 887 1580 intelligibilitatis
923 1533 1098 1568 omnium
1128 1541 1272 1573 rerum,
1307 1532 1347 1564 ut

54 1584 129 1620 late
152 1584 501 1622 demonstravimus
521 1585 558 1621 in
593 1585 788 1633 theologia
817 1585 985 1621 natur-ali
1013 1585 1162 1631 agendo
1185 1584 1230 1619 de
1253 1583 1345 1618 veri-

55 1640 132 1672 tate
152 1642 299 1674 naturae
318 1638 452 1674 divina:
475 1639 548 1684 (17,
570 1639 601 1674 Il
622 1641 659 1674 et
678 1639 756 1684 ΠΙ),
782 1642 820 1674 et
841 1638 879 1674 in
901 1637 1105 1685 Ontologia
1126 1636 1349 1673 disserendo

56 1689 101 1726 de
122 1700 251 1726 rerum
272 1691 445 1727 essentiis
471 1691 508 1727 in
538 1691 671 1727 ordine
699 1691 748 1727 ad
778 1691 899 1727 Deum
928 1692 999 1736 (11,
1027 1692 1072 1726 lx
1101 1694 1138 1726 et
1155 1689 1215 1736 X).
1247 1689 1345 1735 Ergo

54 1743 147 1779 visio
169 1743 307 1781 divinae
325 1744 501 1781 essentiae
522 1756 597 1781 non
618 1749 810 1792 repugnat
829 1755 876 1780 ex
894 1749 1002 1792 parte
1024 1744 1103 1780 Dei.

101 1797 188 1833 Non
205 1808 250 1833 ea:
262 1802 377 1845 parte
396 1798 573 1834 humanoe
592 1799 738 1834 mentis.
761 1800 1031 1846 Repugnantia
1055 1797 1158 1833 enim
1181 1795 1264 1832 haec
1284 1798 1350 1831 aut

56 1853 155 1885 essct
176 1860 222 1886 ex
241 1855 380 1886 natura
411 1851 529 1897 ipsius
551 1850 690 1886 mentis
717 1861 804 1897 quae
839 1851 949 1886 finita
969 1855 1039 1895 est,
1071 1860 1158 1885 cum
1185 1848 1350 1884 essentia

57 1901 186 1938 divina
205 1902 252 1938 sit
272 1903 445 1948 infinita;
468 1906 533 1939 aut
549 1906 649 1938 esset
668 1913 715 1938 ex
736 1906 845 1950 parte
861 1903 981 1950 ipsius
1002 1902 1176 1938 essentias
1197 1900 1347 1943 divinae,

55 1960 246 2003 quatenus
267 1967 406 2003 nempe
431 1956 515 2002 ipsa
544 1966 620 1992 non
640 1956 859 1992 continetur
884 1956 986 1991 intra
1011 1954 1258 1990 latitudinem
1286 1953 1350 1988 ob-

53 2009 142 2055 jecti
161 2009 307 2056 proprii
328 2012 366 2045 et
383 2008 577 2057 adaequati
593 2008 714 2055 ipsius
735 2008 876 2045 mentis
904 2008 1100 2044 humanm.
1128 2007 1246 2054 Atqui
1273 2017 1351 2041 non

56 2071 101 2097 ex
121 2061 247 2107 primo
268 2062 393 2108 capite
412 2072 420 2097 :
440 2072 531 2097 nam
546 2065 736 2109 repugnat
747 2061 904 2107 quidem
925 2060 1027 2108 quod
1047 2059 1221 2107 potentia
1242 2058 1351 2094 finita

57 2113 225 2160 attingat
238 2114 356 2150 modo
372 2114 525 2150 infinito
543 2124 609 2150 seu
626 2113 945 2161 comprehensivo
962 2112 1191 2160 Infinitum;
1208 2115 1245 2147 at
1258 2111 1351 2147 nihil

56 2165 233 2212 prohibet
252 2168 460 2214 quominus
488 2167 685 2203 Infinitum
711 2166 819 2203 finito
841 2166 958 2202 modo
982 2168 1210 2212 assequatur
1229 2175 1237 2200 :
1259 2174 1351 2200 nam

56 2223 93 2254 et
122 2219 161 2254 in
191 2220 370 2266 praesenti
403 2230 533 2256 rerum
563 2220 781 2256 conditione
820 2218 867 2255 de
900 2220 1052 2255 Infinita,
1092 2218 1290 2265 loquimur
1316 2221 1352 2252 et

55 2271 158 2307 circa
183 2275 364 2308 naturam
391 2272 563 2309 divinam
595 2273 887 2309 ratiocinamur.
917 2274 994 2309 Nos
1021 2275 1151 2307 autem
1185 2271 1352 2305 affirma-

57 2334 145 2360 mus
162 2326 370 2361 essentiam
392 2325 562 2362 divinam
573 2326 695 2363 videri
715 2336 825 2373 posse
839 2324 1064 2364 immediate
1083 2324 1199 2360 modo
1220 2326 1352 2358 tamen

58 2377 188 2424 finito,
221 2380 262 2414 ut
291 2378 412 2427 ipsius
442 2378 656 2416 intellectus
684 2379 803 2416 creati
835 2382 976 2416 natura
1002 2377 1169 2414 limitata
1197 2376 1282 2413 sert.
1308 2394 1351 2402 *-
