1584 2569
197 84 258 117 ³⁴0
792 102 889 126 mnu

593 185 762 227 CAPUT
800 187 1083 230 SECUNDUM

488 277 540 307 na
567 278 731 309 oremus
760 281 918 311 nonnius
953 282 1056 312 ERGA
1090 283 1196 313 naun

198 365 364 406 Prologus
387 388 1382 405 ...................

197 424 275 456 Anr.
298 425 324 455 I.
345 425 394 457 De
412 425 585 467 reliyiorze
599 427 635 458 in
649 436 697 459 se.
711 444 753 453 —
772 428 799 461 1.
821 429 1010 470 Religionis
1027 435 1133 463 notio.
1151 447 1191 454 —
1211 431 1252 462 II.
1274 431 1383 463 Homo

281 471 512 504 essentialiter
525 473 753 513 obstringitur
773 475 938 517 religione
955 484 1035 517 erga
1055 478 1177 509 Deum.
1192 494 1232 501 —
1249 477 1306 509 111.
1326 477 1384 509 Co-

281 518 471 551 rollarium.
487 520 596 552 -1v.
621 521 742 554 Officia
762 522 940 564 religionis
963 525 1138 565 praecipua
1154 529 1234 556 sunt
1257 530 1290 556 et
1307 525 1383 556 sun-

282 566 485 598 damentum
527 568 683 601 omnium
724 569 932 603 officiorum.
960 588 1000 596 —
1033 571 1071 603 V.
1113 572 1310 604 Corollaria.
1343 589 1384 597 —-

281 613 333 644 VI.
359 613 578 647 Puffendorfii
600 625 745 650 errores.
765 634 806 641 —
828 617 901 650 VII.
924 618 1111 651 Solvuntur
1139 619 1373 652 difficultates.

199 673 277 704 ΛΒΤ.
302 672 341 704 u.
360 672 409 704 De
421 674 592 715 reliyz'one
611 674 840 709 interiori.—
857 676 884 710 1.
900 678 1201 710 Praenotamen.-
1218 678 1259 710 11.
1275 679 1385 710 Homo

281 719 459 761 religionis
475 721 587 755 officio
601 726 750 763 tenetur,
770 729 942 765 quantum
959 724 994 757 in
1014 734 1050 758 se
1070 729 1135 764 est,
1151 730 1242 758 recte
1257 725 1298 757 de
1316 727 1385 759 Deo

281 770 420 799 sentire.
440 784 480 792 -—
503 769 562 801 111.
582 769 624 802 Ut
648 775 765 803 autem
785 771 890 803 homo
910 776 1001 804 recte
1021 776 1054 805 et
1076 780 1154 804 curn
1176 772 1292 804 debita
1314 782 1385 805 cer-

279 813 431 846 titudine
460 814 501 847 de
531 815 602 848 Deo
634 817 772 855 sentiat,
795 817 1002 858 necessaria,
1023 818 1231 851 necessitate
1252 820 1385 859 morali,

281 867 333 892 est
353 861 470 894 divina
501 863 676 896 revelatio.
697 881 736 888 —
765 865 819 896 1v.
850 865 1048 898 Corollaria.
1073 883 1112 889 —
1132 867 1168 897 V.
1188 867 1233 898 De
1257 867 1385 899 revela-

281 908 376 940 tione
398 911 666 950 supernaturali.
686 929 726 935 —
742 912 799 944 VI.
822 913 869 944 De
892 912 1103 946 revelatione
1124 913 1384 946 rationalistica.

281 972 320 979 -
347 955 419 987 V11.
445 958 550 989 Amor
579 957 637 990 Dei
669 958 800 990 homini
828 959 1004 1000 possibilis
1033 965 1098 992 est.
1130 977 1169 983 —
1197 961 1286 992 VIII.
1314 961 1386 993 Imo

283 1003 387 1035 homo
417 1003 639 1037 strictissimo
671 1006 849 1047 religionis
877 1006 992 1039 officio
1024 1011 1161 1039 tenetur
1183 1008 1293 1039 Deum
1312 1008 1387 1039 dili-

281 1059 359 1090 gere
380 1059 485 1091 super
506 1052 636 1084 omnia.
656 1069 695 1076 —
713 1054 770 1086 IX.
795 1053 1020 1086 Corollarium
1045 1077 1382 1086 .......

199 1109 277 1140 Anr.
303 1109 362 1141 III.
387 1110 436 1142 De
464 1110 637 1152 reliqione
666 1112 848 1145 exteriori.
885 1129 924 1136 -
947 1114 973 1144 1.
1004 1113 1122 1145 Cultus
1148 1113 1319 1145 internus.
1348 1130 1387 1137 —

283 1156 323 1187 11.
347 1157 467 1189 Cultus
487 1163 662 1191 externus.
683 1176 723 1183 —
743 1160 801 1191 111.
817 1160 980 1198 Quaestio.
1003 1176 1042 1184 —
1062 1160 1118 1191 IV.
1144 1161 1253 1192 Homo
1273 1160 1386 1193 officio

283 1206 414 1235 naturae
435 1208 570 1236 tenetur
591 1205 762 1238 honorare
789 1206 897 1238 Deum
928 1207 1022 1238 cultu
1044 1206 1149 1238 etiam
1176 1212 1329 1239 externo.
1349 1223 1388 1230 —

281 1249 324 1282 V,
351 1249 538 1283 Solvuntur
566 1251 788 1285 difficultates
833 1273 1388 1287 ...........

628 1346 798 1389 CAPUT
834 1348 1065 1389 TERTIUM

330 1438 382 1470 na
410 1439 574 1469 oremus
600 1441 649 1469 m·
676 1441 837 1470 sumnus
869 1441 1027 1470 HOMINIS
1061 1442 1164 1470 ERGA
1194 1442 1354 1471 smrstm

201 1528 365 1568 Prologus
387 1551 1380 1564 ...................

201 1588 281 1619 Anr.
302 1588 330 1619 Ι.
358 1587 407 1620 De
427 1587 557 1628 officiis
574 1590 606 1620 et
622 1587 770 1629 juribus
787 1588 939 1621 hominis
956 1588 1073 1630 quoad
1089 1589 1385 1621 conservationem

280 1634 437 1676 proprioe
456 1635 553 1667 vitoe.
571 1653 612 1658 —
628 1635 658 1668 Ι.
677 1635 829 1673 Quaestio
844 1636 970 1676 prima.
987 1653 1026 1659 —
1043 1636 1086 1667 [Ι.
1106 1636 1331 1668 Praenotanda
1343 1636 1386 1667 ad

283 1681 490 1714 solutionem
509 1681 725 1722 quaestionis.
742 1700 782 1706 —
802 1683 860 1715 111.
879 1682 1069 1716 Suicidium
1091 1687 1143 1714 est
1165 1682 1306 1714 omnino
1322 1682 1385 1714 illi·

282 1729 387 1761 citum
418 1730 496 1770 jure
531 1734 679 1762 naturae·
703 1747 742 1754 —
773 1731 827 1763 IV.
863 1730 1048 1762 Solvuntur
1084 1729 1319 1762 difficultates.
1346 1746 1385 1754 —

282 1776 324 1808 V.
356 1776 510 1815 Quaestio
540 1777 663 1810 altera.
698 1794 738 1802 -
779 1778 835 1810 VI.
875 1777 1102 1811 Praenotanda
1135 1776 1310 1817 quaedam.
1346 1793 1386 1800 -—-

282 1823 357 1857 VII.
385 1823 531 1857 Licitum
557 1829 609 1857 est
640 1824 824 1858 defendere
853 1824 1028 1866 propriam
1055 1825 1160 1856 vitam
1183 1824 1287 1855 etiam
1306 1832 1386 1856 cum

282 1870 453 1904 occisione
480 1871 599 1912 injusti
632 1871 817 1912 invasoris,
835 1877 969 1905 servato
998 1877 1114 1905 tamen
1149 1871 1386 1903 moderamine

282 1918 466 1959 inculpatae
490 1918 607 1952 tutelae
633 1940 1380 1954 .............

202 1979 281 2012 Anr.
311 1978 356 2010 11.
384 1978 432 2010 De
447 1976 579 2019 officiis
601 1981 633 2011 σε
643 1977 793 2020 ⁸iuribus
819 1977 971 2011 hominis
997 1977 1114 2019 quoad
1130 1977 1386 2018 perfectionem

282 2024 426 2057 animoe.
445 2041 486 2049 —·
500 2026 530 2058 1.
550 2024 709 2057 Hominis
729 2025 903 2067 praecipua
926 2024 1109 2066 perfectio.
1132 2040 1172 2048 —
1195 2024 1241 2056 11.
1267 2023 1387 2056 Officia

283 2071 435 2104 hominis
463 2071 580 2113 quoad
606 2071 803 2105 intellectus
833 2072 1094 2113 perfectionem.
1121 2088 1161 2095 -—
1182 2071 1243 2103 111.
1268 2070 1387 2103 Officia

281 2118 434 2152 hominis
457 2117 574 2159 quoad
605 2118 851 2161 perfectionem
882 2118 1088 2152 voluntatis.
1113 2117 1233 2151 -1v.
1267 2117 1386 2150 Corol-

281 2164 369 2198 laria
385 2186 1382 2202 .................

201 2225 279 2258 Ακτ.
294 2224 353 2257 111.
373 2224 423 2258 De
435 2222 565 2267 officiis
580 2227 613 2257 et
621 2225 771 2266 juribus
784 2225 937 2259 hominis
950 2223 1066 2268 quoad
1081 2224 1240 2265 eor-poris
1251 2223 1387 2265 perseo-

284 2271 427 2304 tionem.
454 2288 495 2296 —
523 2272 553 2306 1.
584 2271 704 2305 Officia
734 2272 892 2314 negativa
932 2270 1083 2304 hominis
1117 2271 1229 2313 quoad
1262 2279 1387 2311 corpus

285 2326 403 2352 suum.
426 2317 521 2350 —V.
540 2317 662 2351 Officia
677 2319 822 2360 positiva
841 2318 956 2360 quoad
975 2327 1115 2360 corpus.
1135 2333 1176 2343 —
1194 2316 1249 2350 VI.
1267 2317 1386 2350 Officia

283 2364 438 2399 hominis
463 2366 579 2405 quoad
602 2366 799 2406 corporales
822 2366 975 2400 actiones
1002 2386 1380 2401 .......

1424 371 1485 403 136

1439 619 1484 653 ib.

1427 1056 1485 1088 141

1428 1530 1484 1562 151

1429 1919 1488 1951 152

1428 2165 1490 2201 ¹59

1429 2364 1488 2399 160
