1584 2569
226 164 290 196 176
358 173 414 196 ms
437 172 597 197 nunna.
621 171 690 196 Lm.
711 171 724 196 1
744 171 825 197 cn.
846 170 895 196 iv.
917 170 960 196 nn
979 170 1056 198 οη.
1079 171 1153 197 nou
1173 171 1267 198 ERGA
1287 173 1390 199 Amos

222 247 314 286 Quae
333 243 596 280 omniaossscia
616 244 792 279 nituntur
811 243 1000 290 principio
1022 244 1185 290 positivo
1208 255 1217 280 :
1234 245 1334 292 quod
1351 245 1425 281 tibi
1442 245 1501 282 vis

221 297 320 345 sieri,
340 297 456 333 alteri
466 296 617 342 facias;
634 295 760 332 officia
779 300 910 332 autem
936 296 1103 343 perfecta
1119 297 1296 333 nituntur
1312 299 1504 346 praecipue

223 351 409 398 principio
430 350 605 397 negativo
627 360 636 384 z
660 349 765 394 Quod
783 348 856 384 tibi
873 359 950 385 non
979 349 1037 386 vis
1056 350 1156 397 fieri,
1173 350 1289 387 alteri
1306 362 1352 387 ne
1375 352 1505 397 facias

223 406 294 449 (29,
307 404 381 448 IV).
399 403 532 439 Officia
545 406 674 439 autem
686 402 909 449 imperfecta
919 407 1081 450 possunt
1093 404 1359 441 transformari
1372 404 1410 440 in
1423 415 1506 452 per-

179 474 184 480 ·
222 459 331 501 fecta,
354 461 495 492 utcum
507 455 645 502 aliquis
662 455 701 490 in
728 458 900 491 extrema
916 457 1141 492 necessitate
1159 457 1318 503 positus,
1335 457 1416 494 sine
1430 457 1504 493 dis·

182 520 187 528 ¹
221 511 380 546 crimine
398 513 541 544 nostrae
561 508 661 552 vitae,
684 508 804 554 possit
821 518 844 543 a
863 507 975 543 nobis
994 509 1201 546 subveniri.

182 591 187 607 2
267 564 314 600 11.
333 562 511 608 Quaestio.
530 561 626 602 Quia
641 570 730 596 vero
752 560 878 607 prima
888 560 1056 597 hominis
1070 561 1252 608 perfectio
1269 566 1324 597 est
1339 573 1385 598 ex
1396 567 1505 609 parte

177 633 182 638 ·
221 616 449 659 intellectus,
476 614 585 660 cujus
608 613 801 659 objectum
825 613 1076 660 perfectivum
1105 619 1162 650 est
1183 625 1322 659 verum,
1342 615 1504 661 quaestio

221 673 396 706 movetur
415 679 437 704 a
453 667 660 703 moralistis
681 671 764 701 tum
785 665 1026 713 philosophis
1047 671 1130 703 tum
1147 667 1351 715 theologis,
1373 671 1504 703 utrum

221 723 338 758 homo
363 721 488 756 officio
512 724 662 755 nuturae
679 722 857 754 teneatur
885 719 1106 766 proximum
1129 730 1242 755 suum
1267 721 1305 755 in
1335 730 1506 756 errorem

221 774 434 811 voluntarie
454 783 531 808 non
561 771 762 816 inducere3
793 771 896 817 quod
918 770 1019 807 idem
1040 776 1096 807 est
1120 783 1163 807 ac
1184 782 1355 818 quaerere
1374 776 1505 808 utrum

222 828 376 864 mentiri
403 825 522 873 possit
541 834 621 860 esse
641 824 803 868 licitum,
828 823 887 860 vel
903 824 951 859 sit
968 834 1119 871 semper
1136 825 1339 861 intrinsece
1359 825 1505 860 malum

221 880 379 916 morale.

266 933 331 969 111.
348 931 539 968 Mendacii
554 931 673 966 notio.
696 929 863 974 Grotius,
883 929 939 965 De
949 929 1042 976 jure
1060 929 1149 965 belli
1161 934 1195 965 et
1209 941 1320 976 pacis
1340 930 1420 966 Lib.
1437 929 1501 974 111,

223 987 313 1033 Cap.
336 985 364 1020 1.
385 983 477 1030 §.XL
503 982 637 1018 definit
661 981 920 1027 mendacium,
943 992 1148 1018 sermonem
1168 987 1234 1018 aut
1252 987 1380 1018 notam
1399 994 1505 1029 repu-

223 1042 397 1086 qnantem
413 1047 496 1073 cum
510 1037 602 1082 Jure
621 1035 798 1070 existente
817 1045 862 1071 ac
883 1040 1054 1070 manente
1074 1034 1171 1082 ejus,
1189 1035 1241 1071 ad
1257 1046 1363 1082 quem
1386 1046 1505 1072 sermo

221 1096 289 1128 aut
308 1095 400 1126 nota
419 1089 622 1135 dirigitur.
647 1087 739 1129 Quae
765 1086 938 1122 definitio
965 1098 1102 1123 manca
1125 1092 1161 1122 et
1183 1088 1408 1134 imperfecta
1429 1093 1506 1124 est·

220 1144 311 1191 quia
327 1141 572 1178 mendacium
593 1150 670 1175 non
691 1139 872 1174 definitur
888 1150 956 1186 per
978 1140 1226 1175 intrinsecam
1248 1139 1505 1176 deordinatio-

219 1208 322 1242 nem,
336 1195 401 1232 sed
414 1195 542 1242 potius
553 1204 621 1240 per
631 1192 776 1238 aliquid
789 1193 1058 1236 extrinsecum,
1075 1204 1140 1228 seu
1152 1204 1220 1240 per
1228 1192 1406 1229 effectum
1418 1204 1505 1240 pro-

219 1250 380 1286 ductum
395 1249 433 1283 in
461 1247 595 1283 altero,
619 1245 725 1281 Unde
746 1245 800 1280 nil
820 1245 963 1280 mirum
985 1246 1015 1280 si
1039 1245 1193 1281 Grotius
1218 1256 1295 1281 non
1325 1246 1503 1282 absolute

220 1302 464 1339 mendacium
492 1299 743 1343 damnaverit,
772 1303 814 1333 ut
837 1308 927 1333 mox
951 1297 1090 1335 dicam.
1113 1298 1246 1334 Verius
1276 1298 1312 1334 S.
1338 1298 1505 1335 Thomas

220 1356 318 1397 11-11,
340 1355 408 1396 Qu.
432 1353 502 1397 CX,
524 1352 638 1387 Artic.
661 1351 675 1387 1
703 1362 710 1386 :
737 1365 752 1383 ‹
775 1351 884 1386 Ratio
905 1351 1095 1387 mendacii
1118 1351 1285 1387 sumitur
1303 1362 1326 1387 a
1351 1351 1503 1388 formali

219 1409 397 1452 falsitate,
411 1417 456 1442 ex
471 1406 557 1448 hoc,
571 1404 714 1440 scilicet
725 1403 828 1451 quod
846 1403 983 1451 aliquis
995 1403 1104 1440 habet
1119 1405 1345 1440 voluntatem
1360 1405 1503 1451 fulsum

220 1459 460 1498 enuntiandi.
480 1458 586 1494 Unde
606 1462 643 1494 et
665 1457 904 1493 mendacium
922 1457 1146 1493 nominatur
1169 1468 1214 1494 ex
1233 1469 1272 1494 eo
1299 1458 1399 1505 quod
1420 1469 1506 1495 con-

220 1521 279 1551 tra
298 1518 453 1550 mentem
472 1511 630 1547 dicitur.
659 1510 704 1545 Et
724 1509 808 1545 ideo
827 1510 858 1545 si
881 1510 966 1556 quis
987 1510 1126 1546 salsum
1147 1511 1332 1555 enuntiet,
1352 1511 1504 1547 eredens

218 1568 256 1603 id
271 1578 351 1603 esse
368 1575 513 1608 verum,
536 1567 592 1599 est
614 1562 770 1609 quidem
797 1562 936 1598 falsum
963 1563 1214 1599 materialiter
1235 1565 1376 1610 (nempe
1398 1575 1504 1600 error

216 1621 296 1666 est),
318 1618 382 1655 sed
401 1628 479 1653 non
494 1616 707 1652 formaliter
728 1626 736 1651 ε
760 1615 1004 1662 quiafalsitas
1025 1620 1081 1650 est
1094 1620 1234 1662 praeter
1247 1616 1503 1652 intentionem

217 1673 378 1709 dicentis
409 1681 417 1706 :
453 1669 553 1705 unde
588 1679 666 1704 non
698 1668 814 1704 hahet
843 1667 1050 1716 perfectam
1077 1669 1267 1704 rationem
1297 1669 1501 1705 mendacii.

218 1726 259 1761 ld
279 1726 382 1761 enim
403 1722 506 1770 quod
527 1726 667 1769 praeter
686 1721 941 1757 intentionem
965 1720 1126 1757 dicentis
1147 1725 1217 1764 est,
1238 1732 1305 1768 per
1327 1722 1502 1758 accidens

219 1784 273 1814 est
294 1778 350 1824 (in
364 1775 574 1820 mendacio)
594 1785 602 1810 ε
625 1773 726 1810 unde
746 1785 823 1809 non
843 1778 969 1820 potest
986 1784 1066 1809 esse
1083 1774 1259 1821 specifica
1273 1774 1500 1810 differentia.

218 1832 255 1867 Si
269 1842 356 1867 vero
375 1829 512 1876 aliquis
527 1827 739 1864 formaliter
752 1826 891 1862 falsum
904 1826 1018 1871 dicat,
1030 1826 1172 1863 habens
1188 1827 1415 1863 voluntatem
1426 1828 1501 1874 fal-

216 1895 296 1920 sum
307 1883 474 1927 dicendi,
487 1881 632 1917 licetsit
643 1890 774 1916 verum
787 1879 825 1915 id
841 1879 943 1926 quod
959 1879 1112 1924 dicitur,
1129 1880 1359 1926 inquantum
1372 1885 1500 1916 tamen

217 1935 440 1984 hujusmodi
460 1939 567 1971 actus
581 1938 637 1969 est
647 1932 888 1968 voluntarius
905 1937 941 1968 et
963 1933 1133 1977 moralis,
1153 1931 1262 1968 habet
1268 1943 1340 1979 per
1349 1943 1388 1967 se
1395 1931 1503 1977 falsi·

216 1995 339 2033 tatem,
362 1994 400 2024 et
420 1999 487 2035 per
506 1986 681 2023 accidens
697 1986 916 2030 veritatem;
936 1985 1038 2021 unde
1057 1985 1106 2020 ad
1127 1985 1292 2032 speciem
1310 1985 1499 2021 mendacii

216 2043 410 2090 pertingit.
430 2040 538 2082 Quod
556 2044 686 2075 autem
704 2039 842 2084 aliquis
856 2038 1027 2074 intendat
1042 2038 1253 2083 falsitatem
1267 2038 1307 2073 in
1322 2039 1502 2084 opinione

215 2096 374 2131 alterius
392 2095 628 2137 constituere,
649 2091 814 2127 fallendo
839 2092 964 2137 ipsum
985 2092 1070 2137 (quo
1087 2101 1196 2126 sensu
1218 2090 1371 2126 Grotius
1391 2092 1501 2126 unice

215 2148 451 2184 mendacium
472 2145 741 2186 consideravit)
761 2155 837 2180 non
860 2145 1024 2191 pertinet
1044 2143 1091 2178 ad
1110 2144 1274 2190 speciem
1292 2143 1497 2188 mendacii,

215 2200 279 2236 sed
301 2199 349 2236 ad
371 2198 580 2245 quamdam
603 2198 875 2244 perfectionem
896 2197 1028 2243 ipsius.
1050 2210 1065 2228 ι

259 2253 320 2290 IV.
338 2252 553 2289 Sententiae
564 2251 808 2287 absolventes
820 2250 1061 2286 mendacium
1075 2249 1123 2285 ah
1137 2250 1432 2285 immoralitate.
1447 2248 1499 2284 De

215 2306 403 2342 haereticis
422 2303 720 2340 Priscillianistis
745 2303 876 2339 scribit
905 2302 942 2338 S.
963 2302 1199 2349 Augustinus
1220 2302 1258 2337 in
1285 2302 1384 2337 libro
1406 2301 1498 2338 Con-

215 2364 273 2394 tra
294 2357 529 2394 mendacium
549 2355 596 2392 ad
618 2355 871 2400 Consentium,
900 2355 989 2402 Cap.
1015 2354 1062 2399 11,
1088 2365 1125 2389 n.
1148 2357 1181 2399 2,
1204 2354 1307 2402 quod
1329 2368 1345 2387 ‹
1365 2354 1499 2390 ceteris

215 2411 405 2446 haereticis
420 2405 697 2446 convincuntur
713 2419 793 2445 esse
813 2410 973 2456 pejores.
994 2408 1069 2455 Ipsi
1091 2408 1194 2443 enim
1213 2407 1302 2452 soli,
1322 2406 1380 2443 vel
1396 2410 1498 2443 certe
