<?xml version="1.0" encoding="UTF-8"?>
<!DOCTYPE html PUBLIC "-//W3C//DTD XHTML 1.0 Transitional//EN"
    "http://www.w3.org/TR/xhtml1/DTD/xhtml1-transitional.dtd">
<html xmlns="http://www.w3.org/1999/xhtml" xml:lang="en" lang="en">
 <head>
  <title>
</title>
<meta http-equiv="Content-Type" content="text/html;charset=utf-8" />
  <meta name='ocr-system' content='tesseract 3.04.00' />
  <meta name='ocr-capabilities' content='ocr_page ocr_carea ocr_par ocr_line ocrx_word'/>
</head>
<body>
  <div class='ocr_page' id='page_1' title='image "./summaphilosophic03zigluoft_0325.png"; bbox 0 0 1584 2569; ppageno 0'>
   <div class='ocr_carea' id='block_1_1' title="bbox 240 108 1392 145">
    <p class='ocr_par' dir='ltr' id='par_1_1' title="bbox 240 108 1392 145">
     <span class='ocr_line' id='line_1_1' title="bbox 240 108 1392 145; baseline -0.001 -3"><span class='ocrx_word' id='word_1_1' title='bbox 240 117 323 142; x_wconf 66' lang='grc' dir='ltr'>ΛΒΤ.</span> <span class='ocrx_word' id='word_1_2' title='bbox 344 118 381 142; x_wconf 84' lang='lat' dir='ltr'>V·</span> <span class='ocrx_word' id='word_1_3' title='bbox 403 118 448 144; x_wconf 66' lang='lat' dir='ltr'>DE</span> <span class='ocrx_word' id='word_1_4' title='bbox 466 117 779 145; x_wconf 73' lang='lat' dir='ltr'>SUBORmNA&#39;noNE</span> <span class='ocrx_word' id='word_1_5' title='bbox 799 118 930 143; x_wconf 78' lang='lat' dir='ltr'>STATUS</span> <span class='ocrx_word' id='word_1_6' title='bbox 949 118 996 143; x_wconf 78' lang='lat' dir='ltr'>An</span> <span class='ocrx_word' id='word_1_7' title='bbox 1021 118 1212 144; x_wconf 65' lang='lat' dir='ltr'><strong>ECCLESIAM</strong></span> <span class='ocrx_word' id='word_1_8' title='bbox 1326 108 1392 143; x_wconf 70' lang='lat'>3¹5</span> 
     </span>
    </p>
   </div>
   <div class='ocr_carea' id='block_1_2' title="bbox 54 188 1395 2406">
    <p class='ocr_par' dir='ltr' id='par_1_2' title="bbox 95 188 1394 1132">
     <span class='ocr_line' id='line_1_2' title="bbox 98 188 1390 238; baseline 0.002 -14"><span class='ocrx_word' id='word_1_9' title='bbox 98 188 329 226; x_wconf 84' lang='lat' dir='ltr'><strong>submittere</strong></span> <span class='ocrx_word' id='word_1_10' title='bbox 355 190 522 237; x_wconf 82' lang='lat' dir='ltr'>corpori,</span> <span class='ocrx_word' id='word_1_11' title='bbox 544 194 588 226; x_wconf 85' lang='lat' dir='ltr'>ut</span> <span class='ocrx_word' id='word_1_12' title='bbox 616 191 769 238; x_wconf 88' lang='lat' dir='ltr'>corpori</span> <span class='ocrx_word' id='word_1_13' title='bbox 789 190 928 226; x_wconf 88' lang='lat' dir='ltr'>serviat</span> <span class='ocrx_word' id='word_1_14' title='bbox 948 200 1036 226; x_wconf 90' lang='lat' dir='ltr'>cum</span> <span class='ocrx_word' id='word_1_15' title='bbox 1058 190 1291 227; x_wconf 88' lang='lat' dir='ltr'>detrimento</span> <span class='ocrx_word' id='word_1_16' title='bbox 1312 200 1390 227; x_wconf 66' lang='lat' dir='ltr'>sure</span> 
     </span>
     <span class='ocr_line' id='line_1_3' title="bbox 99 241 1391 291; baseline 0 -15"><span class='ocrx_word' id='word_1_17' title='bbox 99 241 312 288; x_wconf 83' lang='lat' dir='ltr'>dignitatis,</span> <span class='ocrx_word' id='word_1_18' title='bbox 332 247 369 280; x_wconf 91' lang='lat' dir='ltr'>et</span> <span class='ocrx_word' id='word_1_19' title='bbox 392 244 450 279; x_wconf 92' lang='lat' dir='ltr'>sui</span> <span class='ocrx_word' id='word_1_20' title='bbox 471 243 772 280; x_wconf 83' lang='lat' dir='ltr'>intellectualem</span> <span class='ocrx_word' id='word_1_21' title='bbox 788 242 1064 291; x_wconf 80' lang='lat' dir='ltr'>perfectionem</span> <span class='ocrx_word' id='word_1_22' title='bbox 1083 244 1328 290; x_wconf 80' lang='lat' dir='ltr'>posthabeat,</span> <span class='ocrx_word' id='word_1_23' title='bbox 1351 247 1391 278; x_wconf 78' lang='lat' dir='ltr'>ut</span> 
     </span>
     <span class='ocr_line' id='line_1_4' title="bbox 97 294 1392 344; baseline 0.002 -15"><span class='ocrx_word' id='word_1_24' title='bbox 97 294 299 332; x_wconf 89' lang='lat' dir='ltr'>brutorum</span> <span class='ocrx_word' id='word_1_25' title='bbox 320 306 428 332; x_wconf 87' lang='lat' dir='ltr'>more</span> <span class='ocrx_word' id='word_1_26' title='bbox 451 296 568 332; x_wconf 79' lang='lat' dir='ltr'>vitam</span> <span class='ocrx_word' id='word_1_27' title='bbox 589 297 628 332; x_wconf 92' lang='lat' dir='ltr'>in</span> <span class='ocrx_word' id='word_1_28' title='bbox 647 306 808 343; x_wconf 91' lang='lat' dir='ltr'>corpore</span> <span class='ocrx_word' id='word_1_29' title='bbox 828 296 944 333; x_wconf 91' lang='lat' dir='ltr'>ducat</span> <span class='ocrx_word' id='word_1_30' title='bbox 963 307 973 341; x_wconf 90' lang='lat'>;</span> <span class='ocrx_word' id='word_1_31' title='bbox 1006 296 1072 332; x_wconf 87' lang='lat' dir='ltr'>sed</span> <span class='ocrx_word' id='word_1_32' title='bbox 1091 307 1231 344; x_wconf 83' lang='lat' dir='ltr'>corpus</span> <span class='ocrx_word' id='word_1_33' title='bbox 1253 296 1392 332; x_wconf 75' lang='lat' dir='ltr'>anima&gt;</span> 
     </span>
     <span class='ocr_line' id='line_1_5' title="bbox 98 348 1391 395; baseline 0.002 -12"><span class='ocrx_word' id='word_1_34' title='bbox 98 348 237 384; x_wconf 88' lang='lat' dir='ltr'>servire</span> <span class='ocrx_word' id='word_1_35' title='bbox 261 348 388 384; x_wconf 85' lang='lat' dir='ltr'>debet.</span> <span class='ocrx_word' id='word_1_36' title='bbox 409 369 455 376; x_wconf 91' lang='lat'><em>-</em></span> <span class='ocrx_word' id='word_1_37' title='bbox 478 350 670 385; x_wconf 76' lang='lat' dir='ltr'>Praeterea</span> <span class='ocrx_word' id='word_1_38' title='bbox 696 349 935 386; x_wconf 90' lang='lat' dir='ltr'>dementiam</span> <span class='ocrx_word' id='word_1_39' title='bbox 959 349 1061 395; x_wconf 88' lang='lat' dir='ltr'>sapit</span> <span class='ocrx_word' id='word_1_40' title='bbox 1081 354 1124 385; x_wconf 87' lang='lat' dir='ltr'>ut</span> <span class='ocrx_word' id='word_1_41' title='bbox 1145 349 1192 385; x_wconf 89' lang='lat' dir='ltr'>de</span> <span class='ocrx_word' id='word_1_42' title='bbox 1212 349 1391 386; x_wconf 77' lang='lat' dir='ltr'>felicitate</span> 
     </span>
     <span class='ocr_line' id='line_1_6' title="bbox 97 401 1394 448; baseline 0.002 -14"><span class='ocrx_word' id='word_1_43' title='bbox 97 401 315 448; x_wconf 88' lang='lat' dir='ltr'>temporali,</span> <span class='ocrx_word' id='word_1_44' title='bbox 335 412 468 448; x_wconf 86' lang='lat' dir='ltr'>quam.</span> <span class='ocrx_word' id='word_1_45' title='bbox 489 402 580 438; x_wconf 83' lang='lat' dir='ltr'>velit</span> <span class='ocrx_word' id='word_1_46' title='bbox 594 402 704 448; x_wconf 90' lang='lat' dir='ltr'>nolit,</span> <span class='ocrx_word' id='word_1_47' title='bbox 727 401 845 439; x_wconf 89' lang='lat' dir='ltr'>homo</span> <span class='ocrx_word' id='word_1_48' title='bbox 869 402 1047 438; x_wconf 82' lang='lat' dir='ltr'>amittere</span> <span class='ocrx_word' id='word_1_49' title='bbox 1074 401 1202 446; x_wconf 85' lang='lat' dir='ltr'>debet,</span> <span class='ocrx_word' id='word_1_50' title='bbox 1221 404 1271 438; x_wconf 85' lang='lat' dir='ltr'>sit</span> <span class='ocrx_word' id='word_1_51' title='bbox 1291 401 1394 438; x_wconf 63' lang='lat' dir='ltr'>solli-v</span> 
     </span>
     <span class='ocr_line' id='line_1_7' title="bbox 97 453 1392 502; baseline 0.002 -14"><span class='ocrx_word' id='word_1_52' title='bbox 97 453 208 499; x_wconf 89' lang='lat' dir='ltr'>citus,</span> <span class='ocrx_word' id='word_1_53' title='bbox 230 459 268 490; x_wconf 89' lang='lat' dir='ltr'>et</span> <span class='ocrx_word' id='word_1_54' title='bbox 288 454 336 490; x_wconf 90' lang='lat' dir='ltr'>de</span> <span class='ocrx_word' id='word_1_55' title='bbox 361 455 633 502; x_wconf 88' lang='lat' dir='ltr'>consequenda</span> <span class='ocrx_word' id='word_1_56' title='bbox 647 455 829 492; x_wconf 86' lang='lat' dir='ltr'>felicitate</span> <span class='ocrx_word' id='word_1_57' title='bbox 844 459 992 491; x_wconf 81' lang='lat' dir='ltr'>aeterna</span> <span class='ocrx_word' id='word_1_58' title='bbox 1006 465 1083 491; x_wconf 88' lang='lat' dir='ltr'>non</span> <span class='ocrx_word' id='word_1_59' title='bbox 1101 456 1243 502; x_wconf 84' lang='lat' dir='ltr'>cogitet</span> <span class='ocrx_word' id='word_1_60' title='bbox 1260 466 1269 491; x_wconf 74' lang='grc' dir='ltr'><strong><em>ε</em></strong></span> <span class='ocrx_word' id='word_1_61' title='bbox 1290 454 1392 501; x_wconf 82' lang='lat' dir='ltr'>Quid</span> 
     </span>
     <span class='ocr_line' id='line_1_8' title="bbox 95 507 1393 553; baseline -0.001 -9"><span class='ocrx_word' id='word_1_62' title='bbox 95 508 197 545; x_wconf 82' lang='lat' dir='ltr'>enim</span> <span class='ocrx_word' id='word_1_63' title='bbox 212 507 368 553; x_wconf 81' lang='lat' dir='ltr'>prodest</span> <span class='ocrx_word' id='word_1_64' title='bbox 381 507 543 552; x_wconf 77' lang='lat' dir='ltr'>homini,</span> <span class='ocrx_word' id='word_1_65' title='bbox 562 507 600 543; x_wconf 83' lang='lat' dir='ltr'>si</span> <span class='ocrx_word' id='word_1_66' title='bbox 614 507 798 544; x_wconf 78' lang='lat' dir='ltr'>mundum</span> <span class='ocrx_word' id='word_1_67' title='bbox 815 508 1035 544; x_wconf 82' lang='lat' dir='ltr'>universum</span> <span class='ocrx_word' id='word_1_68' title='bbox 1053 508 1234 552; x_wconf 83' lang='lat' dir='ltr'>lucretur,</span> <span class='ocrx_word' id='word_1_69' title='bbox 1252 508 1393 545; x_wconf 81' lang='lat' dir='ltr'>animoe</span> 
     </span>
     <span class='ocr_line' id='line_1_9' title="bbox 95 559 1391 608; baseline 0 -11"><span class='ocrx_word' id='word_1_70' title='bbox 95 571 182 597; x_wconf 85' lang='lat' dir='ltr'>vero</span> <span class='ocrx_word' id='word_1_71' title='bbox 200 570 280 596; x_wconf 82' lang='lat' dir='ltr'>suoe</span> <span class='ocrx_word' id='word_1_72' title='bbox 297 560 564 596; x_wconf 77' lang='lat' dir='ltr'>detrimentum</span> <span class='ocrx_word' id='word_1_73' title='bbox 574 559 788 607; x_wconf 76' lang='lat' dir='ltr'>patiatur?</span> <span class='ocrx_word' id='word_1_74' title='bbox 805 560 883 597; x_wconf 84' lang='lat' dir='ltr'>Aut</span> <span class='ocrx_word' id='word_1_75' title='bbox 901 572 1016 608; x_wconf 84' lang='lat' dir='ltr'>quam</span> <span class='ocrx_word' id='word_1_76' title='bbox 1041 560 1150 597; x_wconf 83' lang='lat' dir='ltr'>dabit</span> <span class='ocrx_word' id='word_1_77' title='bbox 1167 561 1278 598; x_wconf 84' lang='lat' dir='ltr'>homo</span> <span class='ocrx_word' id='word_1_78' title='bbox 1296 571 1391 598; x_wconf 85' lang='lat' dir='ltr'>com-</span> 
     </span>
     <span class='ocr_line' id='line_1_10' title="bbox 95 612 1392 660; baseline 0.001 -11"><span class='ocrx_word' id='word_1_79' title='bbox 95 613 342 650; x_wconf 80' lang='lat' dir='ltr'>mutationem</span> <span class='ocrx_word' id='word_1_80' title='bbox 370 624 445 660; x_wconf 85' lang='lat' dir='ltr'>pro</span> <span class='ocrx_word' id='word_1_81' title='bbox 474 613 609 650; x_wconf 86' lang='lat' dir='ltr'>anima</span> <span class='ocrx_word' id='word_1_82' title='bbox 635 624 708 649; x_wconf 80' lang='lat' dir='ltr'>sua</span> <span class='ocrx_word' id='word_1_83' title='bbox 727 612 747 650; x_wconf 82' lang='lat'>,9</span> <span class='ocrx_word' id='word_1_84' title='bbox 775 614 904 659; x_wconf 75' lang='lat' dir='ltr'>(MA-rr.</span> <span class='ocrx_word' id='word_1_85' title='bbox 941 615 1032 659; x_wconf 87' lang='lat' dir='ltr'>XVI,</span> <span class='ocrx_word' id='word_1_86' title='bbox 1071 616 1146 660; x_wconf 83' lang='lat'>26).</span> <span class='ocrx_word' id='word_1_87' title='bbox 1176 615 1265 651; x_wconf 84' lang='lat' dir='ltr'>Non</span> <span class='ocrx_word' id='word_1_88' title='bbox 1292 615 1392 650; x_wconf 82' lang='lat' dir='ltr'>enim</span> 
     </span>
     <span class='ocr_line' id='line_1_11' title="bbox 97 666 1392 715; baseline -0.001 -12"><span class='ocrx_word' id='word_1_89' title='bbox 97 666 275 703; x_wconf 77' lang='lat' dir='ltr'>habemus</span> <span class='ocrx_word' id='word_1_90' title='bbox 303 666 367 703; x_wconf 83' lang='lat' dir='ltr'>hic</span> <span class='ocrx_word' id='word_1_91' title='bbox 387 672 595 703; x_wconf 80' lang='lat' dir='ltr'>manentem</span> <span class='ocrx_word' id='word_1_92' title='bbox 622 666 829 712; x_wconf 82' lang='lat' dir='ltr'>civitatem,</span> <span class='ocrx_word' id='word_1_93' title='bbox 859 667 924 704; x_wconf 81' lang='lat' dir='ltr'>sed</span> <span class='ocrx_word' id='word_1_94' title='bbox 947 667 1122 713; x_wconf 77' lang='lat' dir='ltr'>futuram</span> <span class='ocrx_word' id='word_1_95' title='bbox 1156 667 1392 715; x_wconf 74' lang='lat' dir='ltr'>inquirimus</span> 
     </span>
     <span class='ocr_line' id='line_1_12' title="bbox 99 720 1389 770; baseline 0 -14"><span class='ocrx_word' id='word_1_96' title='bbox 99 721 307 765; x_wconf 67' lang='lat' dir='ltr'>(Heauton.</span> <span class='ocrx_word' id='word_1_97' title='bbox 323 720 418 765; x_wconf 88' lang='lat' dir='ltr'>XIII,</span> <span class='ocrx_word' id='word_1_98' title='bbox 441 721 513 765; x_wconf 81' lang='lat'><strong>14).</strong></span> <span class='ocrx_word' id='word_1_99' title='bbox 536 721 634 767; x_wconf 86' lang='lat' dir='ltr'>Ergo</span> <span class='ocrx_word' id='word_1_100' title='bbox 654 720 845 768; x_wconf 89' lang='lat' dir='ltr'>quidquid</span> <span class='ocrx_word' id='word_1_101' title='bbox 862 720 979 756; x_wconf 90' lang='lat' dir='ltr'>homo</span> <span class='ocrx_word' id='word_1_102' title='bbox 996 722 1033 756; x_wconf 89' lang='lat' dir='ltr'>in</span> <span class='ocrx_word' id='word_1_103' title='bbox 1055 721 1127 757; x_wconf 89' lang='lat' dir='ltr'>hac</span> <span class='ocrx_word' id='word_1_104' title='bbox 1142 720 1221 758; x_wconf 82' lang='lat' dir='ltr'>vita</span> <span class='ocrx_word' id='word_1_105' title='bbox 1236 721 1389 770; x_wconf 47' lang='lat' dir='ltr'>quaerit:</span> 
     </span>
     <span class='ocr_line' id='line_1_13' title="bbox 97 772 1389 822; baseline 0.001 -14"><span class='ocrx_word' id='word_1_106' title='bbox 97 772 287 821; x_wconf 84' lang='lat' dir='ltr'>quidquid</span> <span class='ocrx_word' id='word_1_107' title='bbox 302 773 426 809; x_wconf 86' lang='lat' dir='ltr'>sibiin</span> <span class='ocrx_word' id='word_1_108' title='bbox 446 772 628 809; x_wconf 84' lang='lat' dir='ltr'>societate</span> <span class='ocrx_word' id='word_1_109' title='bbox 642 773 739 809; x_wconf 86' lang='lat' dir='ltr'>civili</span> <span class='ocrx_word' id='word_1_110' title='bbox 759 777 797 809; x_wconf 90' lang='lat' dir='ltr'>et</span> <span class='ocrx_word' id='word_1_111' title='bbox 824 784 846 809; x_wconf 92' lang='lat' dir='ltr'>a</span> <span class='ocrx_word' id='word_1_112' title='bbox 874 773 1055 810; x_wconf 87' lang='lat' dir='ltr'>societate</span> <span class='ocrx_word' id='word_1_113' title='bbox 1081 774 1180 810; x_wconf 83' lang='lat' dir='ltr'>civili</span> <span class='ocrx_word' id='word_1_114' title='bbox 1210 774 1389 822; x_wconf 81' lang='lat' dir='ltr'>exquirit,</span> 
     </span>
     <span class='ocr_line' id='line_1_14' title="bbox 97 825 1391 873; baseline 0.001 -12"><span class='ocrx_word' id='word_1_115' title='bbox 97 828 165 861; x_wconf 84' lang='lat' dir='ltr'>aut</span> <span class='ocrx_word' id='word_1_116' title='bbox 178 836 353 873; x_wconf 81' lang='lat' dir='ltr'>perverse</span> <span class='ocrx_word' id='word_1_117' title='bbox 374 826 528 873; x_wconf 83' lang='lat' dir='ltr'>quaerit,</span> <span class='ocrx_word' id='word_1_118' title='bbox 547 830 613 862; x_wconf 88' lang='lat' dir='ltr'>aut</span> <span class='ocrx_word' id='word_1_119' title='bbox 631 825 681 861; x_wconf 89' lang='lat' dir='ltr'>ad</span> <span class='ocrx_word' id='word_1_120' title='bbox 696 826 835 862; x_wconf 82' lang='lat' dir='ltr'>animae</span> <span class='ocrx_word' id='word_1_121' title='bbox 854 826 1129 873; x_wconf 78' lang='lat' dir='ltr'>perfectionem</span> <span class='ocrx_word' id='word_1_122' title='bbox 1152 826 1391 873; x_wconf 89' lang='lat' dir='ltr'>spiritualem</span> 
     </span>
     <span class='ocr_line' id='line_1_15' title="bbox 97 877 1393 926; baseline 0 -12"><span class='ocrx_word' id='word_1_123' title='bbox 97 883 135 914; x_wconf 88' lang='lat' dir='ltr'>et</span> <span class='ocrx_word' id='word_1_124' title='bbox 165 881 350 916; x_wconf 81' lang='lat' dir='ltr'>aeternam</span> <span class='ocrx_word' id='word_1_125' title='bbox 385 879 497 915; x_wconf 87' lang='lat' dir='ltr'>debet</span> <span class='ocrx_word' id='word_1_126' title='bbox 528 877 726 915; x_wconf 86' lang='lat' dir='ltr'>ordinare.</span> <span class='ocrx_word' id='word_1_127' title='bbox 758 878 856 921; x_wconf 85' lang='lat' dir='ltr'>Quia</span> <span class='ocrx_word' id='word_1_128' title='bbox 885 888 976 926; x_wconf 85' lang='lat' dir='ltr'>ergo</span> <span class='ocrx_word' id='word_1_129' title='bbox 1008 879 1185 915; x_wconf 71' lang='lat' dir='ltr'>Ecclesiae</span> <span class='ocrx_word' id='word_1_130' title='bbox 1218 879 1305 916; x_wconf 77' lang='lat' dir='ltr'>finis</span> <span class='ocrx_word' id='word_1_131' title='bbox 1336 883 1393 915; x_wconf 85' lang='lat' dir='ltr'>est</span> 
     </span>
     <span class='ocr_line' id='line_1_16' title="bbox 95 931 1392 979; baseline 0 -11"><span class='ocrx_word' id='word_1_132' title='bbox 95 931 258 969; x_wconf 86' lang='lat' dir='ltr'>interior</span> <span class='ocrx_word' id='word_1_133' title='bbox 293 936 332 969; x_wconf 87' lang='lat' dir='ltr'>et</span> <span class='ocrx_word' id='word_1_134' title='bbox 362 935 509 969; x_wconf 85' lang='lat' dir='ltr'>aeterna</span> <span class='ocrx_word' id='word_1_135' title='bbox 545 931 714 968; x_wconf 89' lang='lat' dir='ltr'>hominis</span> <span class='ocrx_word' id='word_1_136' title='bbox 746 932 947 979; x_wconf 81' lang='lat' dir='ltr'>perfectio,</span> <span class='ocrx_word' id='word_1_137' title='bbox 985 931 1071 968; x_wconf 86' lang='lat' dir='ltr'>finis</span> <span class='ocrx_word' id='word_1_138' title='bbox 1106 937 1237 969; x_wconf 87' lang='lat' dir='ltr'>autem</span> <span class='ocrx_word' id='word_1_139' title='bbox 1273 932 1392 969; x_wconf 78' lang='lat' dir='ltr'>civilis</span> 
     </span>
     <span class='ocr_line' id='line_1_17' title="bbox 97 983 1391 1032; baseline 0.002 -13"><span class='ocrx_word' id='word_1_140' title='bbox 97 985 293 1023; x_wconf 88' lang='lat' dir='ltr'>societatis</span> <span class='ocrx_word' id='word_1_141' title='bbox 326 987 384 1022; x_wconf 92' lang='lat' dir='ltr'>est</span> <span class='ocrx_word' id='word_1_142' title='bbox 420 983 603 1032; x_wconf 79' lang='lat' dir='ltr'>perfectio</span> <span class='ocrx_word' id='word_1_143' title='bbox 642 988 801 1021; x_wconf 86' lang='lat' dir='ltr'>externa</span> <span class='ocrx_word' id='word_1_144' title='bbox 832 987 870 1021; x_wconf 89' lang='lat' dir='ltr'>et</span> <span class='ocrx_word' id='word_1_145' title='bbox 907 985 1152 1031; x_wconf 66' lang='lat' dir='ltr'>temporalis,</span> <span class='ocrx_word' id='word_1_146' title='bbox 1186 996 1263 1022; x_wconf 91' lang='lat' dir='ltr'>non</span> <span class='ocrx_word' id='word_1_147' title='bbox 1304 986 1391 1022; x_wconf 87' lang='lat' dir='ltr'>finis</span> 
     </span>
     <span class='ocr_line' id='line_1_18' title="bbox 96 1036 1390 1081; baseline -0.002 -5"><span class='ocrx_word' id='word_1_148' title='bbox 96 1038 276 1077; x_wconf 59' lang='lat' dir='ltr'>Esclesiae</span> <span class='ocrx_word' id='word_1_149' title='bbox 295 1038 363 1075; x_wconf 84' lang='lat' dir='ltr'>fini</span> <span class='ocrx_word' id='word_1_150' title='bbox 385 1037 504 1074; x_wconf 84' lang='lat' dir='ltr'>civilis</span> <span class='ocrx_word' id='word_1_151' title='bbox 530 1037 739 1081; x_wconf 85' lang='lat' dir='ltr'>societatis,</span> <span class='ocrx_word' id='word_1_152' title='bbox 761 1036 829 1074; x_wconf 84' lang='lat' dir='ltr'>sed</span> <span class='ocrx_word' id='word_1_153' title='bbox 849 1038 937 1073; x_wconf 86' lang='lat' dir='ltr'>finis</span> <span class='ocrx_word' id='word_1_154' title='bbox 964 1038 1160 1074; x_wconf 82' lang='lat' dir='ltr'>societatis</span> <span class='ocrx_word' id='word_1_155' title='bbox 1183 1039 1303 1075; x_wconf 90' lang='lat' dir='ltr'>civilis</span> <span class='ocrx_word' id='word_1_156' title='bbox 1324 1040 1390 1075; x_wconf 85' lang='lat' dir='ltr'>fini</span> 
     </span>
     <span class='ocr_line' id='line_1_19' title="bbox 97 1089 802 1132; baseline -0.011 0"><span class='ocrx_word' id='word_1_157' title='bbox 97 1091 297 1132; x_wconf 84' lang='lat' dir='ltr'>catholicae</span> <span class='ocrx_word' id='word_1_158' title='bbox 316 1091 490 1127; x_wconf 66' lang='lat' dir='ltr'>Ecclesiae</span> <span class='ocrx_word' id='word_1_159' title='bbox 512 1089 802 1127; x_wconf 84' lang='lat' dir='ltr'>subordinatur.</span> 
     </span>
    </p>

    <p class='ocr_par' dir='ltr' id='par_1_3' title="bbox 54 1143 1395 2406">
     <span class='ocr_line' id='line_1_20' title="bbox 143 1143 1391 1184; baseline -0.003 0"><span class='ocrx_word' id='word_1_160' title='bbox 143 1147 209 1184; x_wconf 90' lang='lat'><em>111.</em></span> <span class='ocrx_word' id='word_1_161' title='bbox 229 1145 309 1182; x_wconf 87' lang='lat' dir='ltr'>Imo</span> <span class='ocrx_word' id='word_1_162' title='bbox 326 1143 521 1181; x_wconf 85' lang='lat' dir='ltr'>catholica</span> <span class='ocrx_word' id='word_1_163' title='bbox 535 1143 707 1180; x_wconf 83' lang='lat' dir='ltr'>Ecclesia</span> <span class='ocrx_word' id='word_1_164' title='bbox 726 1146 786 1180; x_wconf 78' lang='lat' dir='ltr'>est</span> <span class='ocrx_word' id='word_1_165' title='bbox 801 1145 967 1181; x_wconf 85' lang='lat' dir='ltr'>societas</span> <span class='ocrx_word' id='word_1_166' title='bbox 984 1145 1250 1181; x_wconf 84' lang='lat' dir='ltr'>ethnarchica.</span> <span class='ocrx_word' id='word_1_167' title='bbox 1273 1146 1391 1181; x_wconf 84' lang='lat' dir='ltr'>Ante-</span> 
     </span>
     <span class='ocr_line' id='line_1_21' title="bbox 97 1195 1392 1248; baseline -0.002 -12"><span class='ocrx_word' id='word_1_168' title='bbox 97 1210 215 1248; x_wconf 84' lang='lat' dir='ltr'>quam</span> <span class='ocrx_word' id='word_1_169' title='bbox 247 1197 408 1245; x_wconf 87' lang='lat' dir='ltr'>probem</span> <span class='ocrx_word' id='word_1_170' title='bbox 434 1195 645 1231; x_wconf 87' lang='lat' dir='ltr'>Ecclesiam</span> <span class='ocrx_word' id='word_1_171' title='bbox 679 1195 911 1232; x_wconf 84' lang='lat' dir='ltr'>catholicam</span> <span class='ocrx_word' id='word_1_172' title='bbox 946 1206 1029 1232; x_wconf 83' lang='lat' dir='ltr'>esse</span> <span class='ocrx_word' id='word_1_173' title='bbox 1058 1197 1281 1233; x_wconf 88' lang='lat' dir='ltr'>societatem</span> <span class='ocrx_word' id='word_1_174' title='bbox 1307 1208 1392 1234; x_wconf 86' lang='lat' dir='ltr'>vere</span> 
     </span>
     <span class='ocr_line' id='line_1_22' title="bbox 97 1248 1394 1295; baseline -0.002 -6"><span class='ocrx_word' id='word_1_175' title='bbox 97 1250 400 1294; x_wconf 85' lang='lat' dir='ltr'>ethnarchicam‚</span> <span class='ocrx_word' id='word_1_176' title='bbox 424 1253 462 1285; x_wconf 87' lang='lat' dir='ltr'>et</span> <span class='ocrx_word' id='word_1_177' title='bbox 486 1251 767 1295; x_wconf 86' lang='lat' dir='ltr'>consequenter</span> <span class='ocrx_word' id='word_1_178' title='bbox 794 1248 833 1284; x_wconf 92' lang='lat' dir='ltr'>in</span> <span class='ocrx_word' id='word_1_179' title='bbox 863 1249 946 1295; x_wconf 88' lang='lat' dir='ltr'>ipsa</span> <span class='ocrx_word' id='word_1_180' title='bbox 971 1259 1101 1285; x_wconf 84' lang='lat' dir='ltr'>veram</span> <span class='ocrx_word' id='word_1_181' title='bbox 1131 1260 1213 1286; x_wconf 87' lang='lat' dir='ltr'>esse</span> <span class='ocrx_word' id='word_1_182' title='bbox 1240 1249 1394 1286; x_wconf 86' lang='lat' dir='ltr'>ethnar·</span> 
     </span>
     <span class='ocr_line' id='line_1_23' title="bbox 95 1300 1392 1351; baseline -0.003 -8"><span class='ocrx_word' id='word_1_183' title='bbox 95 1306 240 1348; x_wconf 73' lang='lat' dir='ltr'>chiam,</span> <span class='ocrx_word' id='word_1_184' title='bbox 254 1312 381 1351; x_wconf 80' lang='lat' dir='ltr'>operae</span> <span class='ocrx_word' id='word_1_185' title='bbox 395 1302 564 1350; x_wconf 86' lang='lat' dir='ltr'>pretium</span> <span class='ocrx_word' id='word_1_186' title='bbox 582 1301 679 1337; x_wconf 90' lang='lat' dir='ltr'>duco</span> <span class='ocrx_word' id='word_1_187' title='bbox 697 1301 931 1349; x_wconf 85' lang='lat' dir='ltr'>praemittere</span> <span class='ocrx_word' id='word_1_188' title='bbox 949 1300 1168 1339; x_wconf 88' lang='lat' dir='ltr'>doctrinam</span> <span class='ocrx_word' id='word_1_189' title='bbox 1184 1302 1221 1338; x_wconf 87' lang='lat' dir='ltr'>S.</span> <span class='ocrx_word' id='word_1_190' title='bbox 1238 1302 1392 1339; x_wconf 82' lang='lat' dir='ltr'>Thomae</span> 
     </span>
     <span class='ocr_line' id='line_1_24' title="bbox 97 1355 1392 1406; baseline -0.002 -11"><span class='ocrx_word' id='word_1_191' title='bbox 97 1358 226 1406; x_wconf 88' lang='lat' dir='ltr'>quoad</span> <span class='ocrx_word' id='word_1_192' title='bbox 254 1356 464 1401; x_wconf 86' lang='lat' dir='ltr'>Christum,</span> <span class='ocrx_word' id='word_1_193' title='bbox 494 1358 686 1401; x_wconf 87' lang='lat' dir='ltr'>quatenus</span> <span class='ocrx_word' id='word_1_194' title='bbox 714 1357 772 1391; x_wconf 87' lang='lat' dir='ltr'>est</span> <span class='ocrx_word' id='word_1_195' title='bbox 798 1355 921 1402; x_wconf 88' lang='lat' dir='ltr'>Caput</span> <span class='ocrx_word' id='word_1_196' title='bbox 948 1355 1124 1391; x_wconf 89' lang='lat' dir='ltr'>omnium</span> <span class='ocrx_word' id='word_1_197' title='bbox 1155 1355 1359 1392; x_wconf 89' lang='lat' dir='ltr'>hominum</span> <span class='ocrx_word' id='word_1_198' title='bbox 1383 1367 1392 1391; x_wconf 86' lang='grc'>;</span> 
     </span>
     <span class='ocr_line' id='line_1_25' title="bbox 101 1407 1393 1455; baseline -0.002 -10"><span class='ocrx_word' id='word_1_199' title='bbox 101 1427 116 1445; x_wconf 80' lang='grc' dir='ltr'>ι</span> <span class='ocrx_word' id='word_1_200' title='bbox 131 1413 218 1448; x_wconf 77' lang='lat' dir='ltr'>Haec</span> <span class='ocrx_word' id='word_1_201' title='bbox 231 1413 302 1455; x_wconf 85' lang='lat' dir='ltr'>est,</span> <span class='ocrx_word' id='word_1_202' title='bbox 321 1409 459 1454; x_wconf 85' lang='lat' dir='ltr'>inquit,</span> <span class='ocrx_word' id='word_1_203' title='bbox 476 1408 692 1444; x_wconf 79' lang='lat' dir='ltr'>differentia</span> <span class='ocrx_word' id='word_1_204' title='bbox 706 1407 808 1444; x_wconf 89' lang='lat' dir='ltr'>inter</span> <span class='ocrx_word' id='word_1_205' title='bbox 823 1418 962 1454; x_wconf 89' lang='lat' dir='ltr'>corpus</span> <span class='ocrx_word' id='word_1_206' title='bbox 978 1407 1148 1444; x_wconf 89' lang='lat' dir='ltr'>hominis</span> <span class='ocrx_word' id='word_1_207' title='bbox 1165 1409 1341 1445; x_wconf 87' lang='lat' dir='ltr'>naturale</span> <span class='ocrx_word' id='word_1_208' title='bbox 1357 1413 1393 1445; x_wconf 89' lang='lat' dir='ltr'>et</span> 
     </span>
     <span class='ocr_line' id='line_1_26' title="bbox 96 1460 1393 1511; baseline -0.002 -10"><span class='ocrx_word' id='word_1_209' title='bbox 96 1473 235 1511; x_wconf 89' lang='lat' dir='ltr'>corpus</span> <span class='ocrx_word' id='word_1_210' title='bbox 249 1461 426 1499; x_wconf 83' lang='lat' dir='ltr'>Ecclesiae</span> <span class='ocrx_word' id='word_1_211' title='bbox 447 1461 666 1508; x_wconf 85' lang='lat' dir='ltr'>mysticum,</span> <span class='ocrx_word' id='word_1_212' title='bbox 687 1460 791 1508; x_wconf 92' lang='lat' dir='ltr'>quod</span> <span class='ocrx_word' id='word_1_213' title='bbox 812 1461 988 1496; x_wconf 88' lang='lat' dir='ltr'>membra</span> <span class='ocrx_word' id='word_1_214' title='bbox 1009 1462 1183 1508; x_wconf 87' lang='lat' dir='ltr'>corporis</span> <span class='ocrx_word' id='word_1_215' title='bbox 1205 1462 1393 1498; x_wconf 84' lang='lat' dir='ltr'>naturalis</span> 
     </span>
     <span class='ocr_line' id='line_1_27' title="bbox 96 1513 1392 1562; baseline -0.002 -9"><span class='ocrx_word' id='word_1_216' title='bbox 96 1522 184 1554; x_wconf 84' lang='lat' dir='ltr'>sunt</span> <span class='ocrx_word' id='word_1_217' title='bbox 221 1515 354 1553; x_wconf 86' lang='lat' dir='ltr'>omnia</span> <span class='ocrx_word' id='word_1_218' title='bbox 381 1513 496 1550; x_wconf 90' lang='lat' dir='ltr'>simul</span> <span class='ocrx_word' id='word_1_219' title='bbox 507 1525 522 1559; x_wconf 90' lang='lat'><em>;</em></span> <span class='ocrx_word' id='word_1_220' title='bbox 552 1513 730 1550; x_wconf 85' lang='lat' dir='ltr'>membra</span> <span class='ocrx_word' id='word_1_221' title='bbox 760 1517 890 1549; x_wconf 88' lang='lat' dir='ltr'>autem</span> <span class='ocrx_word' id='word_1_222' title='bbox 925 1514 1098 1562; x_wconf 88' lang='lat' dir='ltr'>corporis</span> <span class='ocrx_word' id='word_1_223' title='bbox 1132 1515 1282 1561; x_wconf 78' lang='lat' dir='ltr'>mystici</span> <span class='ocrx_word' id='word_1_224' title='bbox 1316 1526 1392 1551; x_wconf 80' lang='lat' dir='ltr'>non</span> 
     </span>
     <span class='ocr_line' id='line_1_28' title="bbox 96 1565 1393 1615; baseline -0.002 -9"><span class='ocrx_word' id='word_1_225' title='bbox 96 1574 186 1606; x_wconf 90' lang='lat' dir='ltr'>sunt</span> <span class='ocrx_word' id='word_1_226' title='bbox 209 1568 342 1605; x_wconf 88' lang='lat' dir='ltr'>omnia</span> <span class='ocrx_word' id='word_1_227' title='bbox 369 1566 509 1611; x_wconf 88' lang='lat' dir='ltr'>simul;</span> <span class='ocrx_word' id='word_1_228' title='bbox 535 1577 660 1614; x_wconf 88' lang='lat' dir='ltr'>neque</span> <span class='ocrx_word' id='word_1_229' title='bbox 692 1570 883 1614; x_wconf 88' lang='lat' dir='ltr'>quantum</span> <span class='ocrx_word' id='word_1_230' title='bbox 917 1565 965 1602; x_wconf 86' lang='lat' dir='ltr'>ad</span> <span class='ocrx_word' id='word_1_231' title='bbox 1000 1577 1081 1603; x_wconf 86' lang='lat' dir='ltr'>esse</span> <span class='ocrx_word' id='word_1_232' title='bbox 1111 1572 1275 1613; x_wconf 89' lang='lat' dir='ltr'>naturae,</span> <span class='ocrx_word' id='word_1_233' title='bbox 1303 1569 1393 1615; x_wconf 84' lang='lat' dir='ltr'>quia</span> 
     </span>
     <span class='ocr_line' id='line_1_29' title="bbox 95 1619 1394 1667; baseline -0.002 -8"><span class='ocrx_word' id='word_1_234' title='bbox 95 1632 235 1667; x_wconf 82' lang='lat' dir='ltr'>corpus</span> <span class='ocrx_word' id='word_1_235' title='bbox 259 1620 436 1657; x_wconf 62' lang='lat' dir='ltr'>Ecclesia*</span> <span class='ocrx_word' id='word_1_236' title='bbox 467 1619 715 1656; x_wconf 84' lang='lat' dir='ltr'>constituitur</span> <span class='ocrx_word' id='word_1_237' title='bbox 745 1629 793 1655; x_wconf 85' lang='lat' dir='ltr'>ex</span> <span class='ocrx_word' id='word_1_238' title='bbox 821 1619 1066 1665; x_wconf 91' lang='lat' dir='ltr'>hominibus,</span> <span class='ocrx_word' id='word_1_239' title='bbox 1095 1620 1160 1667; x_wconf 89' lang='lat' dir='ltr'>qui</span> <span class='ocrx_word' id='word_1_240' title='bbox 1192 1620 1347 1656; x_wconf 87' lang='lat' dir='ltr'>fuerunt</span> <span class='ocrx_word' id='word_1_241' title='bbox 1373 1632 1394 1656; x_wconf 83' lang='lat' dir='ltr'>a</span> 
     </span>
     <span class='ocr_line' id='line_1_30' title="bbox 94 1671 1394 1722; baseline -0.002 -11"><span class='ocrx_word' id='word_1_242' title='bbox 94 1675 285 1722; x_wconf 87' lang='lat' dir='ltr'>principio</span> <span class='ocrx_word' id='word_1_243' title='bbox 304 1672 440 1710; x_wconf 90' lang='lat' dir='ltr'>mundi</span> <span class='ocrx_word' id='word_1_244' title='bbox 457 1682 578 1718; x_wconf 90' lang='lat' dir='ltr'>usque</span> <span class='ocrx_word' id='word_1_245' title='bbox 599 1671 648 1708; x_wconf 89' lang='lat' dir='ltr'>ad</span> <span class='ocrx_word' id='word_1_246' title='bbox 674 1673 792 1708; x_wconf 83' lang='lat' dir='ltr'>finem</span> <span class='ocrx_word' id='word_1_247' title='bbox 816 1672 959 1718; x_wconf 79' lang='lat' dir='ltr'>ipsius3</span> <span class='ocrx_word' id='word_1_248' title='bbox 974 1683 1099 1720; x_wconf 90' lang='lat' dir='ltr'>neque</span> <span class='ocrx_word' id='word_1_249' title='bbox 1127 1673 1243 1709; x_wconf 85' lang='lat' dir='ltr'>etiam</span> <span class='ocrx_word' id='word_1_250' title='bbox 1277 1684 1394 1721; x_wconf 88' lang='lat' dir='ltr'>quan-</span> 
     </span>
     <span class='ocr_line' id='line_1_31' title="bbox 97 1723 1392 1772; baseline -0.001 -9"><span class='ocrx_word' id='word_1_251' title='bbox 97 1733 182 1763; x_wconf 89' lang='lat' dir='ltr'>tum</span> <span class='ocrx_word' id='word_1_252' title='bbox 215 1727 264 1763; x_wconf 85' lang='lat' dir='ltr'>ad</span> <span class='ocrx_word' id='word_1_253' title='bbox 292 1736 374 1762; x_wconf 85' lang='lat' dir='ltr'>esse</span> <span class='ocrx_word' id='word_1_254' title='bbox 403 1725 553 1772; x_wconf 76' lang='lat' dir='ltr'>grat1ae,</span> <span class='ocrx_word' id='word_1_255' title='bbox 591 1723 685 1771; x_wconf 87' lang='lat' dir='ltr'>quia</span> <span class='ocrx_word' id='word_1_256' title='bbox 717 1735 853 1760; x_wconf 88' lang='lat' dir='ltr'>eorum</span> <span class='ocrx_word' id='word_1_257' title='bbox 891 1724 1008 1761; x_wconf 88' lang='lat' dir='ltr'>etiam</span> <span class='ocrx_word' id='word_1_258' title='bbox 1039 1725 1104 1772; x_wconf 85' lang='lat' dir='ltr'>qui</span> <span class='ocrx_word' id='word_1_259' title='bbox 1137 1728 1225 1761; x_wconf 87' lang='lat' dir='ltr'>sunt</span> <span class='ocrx_word' id='word_1_260' title='bbox 1248 1726 1287 1762; x_wconf 92' lang='lat' dir='ltr'>in</span> <span class='ocrx_word' id='word_1_261' title='bbox 1317 1737 1392 1762; x_wconf 87' lang='lat' dir='ltr'>uno</span> 
     </span>
     <span class='ocr_line' id='line_1_32' title="bbox 95 1777 1395 1827; baseline -0.002 -10"><span class='ocrx_word' id='word_1_262' title='bbox 95 1785 284 1827; x_wconf 85' lang='lat' dir='ltr'>tempore,</span> <span class='ocrx_word' id='word_1_263' title='bbox 309 1777 470 1825; x_wconf 87' lang='lat' dir='ltr'>quidam</span> <span class='ocrx_word' id='word_1_264' title='bbox 504 1777 630 1824; x_wconf 84' lang='lat' dir='ltr'>gratia</span> <span class='ocrx_word' id='word_1_265' title='bbox 646 1779 790 1822; x_wconf 86' lang='lat' dir='ltr'>carent,</span> <span class='ocrx_word' id='word_1_266' title='bbox 817 1777 1071 1824; x_wconf 86' lang='lat' dir='ltr'>postmodum</span> <span class='ocrx_word' id='word_1_267' title='bbox 1105 1777 1289 1823; x_wconf 86' lang='lat' dir='ltr'>habituri,</span> <span class='ocrx_word' id='word_1_268' title='bbox 1308 1778 1395 1814; x_wconf 86' lang='lat' dir='ltr'>aliis</span> 
     </span>
     <span class='ocr_line' id='line_1_33' title="bbox 96 1829 1394 1880; baseline -0.002 -10"><span class='ocrx_word' id='word_1_269' title='bbox 96 1844 183 1869; x_wconf 86' lang='lat' dir='ltr'>eam</span> <span class='ocrx_word' id='word_1_270' title='bbox 211 1833 294 1880; x_wconf 81' lang='lat' dir='ltr'>J&#39;am</span> <span class='ocrx_word' id='word_1_271' title='bbox 323 1829 568 1867; x_wconf 86' lang='lat' dir='ltr'>habentibus.</span> <span class='ocrx_word' id='word_1_272' title='bbox 600 1829 660 1866; x_wconf 90' lang='lat' dir='ltr'>Sic</span> <span class='ocrx_word' id='word_1_273' title='bbox 690 1829 809 1876; x_wconf 88' lang='lat' dir='ltr'>igitur</span> <span class='ocrx_word' id='word_1_274' title='bbox 838 1830 1016 1866; x_wconf 84' lang='lat' dir='ltr'>membra</span> <span class='ocrx_word' id='word_1_275' title='bbox 1040 1831 1213 1877; x_wconf 71' lang='lat' dir='ltr'>corporis</span> <span class='ocrx_word' id='word_1_276' title='bbox 1242 1833 1394 1878; x_wconf 83' lang='lat' dir='ltr'>mystici</span> 
     </span>
     <span class='ocr_line' id='line_1_34' title="bbox 97 1881 1392 1933; baseline -0.002 -10"><span class='ocrx_word' id='word_1_277' title='bbox 97 1886 352 1933; x_wconf 86' lang='lat' dir='ltr'>accipiuntur,</span> <span class='ocrx_word' id='word_1_278' title='bbox 384 1893 461 1919; x_wconf 92' lang='lat' dir='ltr'>non</span> <span class='ocrx_word' id='word_1_279' title='bbox 488 1882 614 1918; x_wconf 87' lang='lat' dir='ltr'>solum</span> <span class='ocrx_word' id='word_1_280' title='bbox 644 1882 858 1919; x_wconf 90' lang='lat' dir='ltr'>secundum</span> <span class='ocrx_word' id='word_1_281' title='bbox 889 1881 994 1929; x_wconf 87' lang='lat' dir='ltr'>quod</span> <span class='ocrx_word' id='word_1_282' title='bbox 1015 1883 1165 1918; x_wconf 88' lang='lat' dir='ltr'>suntin</span> <span class='ocrx_word' id='word_1_283' title='bbox 1193 1887 1295 1924; x_wconf 86' lang='lat' dir='ltr'>actu,</span> <span class='ocrx_word' id='word_1_284' title='bbox 1325 1884 1392 1920; x_wconf 92' lang='lat' dir='ltr'>sed</span> 
     </span>
     <span class='ocr_line' id='line_1_35' title="bbox 96 1935 1394 1983; baseline -0.002 -8"><span class='ocrx_word' id='word_1_285' title='bbox 96 1939 215 1975; x_wconf 86' lang='lat' dir='ltr'>etiam</span> <span class='ocrx_word' id='word_1_286' title='bbox 242 1936 456 1974; x_wconf 86' lang='lat' dir='ltr'>secundum</span> <span class='ocrx_word' id='word_1_287' title='bbox 487 1935 591 1983; x_wconf 91' lang='lat' dir='ltr'>quod</span> <span class='ocrx_word' id='word_1_288' title='bbox 631 1938 721 1971; x_wconf 90' lang='lat' dir='ltr'>sunt</span> <span class='ocrx_word' id='word_1_289' title='bbox 756 1935 795 1971; x_wconf 91' lang='lat' dir='ltr'>in</span> <span class='ocrx_word' id='word_1_290' title='bbox 833 1936 1020 1982; x_wconf 86' lang='lat' dir='ltr'>potentia.</span> <span class='ocrx_word' id='word_1_291' title='bbox 1052 1936 1238 1978; x_wconf 81' lang='lat' dir='ltr'>Quaedam</span> <span class='ocrx_word' id='word_1_292' title='bbox 1262 1939 1394 1973; x_wconf 86' lang='lat' dir='ltr'>tamen</span> 
     </span>
     <span class='ocr_line' id='line_1_36' title="bbox 97 1987 1391 2038; baseline -0.002 -11"><span class='ocrx_word' id='word_1_293' title='bbox 97 1996 187 2027; x_wconf 88' lang='lat' dir='ltr'>sunt</span> <span class='ocrx_word' id='word_1_294' title='bbox 219 1991 259 2026; x_wconf 91' lang='lat' dir='ltr'>in</span> <span class='ocrx_word' id='word_1_295' title='bbox 293 1988 482 2038; x_wconf 84' lang='lat' dir='ltr'>potentia,</span> <span class='ocrx_word' id='word_1_296' title='bbox 515 1998 602 2034; x_wconf 54' lang='lat' dir='ltr'>qua*</span> <span class='ocrx_word' id='word_1_297' title='bbox 634 1997 850 2035; x_wconf 88' lang='lat' dir='ltr'>numquam</span> <span class='ocrx_word' id='word_1_298' title='bbox 886 1987 1123 2024; x_wconf 85' lang='lat' dir='ltr'>reducuntnr</span> <span class='ocrx_word' id='word_1_299' title='bbox 1161 1988 1209 2025; x_wconf 87' lang='lat' dir='ltr'>ad</span> <span class='ocrx_word' id='word_1_300' title='bbox 1249 1992 1391 2026; x_wconf 88' lang='lat' dir='ltr'>actum.</span> 
     </span>
     <span class='ocr_line' id='line_1_37' title="bbox 96 2039 1392 2088; baseline -0.001 -8"><span class='ocrx_word' id='word_1_301' title='bbox 96 2042 282 2086; x_wconf 82' lang='lat' dir='ltr'>Quaedam</span> <span class='ocrx_word' id='word_1_302' title='bbox 308 2052 398 2078; x_wconf 82' lang='lat' dir='ltr'>vero</span> <span class='ocrx_word' id='word_1_303' title='bbox 427 2043 531 2084; x_wconf 83' lang='lat' dir='ltr'>sunt,</span> <span class='ocrx_word' id='word_1_304' title='bbox 554 2050 640 2087; x_wconf 83' lang='lat' dir='ltr'>quae</span> <span class='ocrx_word' id='word_1_305' title='bbox 661 2039 895 2088; x_wconf 87' lang='lat' dir='ltr'>quandoque</span> <span class='ocrx_word' id='word_1_306' title='bbox 913 2039 1151 2077; x_wconf 87' lang='lat' dir='ltr'>reducuntur</span> <span class='ocrx_word' id='word_1_307' title='bbox 1178 2041 1228 2077; x_wconf 82' lang='lat' dir='ltr'>ad</span> <span class='ocrx_word' id='word_1_308' title='bbox 1249 2044 1392 2079; x_wconf 90' lang='lat' dir='ltr'>actum.</span> 
     </span>
     <span class='ocr_line' id='line_1_38' title="bbox 54 2093 1393 2142; baseline -0.001 -10"><span class='ocrx_word' id='word_1_309' title='bbox 54 2139 58 2142; x_wconf 22' lang='grc' dir='ltr'>ι</span> <span class='ocrx_word' id='word_1_310' title='bbox 94 2097 141 2132; x_wconf 89' lang='lat' dir='ltr'>Et</span> <span class='ocrx_word' id='word_1_311' title='bbox 174 2096 248 2133; x_wconf 92' lang='lat' dir='ltr'>hoc</span> <span class='ocrx_word' id='word_1_312' title='bbox 277 2093 490 2131; x_wconf 85' lang='lat' dir='ltr'>secundum</span> <span class='ocrx_word' id='word_1_313' title='bbox 518 2093 709 2140; x_wconf 90' lang='lat' dir='ltr'>triplicem</span> <span class='ocrx_word' id='word_1_314' title='bbox 739 2093 930 2139; x_wconf 85' lang='lat' dir='ltr'>gradum:</span> <span class='ocrx_word' id='word_1_315' title='bbox 964 2103 1130 2139; x_wconf 88' lang='lat' dir='ltr'>quorum</span> <span class='ocrx_word' id='word_1_316' title='bbox 1151 2095 1306 2140; x_wconf 80' lang='lat' dir='ltr'>primus</span> <span class='ocrx_word' id='word_1_317' title='bbox 1338 2099 1393 2131; x_wconf 85' lang='lat' dir='ltr'>est</span> 
     </span>
     <span class='ocr_line' id='line_1_39' title="bbox 96 2145 1394 2196; baseline -0.002 -10"><span class='ocrx_word' id='word_1_318' title='bbox 96 2159 164 2196; x_wconf 86' lang='lat' dir='ltr'>per</span> <span class='ocrx_word' id='word_1_319' title='bbox 181 2148 316 2196; x_wconf 76' lang='lat' dir='ltr'>fidem;</span> <span class='ocrx_word' id='word_1_320' title='bbox 337 2146 524 2184; x_wconf 79' lang='lat' dir='ltr'>secundus</span> <span class='ocrx_word' id='word_1_321' title='bbox 539 2156 607 2192; x_wconf 89' lang='lat' dir='ltr'>per</span> <span class='ocrx_word' id='word_1_322' title='bbox 628 2145 853 2182; x_wconf 79' lang='lat' dir='ltr'>charitatem</span> <span class='ocrx_word' id='word_1_323' title='bbox 884 2146 968 2191; x_wconf 81' lang='lat' dir='ltr'>viae,</span> <span class='ocrx_word' id='word_1_324' title='bbox 990 2146 1123 2182; x_wconf 83' lang='lat' dir='ltr'>tertius</span> <span class='ocrx_word' id='word_1_325' title='bbox 1142 2157 1211 2193; x_wconf 87' lang='lat' dir='ltr'>per</span> <span class='ocrx_word' id='word_1_326' title='bbox 1236 2147 1394 2193; x_wconf 72' lang='lat' dir='ltr'>fruitio-</span> 
     </span>
     <span class='ocr_line' id='line_1_40' title="bbox 95 2197 1392 2249; baseline 0 -12"><span class='ocrx_word' id='word_1_327' title='bbox 95 2211 178 2238; x_wconf 81' lang='lat' dir='ltr'>nem</span> <span class='ocrx_word' id='word_1_328' title='bbox 194 2200 345 2249; x_wconf 85' lang='lat' dir='ltr'>patriae.</span> <span class='ocrx_word' id='word_1_329' title='bbox 366 2200 425 2237; x_wconf 93' lang='lat' dir='ltr'>Sic</span> <span class='ocrx_word' id='word_1_330' title='bbox 442 2209 534 2246; x_wconf 86' lang='lat' dir='ltr'>ergo</span> <span class='ocrx_word' id='word_1_331' title='bbox 555 2197 762 2235; x_wconf 89' lang='lat' dir='ltr'>dicendum</span> <span class='ocrx_word' id='word_1_332' title='bbox 783 2202 840 2234; x_wconf 89' lang='lat' dir='ltr'>est</span> <span class='ocrx_word' id='word_1_333' title='bbox 851 2197 969 2245; x_wconf 85' lang='lat' dir='ltr'>quod,</span> <span class='ocrx_word' id='word_1_334' title='bbox 992 2198 1214 2246; x_wconf 88' lang='lat' dir='ltr'>accipiendo</span> <span class='ocrx_word' id='word_1_335' title='bbox 1234 2209 1392 2247; x_wconf 83' lang='lat' dir='ltr'>genera-</span> 
     </span>
     <span class='ocr_line' id='line_1_41' title="bbox 95 2250 1395 2300; baseline -0.002 -10"><span class='ocrx_word' id='word_1_336' title='bbox 95 2253 184 2290; x_wconf 85' lang='lat' dir='ltr'>liter</span> <span class='ocrx_word' id='word_1_337' title='bbox 211 2252 423 2290; x_wconf 84' lang='lat' dir='ltr'>secundum</span> <span class='ocrx_word' id='word_1_338' title='bbox 452 2255 578 2288; x_wconf 85' lang='lat' dir='ltr'>totum</span> <span class='ocrx_word' id='word_1_339' title='bbox 609 2255 763 2297; x_wconf 87' lang='lat' dir='ltr'>tempus</span> <span class='ocrx_word' id='word_1_340' title='bbox 801 2250 950 2296; x_wconf 90' lang='lat' dir='ltr'>mundi,</span> <span class='ocrx_word' id='word_1_341' title='bbox 986 2250 1162 2287; x_wconf 90' lang='lat' dir='ltr'>Christus</span> <span class='ocrx_word' id='word_1_342' title='bbox 1188 2256 1246 2287; x_wconf 82' lang='lat' dir='ltr'>est</span> <span class='ocrx_word' id='word_1_343' title='bbox 1278 2258 1395 2300; x_wconf 86' lang='lat' dir='ltr'>caput</span> 
     </span>
     <span class='ocr_line' id='line_1_42' title="bbox 97 2303 1394 2351; baseline -0.002 -8"><span class='ocrx_word' id='word_1_344' title='bbox 97 2306 273 2343; x_wconf 87' lang='lat' dir='ltr'>omnium</span> <span class='ocrx_word' id='word_1_345' title='bbox 304 2304 524 2350; x_wconf 87' lang='lat' dir='ltr'>hominum,</span> <span class='ocrx_word' id='word_1_346' title='bbox 559 2303 626 2340; x_wconf 89' lang='lat' dir='ltr'>sed</span> <span class='ocrx_word' id='word_1_347' title='bbox 648 2303 860 2340; x_wconf 85' lang='lat' dir='ltr'>secundum</span> <span class='ocrx_word' id='word_1_348' title='bbox 881 2304 1051 2340; x_wconf 83' lang='lat' dir='ltr'>diversos</span> <span class='ocrx_word' id='word_1_349' title='bbox 1079 2304 1235 2351; x_wconf 84' lang='lat' dir='ltr'>gradus.</span> <span class='ocrx_word' id='word_1_350' title='bbox 1265 2306 1394 2341; x_wconf 89' lang='lat' dir='ltr'>Primo</span> 
     </span>
     <span class='ocr_line' id='line_1_43' title="bbox 97 2356 1395 2406; baseline -0.001 -10"><span class='ocrx_word' id='word_1_351' title='bbox 97 2358 199 2396; x_wconf 83' lang='lat' dir='ltr'>enim</span> <span class='ocrx_word' id='word_1_352' title='bbox 234 2362 271 2395; x_wconf 90' lang='lat' dir='ltr'>et</span> <span class='ocrx_word' id='word_1_353' title='bbox 297 2356 561 2406; x_wconf 86' lang='lat' dir='ltr'>principaliter</span> <span class='ocrx_word' id='word_1_354' title='bbox 586 2360 643 2393; x_wconf 88' lang='lat' dir='ltr'>est</span> <span class='ocrx_word' id='word_1_355' title='bbox 671 2360 787 2404; x_wconf 85' lang='lat' dir='ltr'>caput</span> <span class='ocrx_word' id='word_1_356' title='bbox 813 2366 961 2402; x_wconf 89' lang='lat' dir='ltr'>eorum,</span> <span class='ocrx_word' id='word_1_357' title='bbox 989 2357 1055 2404; x_wconf 91' lang='lat' dir='ltr'>qui</span> <span class='ocrx_word' id='word_1_358' title='bbox 1084 2360 1170 2394; x_wconf 72' lang='lat' dir='ltr'>actu</span> <span class='ocrx_word' id='word_1_359' title='bbox 1207 2357 1395 2395; x_wconf 89' lang='lat' dir='ltr'>uniuntur</span> 
     </span>
    </p>
   </div>
  </div>
 </body>
</html>
