1584 2569
430 528 1078 614 APPENDIX

156 1080 562 1119 Animadversionibus
581 1083 678 1119 meis
701 1083 926 1129 (Cosmoloy.
951 1082 1065 1118 Artic.
1091 1083 1146 1124 18,
1167 1087 1204 1118 et
1222 1083 1400 1131 Psychol.

109 1137 224 1174 Artic.
256 1138 312 1180 16,
340 1135 369 1170 Χ
394 1139 433 1170 et
458 1135 533 1180 XI),
561 1136 700 1182 quibus
730 1136 953 1184 impugnavi
982 1136 1268 1182 scepticismum
1297 1140 1401 1174 criti-

110 1200 199 1225 cum
233 1189 272 1224 in
305 1189 623 1235 interpretatione
655 1189 841 1225 doctrinae
874 1189 910 1224 S.
944 1188 1116 1232 Thomae,
1150 1190 1403 1238 eamdemque

109 1241 325 1277 doctrinam
344 1239 496 1275 defendi
515 1251 536 1276 a
552 1245 645 1276 nota
661 1241 927 1277 materialismi
948 1244 986 1275 et
1002 1241 1142 1276 erroris
1160 1247 1293 1278 contra
1312 1243 1400 1279 doc-

109 1294 252 1330 trinam
269 1291 428 1329 Concilii
447 1292 674 1338 Tridentini,
693 1293 899 1341 respondet
921 1293 968 1328 ol.
993 1293 1215 1330 Dominicus
1238 1295 1404 1332 Palmier

109 1347 148 1382 in
162 1347 274 1383 tertio
288 1345 483 1381 volumine
498 1356 654 1382 suarum
671 1346 958 1382 Institutionum
972 1346 1250 1393 philosophie,
1267 1348 1401 1396 nuperi

109 1399 206 1435 rime
224 1397 393 1446 vulgato,
412 1397 610 1443 Scholion,
633 1409 719 1446 pag.
744 1401 810 1434 315
831 1403 869 1435 et
888 1409 994 1445 seqq.

156 1451 185 1487 1.
210 1451 376 1487 Moverat
405 1451 548 1486 Auctor
578 1450 739 1487 dubium
769 1462 817 1487 an
845 1462 932 1487 vere
963 1451 998 1486 S.
1030 1451 1198 1488 Thomas
1230 1453 1403 1490 docuerit

109 1504 396 1540 distinctionem
429 1503 571 1540 realem
603 1504 704 1540 inter
734 1505 936 1541 materiam
973 1505 1139 1551 primam
1172 1511 1210 1542 et
1238 1506 1402 1543 formam

110 1557 423 1601 substantialem;
446 1561 483 1593 et
505 1556 583 1593 «ad
597 1556 713 1604 hujus
737 1557 990 1594 dubitationis
1013 1558 1196 1594 invidiam
1220 1561 1402 1596 amolien-

110 1610 212 1654 dam,
236 1624 252 1642 ›
276 1614 320 1645 ut
338 1610 392 1645 ait
416 1609 455 1644 in
476 1609 646 1654 Schoho,
672 1610 874 1646 addiderat
893 1621 901 1646 :
923 1612 1096 1657 quamvis
1116 1622 1190 1646 non
1214 1613 1256 1647 id
1269 1614 1403 1659 prima

107 1663 188 1698 vice
204 1662 436 1708 contingeret
445 1667 487 1698 ut
497 1662 598 1709 quod
608 1663 731 1708 plura
746 1663 888 1700 soecula
899 1662 1112 1709 apluribus
1131 1668 1313 1710 tanquam
1330 1676 1403 1701 cer-

109 1719 188 1751 tum
224 1715 374 1751 Thomae
403 1715 540 1760 doqma
572 1720 754 1751 retentum
784 1720 848 1760 est,
871 1719 1005 1761 postea
1031 1715 1225 1760 facillimo
1253 1718 1403 1764 negotio

109 1768 405 1803 demonstratum
429 1767 481 1802 sit
506 1778 581 1802 esse
600 1777 625 1803 a
646 1768 682 1803 S.
718 1768 868 1804 Thomoe
895 1769 1072 1804 doctrina
1103 1769 1399 1806 alienissimum.

109 1820 302 1856 Postulavi
319 1830 409 1866 ergo
425 1819 472 1854 ab
487 1820 570 1866 ipso
588 1825 630 1855 ut
647 1820 865 1856 ostenderet
884 1821 1021 1866 doqma
1037 1821 1197 1867 aliquod
1210 1827 1250 1858 ut
1265 1828 1403 1858 certum

109 1873 148 1909 S.
164 1872 315 1908 Thomoe
322 1871 370 1908 ab
380 1873 485 1907 omni
489 1871 555 1908 bus
568 1872 838 1918 interpretibus
850 1877 1066 1909 constanter
1073 1874 1196 1919 fuisse
1206 1879 1399 1920 retentum,

109 1925 211 1972 quod
220 1930 355 1972 postea
374 1925 569 1970 facillimo
589 1925 739 1971 neqotio
759 1926 1054 1962 demonstratum
1066 1926 1147 1972 fuit
1162 1938 1187 1963 α
1200 1929 1238 1964 S.
1258 1928 1401 1964 Thoma

109 1978 402 2014 alienissimum.
421 1998 466 2004 —
483 1990 498 2011 α
518 1977 706 2022 Profecto,
725 1978 930 2025 respondet
946 1980 1099 2023 Auctor,
1115 1990 1193 2016 non
1210 1979 1318 2017 video
1336 1991 1404 2017 cur

109 2040 132 2067 a
151 2041 212 2067 me
233 2030 272 2066 id
292 2031 422 2078 exigat
440 2041 448 2066 :
468 2041 545 2066 non
566 2031 668 2067 enim
690 2031 770 2066 dixi
790 2030 838 2067 ab
858 2031 1046 2076 omnihus,
1067 2031 1132 2068 sed
1150 2043 1176 2068 a
1192 2033 1372 2079 pluribus
1393 2044 1400 2070 z

109 2094 186 2130 quo
208 2084 374 2119 termino
392 2093 462 2119 nec
482 2094 580 2130 opus
603 2088 660 2119 est
678 2083 890 2131 intelligere
908 2084 1095 2131 majorem
1116 2090 1264 2132 partem
1286 2086 1402 2122 inter-

109 2140 277 2182 pretum,
310 2135 376 2172 sed
408 2136 635 2182 simpliciter
663 2136 800 2172 multos
812 2148 826 2180 ,·
855 2137 987 2183 plures
1019 2138 1122 2172 enim
1155 2138 1258 2174 haud
1289 2138 1402 2175 infre-

109 2192 274 2234 quenter
293 2192 383 2224 sunt
400 2187 434 2222 οὶ
460 2185 610 2222 πολλοι.
634 2201 650 2220 1>
675 2208 718 2214 -
735 2188 928 2224 Scholion.

82 2284 89 2288 .
156 2240 266 2286 Resp.
287 2240 580 2276 Distinctionem
604 2240 863 2287 interpolans,
882 2241 1019 2278 multos
1043 2246 1081 2277 et
1103 2253 1228 2278 omnes
1255 2242 1341 2278 dedi
1362 2244 1397 2278 in

111 2291 229 2327 citato
245 2291 330 2328 loco
352 2292 599 2339 Cosmoloyioe
616 2294 689 2338 (19,
708 2292 770 2339 ΙΙ).
791 2293 863 2330 Sed
882 2305 959 2331 non
979 2294 1178 2330 movendae
1196 2299 1286 2330 sunt
1302 2306 1400 2342 quae-

112 2344 256 2380 stiones
276 2344 323 2381 de
341 2345 550 2390 vocabulis,
570 2356 657 2381 cum
674 2356 734 2382 res
751 2347 843 2393 ipsae
864 2348 940 2383 sint
958 2346 1198 2383 definiendae.
1218 2348 1334 2384 Porro
1353 2347 1401 2384 ad

179 2422 320 2450 vomui.
340 2423 453 2451 Summs
475 2423 577 2457 philos.
595 2437 628 2443 -
650 2424 682 2452 Τ.
703 2422 748 2451 111.
1223 2423 1256 2452 21
