1554 2569
261 160 341 185 amr.
370 160 396 185 1.
424 159 467 185 nn
493 160 631 185 NATURA
657 160 698 185 m·
725 160 966 185 mvrsmmssus
993 161 1093 185 sums
1297 153 1361 186 125

73 230 121 266 ad
143 232 176 276 1,
198 230 280 267 haec
298 230 433 266 habet:
452 244 468 264 ‹
491 230 724 267 Consuetum
743 235 800 267 est
820 231 923 278 quod
939 232 1099 268 nomina
1118 243 1141 268 a
1159 232 1217 267 sui
1238 233 1362 279 prima

73 283 318 330 impositione
336 283 639 331 detorqueantur
654 284 702 320 ad
719 284 793 320 alia
809 284 1074 332 significanda.
1096 284 1201 321 Sicut
1221 296 1362 322 nomen

73 335 273 372 medicinae
293 336 519 383 impositum
537 340 595 373 est
614 337 739 383 primo
761 336 808 373 ad
829 336 1131 385 significandum
1148 337 1362 373 remedium

72 388 176 435 quod
189 393 393 436 praestatur
408 389 562 425 infirmo
581 389 628 425 ad
643 389 856 426 sanandum
873 400 881 425 :
897 389 1035 426 deinde
1056 394 1223 427 tractum
1238 395 1294 426 est
1315 390 1360 426 ad

74 440 368 489 significandam
388 446 511 478 artem
544 452 620 488 qua
640 442 713 478 hoc
738 444 803 487 fit;
826 443 879 479 ita
896 443 1013 479 etiam
1031 442 1105 479 hoc
1131 453 1273 479 nomen
1292 444 1362 479 Jus

72 494 197 541 primo
223 494 451 541 impositum
477 498 534 531 est
565 494 613 531 ad
633 492 935 540 significandum
956 496 1079 543 ipsam
1111 506 1188 532 rem
1199 497 1360 543 Justam.

74 546 327 583 Postmodum
351 551 482 583 autem
502 551 559 584 est
588 547 802 584 derivatum
824 548 871 584 ad
889 553 1010 584 artem
1026 559 1102 595 qua
1119 550 1363 596 cognoscitur

76 599 168 646 quid
189 600 239 636 sit
252 599 416 648 justum.
436 600 482 636 Et
499 600 660 636 uiterius
680 600 728 637 ad
760 601 1055 649 significandum
1078 602 1211 645 locum,
1233 603 1272 637 in
1287 613 1362 648 quo

68 653 136 700 jus
154 652 347 699 redditum
369 653 468 690 sicut
488 652 629 689 dicitur
643 653 782 700 aliquis
795 664 1017 701 comparere
1038 655 1077 690 in
1092 655 1192 701 jure.
1205 655 1250 690 Et
1269 655 1363 691 ulte·

72 706 152 743 rius
169 705 310 743 dicitur
322 707 440 743 etiam
461 706 563 754 quod
570 706 639 754 jus
656 706 831 743 redditur
849 707 897 743 ab
919 718 977 752 eo,
1000 707 1048 743 ad
1066 707 1178 754 cujus
1192 707 1362 744 officium

72 759 238 806 pertinet
264 758 463 805 justitiam
486 759 631 805 facere:
651 759 739 796 licet
778 759 896 795 etiam
915 759 954 795 id
972 759 1076 806 quod
1111 760 1294 805 decernit,
1315 761 1362 795 sit

74 812 263 858 iniquum.
286 825 301 843 ι

119 865 166 900 11.
183 864 289 900 Juris
302 866 410 901 notio
419 864 549 902 realis.
564 865 749 912 Sepositis
758 870 889 901 autem
900 865 985 901 aliis
1002 865 1361 913 significationibus,

74 918 112 953 in
132 917 260 964 prima
272 917 467 964 assignata
486 928 509 953 a
530 917 567 953 S.
584 918 732 953 Thoma
752 918 937 963 sistimus,
959 922 995 954 et
1012 918 1361 965 impraesentiarum

73 970 262 1005 sumimus
294 969 363 1016 jus
384 970 513 1017 prouti
541 970 732 1016 significat
743 970 907 1017 justum,
928 981 994 1006 seu
1016 976 1130 1018 prout
1151 972 1361 1017 generatim

73 1024 258 1070 importat
273 1022 311 1058 id
330 1022 434 1069 quod
454 1026 511 1058 est
532 1023 641 1071 alteri
659 1022 838 1059 debitum.

119 1076 185 1111 111.
218 1076 286 1112 Jus
309 1076 500 1122 obiective
520 1078 714 1121 sumptum
742 1079 783 1112 et
818 1076 1046 1122 subjective.
1078 1077 1172 1113 Hinc
1202 1078 1362 1124 emergit

74 1128 200 1175 prima
214 1127 297 1164 haec
304 1128 414 1175 juris
431 1128 579 1164 divisio.
602 1127 709 1174 Quod
721 1129 821 1164 enim
837 1134 889 1164 est
903 1129 1020 1165 alteri
1044 1129 1209 1166 debitum
1228 1134 1282 1165 est
1299 1130 1362 1175 jus

74 1179 257 1227 objective
274 1185 487 1227 sumptum.
508 1180 609 1216 Nihil
630 1186 761 1217 autem
785 1182 899 1217 alicui
921 1181 1082 1218 debetur
1101 1183 1174 1218 nisi
1196 1193 1362 1230 proesup-

75 1232 197 1278 posita
211 1231 251 1267 in
271 1231 345 1268 alio
358 1232 539 1269 facultate
554 1232 652 1269 illud
665 1234 867 1280 repetendi
882 1234 986 1271 :haec
998 1235 1171 1280 facultas
1185 1236 1362 1282 moralis,

74 1294 247 1329 personae
265 1290 474 1331 competens
495 1286 548 1321 ad
569 1286 723 1332 aliquid
737 1286 842 1331 juste
859 1287 1075 1323 habendum
1089 1288 1146 1323 vel
1158 1289 1361 1334 ayendum,

75 1336 185 1383 cujus
208 1337 362 1372 violatio
389 1338 586 1373 constituit
607 1338 808 1385 injuriam,
829 1344 886 1375 est
903 1340 968 1385 jus
997 1340 1202 1386 subjective
1232 1352 1363 1389 accep-

79 1395 177 1425 tum.
200 1388 281 1430 Quo
310 1398 423 1424 sensu
452 1387 616 1424 dicimus
651 1388 754 1435 quod
793 1388 932 1435 aliquis
961 1389 1084 1425 utitur
1098 1390 1186 1436 ⁸jure
1219 1401 1302 1426 suo.
1324 1410 1366 1415 ——

80 1442 177 1483 Quia
208 1445 337 1477 autem
369 1451 483 1477 nemo
513 1440 629 1477 habet
665 1441 887 1478 facultatem
919 1441 1116 1490 repetendi
1148 1442 1293 1489 aliquid
1326 1448 1366 1477 ut

79 1504 193 1529 suum
214 1493 287 1529 nisi
316 1493 363 1529 ab
400 1493 530 1540 aliqua
545 1493 629 1541 lege
643 1494 720 1529 sive
759 1493 939 1539 naturali,
962 1494 1038 1531 sive
1055 1495 1243 1542 positiva3
1280 1495 1367 1531 hinc

77 1547 141 1593 jus
187 1545 291 1582 haud
329 1556 415 1582 raro
435 1546 602 1582 sumitur
628 1547 745 1583 etiam
778 1557 847 1594 pro
890 1547 979 1594 leye,
1001 1552 1037 1583 et
1068 1547 1199 1595 legum
1237 1547 1367 1584 collec-

80 1598 204 1634 tiones
231 1598 300 1644 jus
316 1601 513 1644 vocantur,
535 1598 626 1645 quia
645 1609 775 1635 revera
800 1598 859 1635 lem
897 1603 952 1634 est
972 1609 1153 1635 mensura
1184 1604 1220 1635 et
1237 1599 1367 1647 regula

76 1661 187 1697 μηδ.

126 1704 186 1740 Ν.
207 1704 311 1740 suris
332 1705 470 1740 divisio
487 1707 532 1741 ut.
549 1708 609 1740 est
628 1705 703 1740 lex.
726 1703 870 1740 Exinde
887 1709 993 1751 patet
1014 1716 1059 1741 ex
1079 1706 1220 1752 triplici
1252 1706 1367 1741 etiam

80 1757 203 1804 capite
222 1757 416 1804 assignato
422 1757 487 1804 jus
507 1757 633 1792 subire
648 1767 758 1803 posse
779 1756 999 1793 divisiones.
1017 1758 1169 1793 Etenim
1180 1758 1250 1805 jus
1268 1769 1367 1794 sum·

80 1813 190 1856 ptum
202 1819 270 1855 pro
293 1809 368 1855 leye
384 1808 566 1844 dividitur
586 1810 625 1844 in
643 1809 822 1844 naturale
835 1813 873 1844 et
888 1810 1101 1856 positivum
1121 1816 1157 1846 et
1185 1811 1366 1857 qenlium,

81 1867 119 1898 et
137 1862 344 1909 positivum
361 1862 400 1896 in
419 1861 607 1906 divinum,
626 1861 923 1897 ecclesiasticum
942 1866 978 1898 et
996 1863 1120 1907 civile,
1143 1864 1271 1909 prouti
1293 1863 1366 1899 dic-

81 1919 164 1950 tum
184 1918 239 1950 est
261 1913 306 1949 de
323 1913 406 1960 lege
428 1914 487 1958 (24
513 1918 549 1948 et
569 1914 706 1960 seqq.).
730 1914 812 1948 Non
834 1914 992 1960 ponitur
1012 1919 1141 1950 autem
1162 1916 1200 1950 in
1221 1915 1293 1951 hac
1313 1915 1366 1950 di-

81 1967 227 2003 visione
252 1966 315 2013 jus
342 1970 530 2001 aeternum
561 1977 608 2001 ex
642 1966 725 2013 lege
757 1970 928 2010 externa,
951 1971 994 2001 ut
1025 1966 1160 2002 divisio
1199 1968 1266 2003 fiat
1302 1978 1368 2014 per

81 2019 257 2055 membra
273 2019 431 2055 omnino
461 2018 634 2064 diversa3
655 2019 716 2054 lex
747 2023 876 2054 autem
893 2019 1078 2055 naturalis
1098 2030 1186 2055 cum
1203 2021 1251 2055 sit
1284 2031 1366 2067 par-

80 2072 252 2119 ticipatio
284 2072 378 2119 legis
404 2075 573 2116 aeternae,
594 2082 672 2107 non
710 2072 909 2107 constituit
932 2071 1001 2118 jus
1018 2071 1209 2108 diversum
1229 2084 1251 2108 a
1276 2073 1367 2120 jure

81 2125 184 2171 quod
200 2125 240 2166 in
253 2125 336 2172 lege
356 2129 501 2161 aeterna
520 2124 719 2160 fundatur.

126 2177 168 2213 V.
182 2178 294 2214 'Juris
321 2179 460 2214 divisio
479 2178 671 2224 objective
688 2178 852 2223 accepti.
876 2178 943 2213 Jus
957 2178 1143 2225 objectiva
1169 2184 1365 2226 sumptum

83 2229 268 2267 dividitur
286 2235 324 2267 et
343 2231 470 2278 ipsum
497 2232 536 2266 in
555 2230 733 2266 naturale
745 2234 781 2266 et
797 2230 1024 2276 positivum.
1052 2230 1202 2267 Etenim
1219 2232 1283 2278 jus
1304 2231 1365 2267 ob-

46 2294 50 2319 :
79 2283 219 2330 jective
236 2287 436 2330 sumptum
468 2287 524 2320 est
540 2284 704 2331 justum,
741 2294 808 2319 seu
827 2294 886 2320 res
909 2283 1019 2320 alteri
1045 2283 1261 2330 adaequata.
1281 2284 1366 2319 Haec

83 2339 213 2371 autem
229 2335 446 2382 adaequatio
467 2341 535 2372 aut
554 2340 611 2372 est
630 2347 677 2371 ex
697 2340 835 2372 natura
855 2336 922 2381 rei,
941 2341 983 2372 ut
1003 2347 1091 2373 cum
1118 2336 1256 2383 aliquis
1285 2341 1365 2372 tan-

85 2393 163 2424 tum
179 2388 244 2425 dat
260 2393 302 2424 ut
329 2393 475 2425 tamum
497 2389 727 2436 accipiat;et
748 2390 786 2424 in
804 2389 878 2425 hoc
907 2399 997 2426 casu
1030 2389 1194 2426 habetur
1208 2389 1274 2436 jus
1301 2389 1365 2426 ob·

121 2465 262 2492 ΖιαιιΔιΑ.
280 2465 396 2492 Summa
409 2464 620 2500 philosophica.
642 2479 675 2484 —
691 2466 724 2492 Τ.
749 2466 800 2493 111.
1208 2455 1226 2484 9
