1584 2569
198 125 265 158 272
280 134 337 158 JUS
351 134 512 159 NATURAE.
529 135 655 162 LIB.11.
671 135 747 160 CAP.
763 135 814 160 111.
826 135 1064 160 DESOCIETATE
1078 134 1150 159 CIV.
1164 135 1200 160 ΙΝ
1216 135 1297 159 ORD.
1312 135 1355 159 AD
1366 134 1472 160 Amaia

197 213 338 250 magna
368 203 568 240 latrocinia
586 205 602 239 ‘1’
636 204 726 250 quia
751 207 788 240 et
819 205 903 251 Ipsa
932 205 1134 241 latrocinia
1165 204 1255 251 quid
1284 207 1371 240 sunt
1401 204 1473 240 nisi

199 267 313 302 parva
331 258 475 302 regna?
497 258 627 293 Manus
645 261 682 292 et
701 258 785 303 ipsa
803 257 1004 293 hominum
1026 262 1095 301 est,
1115 258 1275 305 imperio
1295 257 1475 305 principis

199 310 354 355 regitur,
372 313 482 356 pacto
502 309 695 345 societatis
707 309 973 356 adstringitur,
989 310 1117 356 placiti
1133 310 1214 355 lege
1234 309 1366 356 praeda
1384 309 1474 346 divi-

198 361 312 396 ditur.
337 363 412 397 Hoc
432 361 575 397 malum
597 362 628 397 si
643 362 681 397 in
701 365 851 398 tantum
874 363 1111 409 perditorum
1126 362 1328 398 hominum
1348 373 1474 398 acces-

197 415 301 450 sibus
332 415 476 458 crescst,
510 417 551 449 ut
579 418 615 450 et
646 414 730 450 loca
749 418 891 458 teneat,
921 415 1029 451 sedes
1059 416 1281 460 constituat,
1306 415 1476 451 civitates

197 471 367 513 occupet,
387 467 548 513 populos
568 467 759 513 subjuget,
785 467 995 503 evidentius
1015 468 1121 514 regni
1141 478 1279 503 nomen
1301 468 1475 511 assumit,

141 522 146 527 '
197 519 299 566 quod
318 519 350 554 ei
367 519 448 565 jam
467 520 504 555 in
525 520 723 555 manifesto
744 520 889 556 confert
911 531 987 556 non
1011 521 1165 556 ademta
1186 520 1388 566 cupiditas,
1410 520 1475 555 sed

197 571 329 607 addita
344 572 566 618 impunitas.
588 573 789 619 Eleganter
808 573 910 609 enim
931 576 968 608 et
987 573 1169 609 veraciter
1187 572 1402 608 Alexandro
1420 572 1476 608 illi

196 635 339 672 magno
366 625 523 670 quidam
555 625 853 672 comprehensus
878 626 1003 672 pirata
1029 625 1237 672 respondit.
1266 627 1361 661 Nam
1387 636 1476 660 cum

197 677 298 712 idem
320 687 384 712 rex
400 677 595 713 hominem
614 678 898 725 interrogasset,
922 678 1013 725 quid
1036 679 1069 714 ei
1086 678 1290 722 videretur,
1312 680 1353 713 ut
1371 688 1476 713 mare

197 730 355 765 haberet
375 730 579 775 infestum3
602 730 663 766 ille
684 730 805 767 libera
826 730 1079 773 contumacia,
1104 730 1212 773 Quod
1234 731 1315 772 tibi,
1338 730 1475 777 inquit,

197 786 237 816 xit
258 783 389 818 orbem
418 787 609 818 terrarum
629 794 637 819 :
667 784 732 819 sed
754 784 844 831 quia
871 784 909 819 id
930 795 1000 831 ego
1022 783 1159 829 exiguo
1187 783 1336 830 navigio
1364 783 1476 825 facio,

196 833 295 870 {aero
315 845 427 870 vocor
446 846 453 870 :
473 835 565 882 quia
578 840 618 871 tu
640 846 783 883 magna
803 837 936 881 classe,
959 836 1178 882 imperator.
1203 850 1218 868 ι

243 887 502 923 Coi-olearium
512 892 702 934 quartum.
716 889 817 924 Sicut
831 888 947 935 igitur
958 899 980 924 a
992 888 1092 924 malo
1104 887 1261 935 physico
1277 887 1420 923 inser-en
1428 887 1477 922 do

196 940 340 975 nationi
372 939 477 975 natio
511 951 557 975 ex
592 945 740 977 naturae
776 941 900 977 officio
930 940 1179 988 prohibetur;
1216 940 1270 975 ita
1301 939 1347 975 ab
1380 939 1475 974 infe·

196 991 322 1028 rendis
345 992 453 1028 malis
480 993 702 1036 moralibus,
724 996 766 1029 ut
793 996 880 1029 sunt
903 993 1113 1036 mendacia,
1138 992 1352 1036 calumum,
1377 991 1475 1026 alia-

196 1056 268 1091 que
281 1044 318 1079 id
331 1055 462 1090 genus,
476 1047 581 1080 tanto
595 1046 717 1092 magis
729 1045 982 1090 detestabilia,
995 1049 1138 1092 quanto
1151 1045 1275 1091 magis
1287 1045 1475 1090 integram

196 1097 391 1133 nationem
409 1097 619 1132 offendunt.

241 1151 307 1186 111.
329 1151 379 1185 De
397 1150 533 1186 officiis
542 1151 908 1186 internationalibus
928 1160 975 1186 ex
992 1153 1117 1195 pacto,
1141 1159 1210 1185 seu
1229 1149 1474 1185 voiuntariis.

196 1204 337 1238 Praeter
358 1203 543 1238 recensita
565 1202 690 1238 officia
717 1213 802 1249 quae
829 1203 1006 1238 oriuntur
1025 1213 1071 1237 ex
1095 1206 1232 1237 natura
1257 1201 1376 1247 ipsius
1397 1211 1476 1247 per·

197 1255 412 1290 sonalitatis
424 1255 580 1290 moralis
592 1265 666 1302 qua
679 1255 877 1290 societates
890 1255 1069 1290 humanae
1084 1255 1288 1298 donantur,
1305 1253 1379 1289 alia
1392 1255 1480 1288 sunt

197 1318 360 1354 quorum
383 1307 612 1354 principium
633 1318 680 1343 ex
711 1310 822 1353 pacto
851 1311 906 1342 est
932 1306 1195 1353 repetendum.
1217 1306 1274 1341 Ad
1296 1305 1403 1351 cujus
1421 1305 1475 1339 rei

198 1360 430 1396 evidentiam
447 1359 770 1396 considerandum
797 1364 853 1395 est
873 1360 977 1406 quod
1001 1360 1098 1395 sicut
1123 1359 1239 1394 homo
1263 1360 1343 1393 tum
1366 1357 1475 1392 incli-

200 1414 351 1448 natione
367 1412 548 1457 naturali,
567 1416 649 1448 tum
665 1413 957 1449 necessitatibus
976 1412 1023 1447 ad
1038 1412 1257 1447 societatem
1270 1410 1476 1446 ineundam

202 1478 223 1501 a
242 1470 378 1500 natura
396 1466 479 1511 ipsa
501 1465 712 1511 impellitur
732 1466 803 1509 (50,
823 1466 921 1509 Vll);
945 1466 998 1500 ita
1016 1463 1061 1499 dc
1076 1464 1307 1507 nationibus,
1331 1462 1404 1498 hoc
1425 1467 1481 1497 est

206 1517 251 1554 de
279 1518 451 1564 personis
483 1517 564 1552 istis
599 1517 808 1553 moralibus
843 1517 1171 1563 pronuntiandum
1207 1516 1380 1551 absolute
1411 1519 1477 1550 est.

206 1571 325 1605 Homo
364 1572 500 1604 natura
534 1581 601 1604 sua
633 1570 778 1616 appetit
804 1569 925 1604 vivere
954 1579 1041 1604 cum
1069 1568 1239 1612 homine,
1269 1571 1304 1602 et
1335 1568 1480 1602 mutuis

206 1622 360 1657 auxiliis
377 1632 416 1656 se
437 1622 598 1656 invicem
614 1621 760 1667 juvare,
789 1624 826 1656 et
847 1621 952 1656 natio
980 1621 1059 1656 vult
1081 1631 1168 1655 cum
1186 1619 1341 1654 natione
1361 1619 1482 1654 vivere

204 1677 241 1710 et
273 1678 449 1710 mutuam
474 1674 545 1709 sibi
573 1684 684 1720 opem
709 1674 894 1718 conferre,
921 1677 963 1708 ut
988 1673 1091 1719 quod
1112 1673 1178 1708 uni
1209 1673 1314 1708 deest
1339 1671 1386 1707 ab
1408 1671 1483 1706 alia

205 1730 443 1773 procuretur,
466 1731 502 1762 et
521 1727 722 1762 viceversa.
748 1726 839 1768 Quae
866 1726 997 1762 omnia
1021 1737 1098 1761 non
1122 1736 1273 1771 semper
1291 1735 1336 1760 ex
1357 1724 1482 1759 officio

204 1782 350 1815 naturae
378 1779 552 1826 praestari
574 1779 725 1823 debent,
754 1779 819 1814 sed
847 1779 976 1824 pactis
1002 1778 1190 1813 oriuntur.
1209 1779 1325 1812 Porro
1346 1776 1481 1822 hujus-

204 1831 309 1867 modi
327 1834 437 1877 pacta
449 1831 610 1878 duplicis
627 1831 775 1878 generis
794 1832 1038 1877 potissimum
1061 1841 1301 1866 recensemus
1318 1840 1326 1864 :
1346 1832 1381 1864 κ·
1398 1839 1484 1875 qure

204 1888 381 1919 mutuam
415 1894 548 1929 pacem
593 1886 629 1919 et
666 1884 961 1930 prosperitatem
999 1883 1190 1918 internam
1226 1882 1434 1928 respiciunt
1475 1893 1482 1916 :

205 1938 242 1971 20
273 1946 357 1981 quae
382 1938 471 1971 sunt
497 1936 597 1971 circa
624 1935 813 1971 unitatem
833 1938 870 1970 et
889 1935 1227 1981 independentiam
1248 1934 1295 1969 ab
1321 1933 1485 1969 inimicis

203 1989 370 2024 externis
396 1987 714 2024 conservandam.
741 1988 871 2023 Prima
890 1992 1075 2023 vocantur
1095 1990 1313 2023 contractus
1335 1999 1342 2022 :
1367 1987 1485 2021 altera

204 2051 290 2076 vero
310 2044 397 2075 sunt
415 2045 452 2076 et
470 2041 554 2087 ipsa
567 2051 652 2075 vere
670 2044 889 2076 contractus
906 2039 1235 2079 internationales‚
1249 2038 1314 2074 sed
1328 2038 1484 2084 faederis

207 2093 360 2128 nomine
372 2093 615 2128 communius
628 2092 832 2128 donantur.
843 2093 1073 2128 —Dicamus
1084 2091 1245 2127 breviter
1254 2091 1299 2125 de
1311 2091 1486 2137 singulis.

252 2146 312 2181 IV.
321 2146 371 2181 De
381 2146 645 2181 contractibus
655 2146 779 2191 quoad
786 2155 919 2190 pacem
928 2148 967 2180 et.
974 2145 1270 2190 prosperitatem
1279 2144 1487 2179 internam.

204 2198 395 2245 Principia
413 2199 587 2245 generica
612 2199 764 2245 (praeter
788 2198 977 2244 justitiam
1003 2202 1039 2232 et
1069 2198 1322 2240 honestatem)
1347 2196 1488 2241 quibus

207 2250 346 2286 debent
369 2250 569 2286 informari
600 2253 817 2286 contractus
844 2250 904 2285 isti
925 2252 1013 2285 sunt
1035 2260 1043 2285 :
1074 2251 1110 2284 1⁰
1131 2249 1235 2295 quod
1261 2249 1490 2284 auctoritate

207 2304 379 2349 legitima
398 2305 492 2340 fiant
513 2315 521 2339 :
542 2302 590 2338 ad
613 2303 719 2339 illam
742 2304 844 2339 enim
865 2303 1027 2350 pertinet
1053 2302 1229 2337 ordinem
1256 2311 1323 2336 seu
1344 2302 1489 2336 bonum

206 2366 409 2393 commune
443 2366 522 2393 suae
559 2355 753 2393 societatis
780 2366 998 2403 procurare,
1036 2355 1084 2391 ad
1119 2353 1222 2393 Quod
1261 2353 1486 2391 ordinantur
