<?xml version="1.0" encoding="UTF-8"?>
<!DOCTYPE html PUBLIC "-//W3C//DTD XHTML 1.0 Transitional//EN"
    "http://www.w3.org/TR/xhtml1/DTD/xhtml1-transitional.dtd">
<html xmlns="http://www.w3.org/1999/xhtml" xml:lang="en" lang="en">
 <head>
  <title>
</title>
<meta http-equiv="Content-Type" content="text/html;charset=utf-8" />
  <meta name='ocr-system' content='tesseract 3.04.00' />
  <meta name='ocr-capabilities' content='ocr_page ocr_carea ocr_par ocr_line ocrx_word'/>
</head>
<body>
  <div class='ocr_page' id='page_1' title='image "./summaphilosophic03zigluoft_0204.png"; bbox 0 0 1584 2569; ppageno 0'>
   <div class='ocr_carea' id='block_1_1' title="bbox 221 101 1427 142">
    <p class='ocr_par' dir='ltr' id='par_1_1' title="bbox 221 101 1427 142">
     <span class='ocr_line' id='line_1_1' title="bbox 221 101 1427 142; baseline 0.003 -7"><span class='ocrx_word' id='word_1_1' title='bbox 221 101 289 136; x_wconf 73' lang='lat'>194</span> <span class='ocrx_word' id='word_1_2' title='bbox 367 113 425 138; x_wconf 78' lang='lat' dir='ltr'>Jns</span> <span class='ocrx_word' id='word_1_3' title='bbox 447 113 607 142; x_wconf 64' lang='lat' dir='ltr'>mrum.</span> <span class='ocrx_word' id='word_1_4' title='bbox 636 114 707 141; x_wconf 78' lang='lat' dir='ltr'>Lm.</span> <span class='ocrx_word' id='word_1_5' title='bbox 737 115 776 142; x_wconf 83' lang='lat'>11.</span> <span class='ocrx_word' id='word_1_6' title='bbox 806 116 883 141; x_wconf 62' lang='lat' dir='ltr'>car.</span> <span class='ocrx_word' id='word_1_7' title='bbox 913 116 937 140; x_wconf 79' lang='grc' dir='ltr'>ι.</span> <span class='ocrx_word' id='word_1_8' title='bbox 955 115 998 140; x_wconf 79' lang='lat' dir='ltr'>DE</span> <span class='ocrx_word' id='word_1_9' title='bbox 1025 115 1213 141; x_wconf 68' lang='lat' dir='ltr'>socinum</span> <span class='ocrx_word' id='word_1_10' title='bbox 1236 115 1427 140; x_wconf 57' lang='lat' dir='ltr'>DORESTICA</span> 
     </span>
    </p>
   </div>
   <div class='ocr_carea' id='block_1_2' title="bbox 215 181 1499 604">
    <p class='ocr_par' dir='ltr' id='par_1_2' title="bbox 215 181 1499 604">
     <span class='ocr_line' id='line_1_2' title="bbox 215 181 1496 232; baseline 0.002 -14"><span class='ocrx_word' id='word_1_11' title='bbox 215 181 272 218; x_wconf 86' lang='lat' dir='ltr'>cio</span> <span class='ocrx_word' id='word_1_12' title='bbox 300 187 431 218; x_wconf 84' lang='lat' dir='ltr'>causat</span> <span class='ocrx_word' id='word_1_13' title='bbox 449 183 547 230; x_wconf 85' lang='lat' dir='ltr'>lites,</span> <span class='ocrx_word' id='word_1_14' title='bbox 569 186 782 232; x_wconf 64' lang='lat' dir='ltr'>praesertim</span> <span class='ocrx_word' id='word_1_15' title='bbox 803 196 890 221; x_wconf 88' lang='lat' dir='ltr'>vcro</span> <span class='ocrx_word' id='word_1_16' title='bbox 911 186 1011 222; x_wconf 90' lang='lat' dir='ltr'>inter</span> <span class='ocrx_word' id='word_1_17' title='bbox 1029 197 1167 222; x_wconf 84' lang='lat' dir='ltr'>uxores</span> <span class='ocrx_word' id='word_1_18' title='bbox 1187 186 1300 221; x_wconf 86' lang='lat' dir='ltr'>unius</span> <span class='ocrx_word' id='word_1_19' title='bbox 1318 185 1387 222; x_wconf 84' lang='lat' dir='ltr'>viri</span> <span class='ocrx_word' id='word_1_20' title='bbox 1411 195 1496 232; x_wconf 65' lang='lat' dir='ltr'>quae</span> 
     </span>
     <span class='ocr_line' id='line_1_3' title="bbox 217 234 1494 285; baseline 0.002 -15"><span class='ocrx_word' id='word_1_21' title='bbox 217 234 323 271; x_wconf 85' lang='lat' dir='ltr'>facile</span> <span class='ocrx_word' id='word_1_22' title='bbox 361 238 592 273; x_wconf 82' lang='lat' dir='ltr'>commoveri</span> <span class='ocrx_word' id='word_1_23' title='bbox 636 239 758 274; x_wconf 77' lang='lat' dir='ltr'>solent</span> <span class='ocrx_word' id='word_1_24' title='bbox 797 237 953 283; x_wconf 88' lang='lat' dir='ltr'>invidia,</span> <span class='ocrx_word' id='word_1_25' title='bbox 993 239 1252 284; x_wconf 80' lang='lat' dir='ltr'>aemulatione,</span> <span class='ocrx_word' id='word_1_26' title='bbox 1297 238 1494 285; x_wconf 84' lang='lat' dir='ltr'>zelotypia,</span> 
     </span>
     <span class='ocr_line' id='line_1_4' title="bbox 216 287 1499 340; baseline 0.004 -17"><span class='ocrx_word' id='word_1_27' title='bbox 216 287 376 334; x_wconf 87' lang='lat' dir='ltr'>aliisque</span> <span class='ocrx_word' id='word_1_28' title='bbox 397 289 556 326; x_wconf 81' lang='lat' dir='ltr'>infinitis</span> <span class='ocrx_word' id='word_1_29' title='bbox 576 292 711 327; x_wconf 89' lang='lat' dir='ltr'>causis.</span> <span class='ocrx_word' id='word_1_30' title='bbox 734 312 778 317; x_wconf 92' lang='lat'>—-</span> <span class='ocrx_word' id='word_1_31' title='bbox 804 291 899 333; x_wconf 82' lang='lat' dir='ltr'><strong>Quia</strong></span> <span class='ocrx_word' id='word_1_32' title='bbox 922 303 1012 339; x_wconf 84' lang='lat' dir='ltr'>ergo</span> <span class='ocrx_word' id='word_1_33' title='bbox 1033 293 1252 340; x_wconf 87' lang='lat' dir='ltr'>polygamia</span> <span class='ocrx_word' id='word_1_34' title='bbox 1274 292 1340 328; x_wconf 82' lang='lat' dir='ltr'>fini</span> <span class='ocrx_word' id='word_1_35' title='bbox 1361 292 1499 339; x_wconf 85' lang='lat' dir='ltr'>princi-</span> 
     </span>
     <span class='ocr_line' id='line_1_5' title="bbox 218 341 1497 393; baseline 0.003 -17"><span class='ocrx_word' id='word_1_36' title='bbox 218 341 292 386; x_wconf 88' lang='lat' dir='ltr'>pali</span> <span class='ocrx_word' id='word_1_37' title='bbox 330 343 568 379; x_wconf 76' lang='lat' dir='ltr'>matrimonii</span> <span class='ocrx_word' id='word_1_38' title='bbox 601 355 677 380; x_wconf 90' lang='lat' dir='ltr'>non</span> <span class='ocrx_word' id='word_1_39' title='bbox 716 345 985 389; x_wconf 77' lang='lat' dir='ltr'>contrariatur,</span> <span class='ocrx_word' id='word_1_40' title='bbox 1025 345 1090 382; x_wconf 89' lang='lat' dir='ltr'>sed</span> <span class='ocrx_word' id='word_1_41' title='bbox 1125 346 1249 393; x_wconf 83' lang='lat' dir='ltr'>magis</span> <span class='ocrx_word' id='word_1_42' title='bbox 1288 356 1355 392; x_wconf 89' lang='lat' dir='ltr'>per</span> <span class='ocrx_word' id='word_1_43' title='bbox 1391 344 1497 380; x_wconf 91' lang='lat' dir='ltr'>illam</span> 
     </span>
     <span class='ocr_line' id='line_1_6' title="bbox 216 393 1497 446; baseline 0.003 -18"><span class='ocrx_word' id='word_1_44' title='bbox 216 393 423 439; x_wconf 82' lang='lat' dir='ltr'>obtinetur,</span> <span class='ocrx_word' id='word_1_45' title='bbox 455 395 540 432; x_wconf 88' lang='lat' dir='ltr'>ideo</span> <span class='ocrx_word' id='word_1_46' title='bbox 575 408 641 444; x_wconf 89' lang='lat' dir='ltr'>per</span> <span class='ocrx_word' id='word_1_47' title='bbox 672 397 995 444; x_wconf 80' lang='lat' dir='ltr'>dispensationem</span> <span class='ocrx_word' id='word_1_48' title='bbox 1021 398 1190 435; x_wconf 88' lang='lat' dir='ltr'>divinam</span> <span class='ocrx_word' id='word_1_49' title='bbox 1217 398 1401 446; x_wconf 88' lang='lat' dir='ltr'>permissa</span> <span class='ocrx_word' id='word_1_50' title='bbox 1432 398 1497 434; x_wconf 86' lang='lat' dir='ltr'>ali-</span> 
     </span>
     <span class='ocr_line' id='line_1_7' title="bbox 216 446 1497 499; baseline 0.003 -18"><span class='ocrx_word' id='word_1_51' title='bbox 216 446 370 492; x_wconf 85' lang='lat' dir='ltr'>quando</span> <span class='ocrx_word' id='word_1_52' title='bbox 405 452 472 493; x_wconf 88' lang='lat' dir='ltr'>est,</span> <span class='ocrx_word' id='word_1_53' title='bbox 507 449 680 496; x_wconf 79' lang='lat' dir='ltr'>neglecto</span> <span class='ocrx_word' id='word_1_54' title='bbox 712 451 787 487; x_wconf 87' lang='lat' dir='ltr'>fine</span> <span class='ocrx_word' id='word_1_55' title='bbox 815 451 1054 497; x_wconf 86' lang='lat' dir='ltr'>secundario,</span> <span class='ocrx_word' id='word_1_56' title='bbox 1085 456 1128 487; x_wconf 89' lang='lat' dir='ltr'>ut</span> <span class='ocrx_word' id='word_1_57' title='bbox 1159 453 1246 487; x_wconf 85' lang='lat' dir='ltr'>finis</span> <span class='ocrx_word' id='word_1_58' title='bbox 1277 450 1497 499; x_wconf 87' lang='lat' dir='ltr'>principalis</span> 
     </span>
     <span class='ocr_line' id='line_1_8' title="bbox 217 498 1495 552; baseline 0.005 -19"><span class='ocrx_word' id='word_1_59' title='bbox 217 498 476 546; x_wconf 83' lang='lat' dir='ltr'>obtineretnr3</span> <span class='ocrx_word' id='word_1_60' title='bbox 518 502 583 537; x_wconf 88' lang='lat' dir='ltr'>sed</span> <span class='ocrx_word' id='word_1_61' title='bbox 625 503 662 537; x_wconf 93' lang='lat' dir='ltr'>in</span> <span class='ocrx_word' id='word_1_62' title='bbox 698 502 771 539; x_wconf 91' lang='lat' dir='ltr'>hoc</span> <span class='ocrx_word' id='word_1_63' title='bbox 808 514 830 539; x_wconf 91' lang='lat' dir='ltr'>a</span> <span class='ocrx_word' id='word_1_64' title='bbox 866 504 947 540; x_wconf 88' lang='lat' dir='ltr'>solo</span> <span class='ocrx_word' id='word_1_65' title='bbox 988 504 1063 541; x_wconf 92' lang='lat' dir='ltr'>Deo</span> <span class='ocrx_word' id='word_1_66' title='bbox 1103 505 1312 552; x_wconf 86' lang='lat' dir='ltr'>dispensari</span> <span class='ocrx_word' id='word_1_67' title='bbox 1357 508 1495 551; x_wconf 87' lang='lat' dir='ltr'>potest,</span> 
     </span>
     <span class='ocr_line' id='line_1_9' title="bbox 216 551 1496 604; baseline 0.005 -18"><span class='ocrx_word' id='word_1_68' title='bbox 216 551 282 598; x_wconf 89' lang='lat' dir='ltr'>qui</span> <span class='ocrx_word' id='word_1_69' title='bbox 311 553 413 589; x_wconf 87' lang='lat' dir='ltr'>solus</span> <span class='ocrx_word' id='word_1_70' title='bbox 442 558 498 590; x_wconf 92' lang='lat' dir='ltr'>est</span> <span class='ocrx_word' id='word_1_71' title='bbox 526 557 765 592; x_wconf 80' lang='lat' dir='ltr'>matrimonii</span> <span class='ocrx_word' id='word_1_72' title='bbox 794 557 1002 604; x_wconf 82' lang='lat' dir='ltr'>legislator,</span> <span class='ocrx_word' id='word_1_73' title='bbox 1033 562 1069 594; x_wconf 92' lang='lat' dir='ltr'>et</span> <span class='ocrx_word' id='word_1_74' title='bbox 1097 557 1182 594; x_wconf 91' lang='lat' dir='ltr'>ideo</span> <span class='ocrx_word' id='word_1_75' title='bbox 1214 558 1315 593; x_wconf 87' lang='lat' dir='ltr'>solus</span> <span class='ocrx_word' id='word_1_76' title='bbox 1346 557 1496 604; x_wconf 87' lang='lat' dir='ltr'>dispen-</span> 
     </span>
    </p>
   </div>
   <div class='ocr_carea' id='block_1_3' title="bbox 215 606 1495 695">
    <p class='ocr_par' dir='ltr' id='par_1_3' title="bbox 215 606 1495 695">
     <span class='ocr_line' id='line_1_10' title="bbox 216 606 1495 694; baseline 0.005 -55"><span class='ocrx_word' id='word_1_77' title='bbox 216 608 320 694; x_wconf 54' lang='lat' dir='ltr'>sztttlsir</span> <span class='ocrx_word' id='word_1_78' title='bbox 343 606 380 641; x_wconf 90' lang='lat' dir='ltr'>in</span> <span class='ocrx_word' id='word_1_79' title='bbox 402 606 635 644; x_wconf 84' lang='lat' dir='ltr'>secundariis</span> <span class='ocrx_word' id='word_1_80' title='bbox 656 610 894 646; x_wconf 82' lang='lat' dir='ltr'>matrimonii</span> <span class='ocrx_word' id='word_1_81' title='bbox 916 611 1128 658; x_wconf 79' lang='lat' dir='ltr'>praeceptis.</span> <span class='ocrx_word' id='word_1_82' title='bbox 1152 632 1196 644; x_wconf 59' lang='lat'>2-</span> <span class='ocrx_word' id='word_1_83' title='bbox 1222 610 1320 647; x_wconf 79' lang='lat' dir='ltr'>Ibz&#39;d.</span> <span class='ocrx_word' id='word_1_84' title='bbox 1344 609 1457 646; x_wconf 85' lang='lat' dir='ltr'>Artic.</span> <span class='ocrx_word' id='word_1_85' title='bbox 1481 609 1495 645; x_wconf 89' lang='grc' dir='ltr'><strong>Ι</strong></span> 
     </span>
     <span class='ocr_line' id='line_1_11' title="bbox 215 666 313 695; baseline 0.031 -3"><span class='ocrx_word' id='word_1_86' title='bbox 215 666 233 692; x_wconf 87' lang='lat' dir='ltr'>e</span> <span class='ocrx_word' id='word_1_87' title='bbox 302 683 313 695; x_wconf 82' lang='grc'><strong>.</strong></span> 
     </span>
    </p>
   </div>
   <div class='ocr_carea' id='block_1_4' title="bbox 597 806 1118 941">
    <p class='ocr_par' dir='ltr' id='par_1_4' title="bbox 597 806 1118 941">
     <span class='ocr_line' id='line_1_12' title="bbox 597 806 1118 843; baseline 0.002 -1"><span class='ocrx_word' id='word_1_88' title='bbox 597 807 854 843; x_wconf 81' lang='lat' dir='ltr'>ARTICULUS</span> <span class='ocrx_word' id='word_1_89' title='bbox 881 806 1118 843; x_wconf 87' lang='lat' dir='ltr'>SECUNDUS</span> 
     </span>
     <span class='ocr_line' id='line_1_13' title="bbox 821 898 893 941; baseline 0 0"><span class='ocrx_word' id='word_1_90' title='bbox 821 898 893 941; x_wconf 77' lang='lat'>(43)</span> 
     </span>
    </p>
   </div>
   <div class='ocr_carea' id='block_1_5' title="bbox 515 982 1200 1021">
    <p class='ocr_par' dir='ltr' id='par_1_5' title="bbox 515 982 1200 1021">
     <span class='ocr_line' id='line_1_14' title="bbox 515 982 1200 1021; baseline 0.001 -2"><span class='ocrx_word' id='word_1_91' title='bbox 515 982 571 1020; x_wconf 89' lang='lat' dir='ltr'>De</span> <span class='ocrx_word' id='word_1_92' title='bbox 589 984 831 1020; x_wconf 78' lang='lat' dir='ltr'>matrimonii</span> <span class='ocrx_word' id='word_1_93' title='bbox 847 983 1200 1021; x_wconf 67' lang='lat' dir='ltr'>indissolubilitate.</span> 
     </span>
    </p>
   </div>
   <div class='ocr_carea' id='block_1_6' title="bbox 217 1089 1506 2406">
    <p class='ocr_par' dir='ltr' id='par_1_6' title="bbox 217 1089 1500 1868">
     <span class='ocr_line' id='line_1_15' title="bbox 266 1089 1497 1136; baseline 0.001 -11"><span class='ocrx_word' id='word_1_94' title='bbox 266 1089 293 1125; x_wconf 90' lang='lat'>1.</span> <span class='ocrx_word' id='word_1_95' title='bbox 323 1089 455 1126; x_wconf 86' lang='lat' dir='ltr'>Status</span> <span class='ocrx_word' id='word_1_96' title='bbox 482 1091 719 1136; x_wconf 79' lang='lat' dir='ltr'>quaestionis.</span> <span class='ocrx_word' id='word_1_97' title='bbox 747 1092 1031 1128; x_wconf 81' lang='lat' dir='ltr'>Matrimonium</span> <span class='ocrx_word' id='word_1_98' title='bbox 1060 1096 1116 1127; x_wconf 80' lang='lat' dir='ltr'>est</span> <span class='ocrx_word' id='word_1_99' title='bbox 1140 1090 1333 1127; x_wconf 90' lang='lat' dir='ltr'>vinculum</span> <span class='ocrx_word' id='word_1_100' title='bbox 1363 1090 1497 1127; x_wconf 84' lang='lat' dir='ltr'>uniens</span> 
     </span>
     <span class='ocr_line' id='line_1_16' title="bbox 222 1142 1498 1181; baseline 0.002 -4"><span class='ocrx_word' id='word_1_101' title='bbox 222 1142 345 1178; x_wconf 78' lang='lat' dir='ltr'>virum</span> <span class='ocrx_word' id='word_1_102' title='bbox 381 1148 418 1178; x_wconf 88' lang='lat' dir='ltr'>et</span> <span class='ocrx_word' id='word_1_103' title='bbox 452 1144 651 1181; x_wconf 89' lang='lat' dir='ltr'>mulierem</span> <span class='ocrx_word' id='word_1_104' title='bbox 684 1144 731 1180; x_wconf 93' lang='lat' dir='ltr'>ad</span> <span class='ocrx_word' id='word_1_105' title='bbox 767 1145 954 1181; x_wconf 87' lang='lat' dir='ltr'>unitatem</span> <span class='ocrx_word' id='word_1_106' title='bbox 986 1146 1071 1180; x_wconf 82' lang='lat' dir='ltr'>vitae</span> <span class='ocrx_word' id='word_1_107' title='bbox 1104 1143 1317 1180; x_wconf 83' lang='lat' dir='ltr'>ducendam</span> <span class='ocrx_word' id='word_1_108' title='bbox 1352 1155 1359 1178; x_wconf 93' lang='lat'><strong>:</strong></span> <span class='ocrx_word' id='word_1_109' title='bbox 1397 1143 1498 1179; x_wconf 90' lang='lat' dir='ltr'>unde</span> 
     </span>
     <span class='ocr_line' id='line_1_17' title="bbox 219 1195 1495 1242; baseline 0.002 -13"><span class='ocrx_word' id='word_1_110' title='bbox 219 1205 347 1230; x_wconf 89' lang='lat' dir='ltr'>secum</span> <span class='ocrx_word' id='word_1_111' title='bbox 377 1195 448 1231; x_wconf 84' lang='lat' dir='ltr'>fert</span> <span class='ocrx_word' id='word_1_112' title='bbox 479 1207 724 1233; x_wconf 88' lang='lat' dir='ltr'>communem</span> <span class='ocrx_word' id='word_1_113' title='bbox 757 1197 1096 1242; x_wconf 81' lang='lat' dir='ltr'>cohabitationem,</span> <span class='ocrx_word' id='word_1_114' title='bbox 1124 1201 1161 1232; x_wconf 90' lang='lat' dir='ltr'>et</span> <span class='ocrx_word' id='word_1_115' title='bbox 1188 1197 1375 1232; x_wconf 87' lang='lat' dir='ltr'>unitatem</span> <span class='ocrx_word' id='word_1_116' title='bbox 1408 1197 1495 1232; x_wconf 83' lang='lat' dir='ltr'>tori.</span> 
     </span>
     <span class='ocr_line' id='line_1_18' title="bbox 219 1248 1498 1296; baseline 0.002 -14"><span class='ocrx_word' id='word_1_117' title='bbox 219 1248 410 1288; x_wconf 80' lang='lat' dir='ltr'>Quaeritur</span> <span class='ocrx_word' id='word_1_118' title='bbox 435 1260 525 1296; x_wconf 84' lang='lat' dir='ltr'>ergo</span> <span class='ocrx_word' id='word_1_119' title='bbox 553 1254 681 1285; x_wconf 90' lang='lat' dir='ltr'>utrum</span> <span class='ocrx_word' id='word_1_120' title='bbox 709 1250 1000 1286; x_wconf 86' lang='lat' dir='ltr'>matrimonium</span> <span class='ocrx_word' id='word_1_121' title='bbox 1024 1250 1072 1285; x_wconf 92' lang='lat' dir='ltr'>sit</span> <span class='ocrx_word' id='word_1_122' title='bbox 1099 1248 1359 1285; x_wconf 83' lang='lat' dir='ltr'>indissolubile</span> <span class='ocrx_word' id='word_1_123' title='bbox 1382 1249 1498 1285; x_wconf 91' lang='lat' dir='ltr'>etiam</span> 
     </span>
     <span class='ocr_line' id='line_1_19' title="bbox 220 1300 1497 1349; baseline 0.002 -14"><span class='ocrx_word' id='word_1_124' title='bbox 220 1311 287 1346; x_wconf 85' lang='lat' dir='ltr'>per</span> <span class='ocrx_word' id='word_1_125' title='bbox 309 1300 469 1337; x_wconf 84' lang='lat' dir='ltr'>liberam</span> <span class='ocrx_word' id='word_1_126' title='bbox 491 1301 728 1338; x_wconf 86' lang='lat' dir='ltr'>voluntatem</span> <span class='ocrx_word' id='word_1_127' title='bbox 749 1302 1071 1346; x_wconf 86' lang='lat' dir='ltr'>contrahentium,</span> <span class='ocrx_word' id='word_1_128' title='bbox 1096 1302 1167 1337; x_wconf 91' lang='lat' dir='ltr'>viri</span> <span class='ocrx_word' id='word_1_129' title='bbox 1187 1312 1323 1349; x_wconf 82' lang='lat' dir='ltr'>nempe</span> <span class='ocrx_word' id='word_1_130' title='bbox 1343 1306 1380 1337; x_wconf 90' lang='lat' dir='ltr'>et</span> <span class='ocrx_word' id='word_1_131' title='bbox 1406 1313 1497 1337; x_wconf 79' lang='lat' dir='ltr'>uxo-</span> 
     </span>
     <span class='ocr_line' id='line_1_20' title="bbox 218 1353 1498 1403; baseline 0.002 -16"><span class='ocrx_word' id='word_1_132' title='bbox 218 1353 281 1388; x_wconf 83' lang='lat' dir='ltr'>ris.</span> <span class='ocrx_word' id='word_1_133' title='bbox 305 1353 391 1390; x_wconf 65' lang='lat' dir='ltr'>Haec</span> <span class='ocrx_word' id='word_1_134' title='bbox 412 1359 539 1390; x_wconf 85' lang='lat' dir='ltr'>autem</span> <span class='ocrx_word' id='word_1_135' title='bbox 560 1356 721 1402; x_wconf 86' lang='lat' dir='ltr'>quaestio</span> <span class='ocrx_word' id='word_1_136' title='bbox 740 1359 864 1403; x_wconf 86' lang='lat' dir='ltr'>potest</span> <span class='ocrx_word' id='word_1_137' title='bbox 884 1356 1020 1402; x_wconf 79' lang='lat' dir='ltr'>agitari</span> <span class='ocrx_word' id='word_1_138' title='bbox 1043 1366 1051 1390; x_wconf 79' lang='lat'>2</span> <span class='ocrx_word' id='word_1_139' title='bbox 1074 1357 1108 1390; x_wconf 87' lang='lat'>10</span> <span class='ocrx_word' id='word_1_140' title='bbox 1128 1354 1173 1390; x_wconf 91' lang='lat' dir='ltr'>de</span> <span class='ocrx_word' id='word_1_141' title='bbox 1192 1358 1430 1401; x_wconf 77' lang='lat' dir='ltr'>consequente</span> <span class='ocrx_word' id='word_1_142' title='bbox 1450 1354 1498 1390; x_wconf 85' lang='lat' dir='ltr'>ad</span> 
     </span>
     <span class='ocr_line' id='line_1_21' title="bbox 219 1404 1499 1452; baseline -0.001 -11"><span class='ocrx_word' id='word_1_143' title='bbox 219 1406 409 1442; x_wconf 74' lang='lat' dir='ltr'>vinculum</span> <span class='ocrx_word' id='word_1_144' title='bbox 447 1408 744 1452; x_wconf 84' lang='lat' dir='ltr'>matrimoniale,</span> <span class='ocrx_word' id='word_1_145' title='bbox 786 1419 851 1444; x_wconf 89' lang='lat' dir='ltr'>seu</span> <span class='ocrx_word' id='word_1_146' title='bbox 891 1408 936 1443; x_wconf 90' lang='lat' dir='ltr'>de</span> <span class='ocrx_word' id='word_1_147' title='bbox 953 1404 1314 1450; x_wconf 74' lang='lat' dir='ltr'>cohabitation63et</span> <span class='ocrx_word' id='word_1_148' title='bbox 1351 1407 1389 1442; x_wconf 84' lang='lat' dir='ltr'>in</span> <span class='ocrx_word' id='word_1_149' title='bbox 1426 1406 1499 1443; x_wconf 83' lang='lat' dir='ltr'>hoo</span> 
     </span>
     <span class='ocr_line' id='line_1_22' title="bbox 217 1459 1498 1507; baseline 0.001 -13"><span class='ocrx_word' id='word_1_150' title='bbox 217 1469 330 1494; x_wconf 86' lang='lat' dir='ltr'>sensu</span> <span class='ocrx_word' id='word_1_151' title='bbox 354 1460 499 1496; x_wconf 86' lang='lat' dir='ltr'>nullam</span> <span class='ocrx_word' id='word_1_152' title='bbox 520 1460 689 1497; x_wconf 87' lang='lat' dir='ltr'>admittit</span> <span class='ocrx_word' id='word_1_153' title='bbox 714 1461 978 1497; x_wconf 76' lang='lat' dir='ltr'>difficultatem</span> <span class='ocrx_word' id='word_1_154' title='bbox 999 1461 1098 1496; x_wconf 86' lang='lat' dir='ltr'>inter</span> <span class='ocrx_word' id='word_1_155' title='bbox 1121 1459 1382 1507; x_wconf 86' lang='lat' dir='ltr'>philosophos.</span> <span class='ocrx_word' id='word_1_156' title='bbox 1409 1459 1498 1495; x_wconf 87' lang='lat' dir='ltr'>Gra-</span> 
     </span>
     <span class='ocr_line' id='line_1_23' title="bbox 218 1511 1498 1559; baseline 0 -12"><span class='ocrx_word' id='word_1_157' title='bbox 218 1511 372 1548; x_wconf 88' lang='lat' dir='ltr'>vissima</span> <span class='ocrx_word' id='word_1_158' title='bbox 389 1514 491 1548; x_wconf 89' lang='lat' dir='ltr'>enim</span> <span class='ocrx_word' id='word_1_159' title='bbox 512 1514 696 1550; x_wconf 84' lang='lat' dir='ltr'>existente</span> <span class='ocrx_word' id='word_1_160' title='bbox 726 1524 852 1558; x_wconf 91' lang='lat' dir='ltr'>causa,</span> <span class='ocrx_word' id='word_1_161' title='bbox 877 1523 962 1559; x_wconf 81' lang='lat' dir='ltr'>quae</span> <span class='ocrx_word' id='word_1_162' title='bbox 985 1512 1119 1548; x_wconf 87' lang='lat' dir='ltr'>reddat</span> <span class='ocrx_word' id='word_1_163' title='bbox 1143 1512 1339 1548; x_wconf 88' lang='lat' dir='ltr'>moraliter</span> <span class='ocrx_word' id='word_1_164' title='bbox 1359 1513 1498 1559; x_wconf 85' lang='lat' dir='ltr'>impos-</span> 
     </span>
     <span class='ocr_line' id='line_1_24' title="bbox 218 1564 1499 1613; baseline 0.001 -14"><span class='ocrx_word' id='word_1_165' title='bbox 218 1564 368 1600; x_wconf 89' lang='lat' dir='ltr'>sibilem</span> <span class='ocrx_word' id='word_1_166' title='bbox 399 1566 721 1602; x_wconf 83' lang='lat' dir='ltr'>cohabitationem</span> <span class='ocrx_word' id='word_1_167' title='bbox 759 1567 982 1613; x_wconf 78' lang='lat' dir='ltr'>conjugum,</span> <span class='ocrx_word' id='word_1_168' title='bbox 1018 1566 1206 1612; x_wconf 86' lang='lat' dir='ltr'>separatio</span> <span class='ocrx_word' id='word_1_169' title='bbox 1239 1565 1365 1612; x_wconf 89' lang='lat' dir='ltr'>quoad</span> <span class='ocrx_word' id='word_1_170' title='bbox 1399 1564 1499 1601; x_wconf 85' lang='lat' dir='ltr'>hanc</span> 
     </span>
     <span class='ocr_line' id='line_1_25' title="bbox 219 1617 1500 1665; baseline -0.001 -12"><span class='ocrx_word' id='word_1_171' title='bbox 219 1617 545 1653; x_wconf 85' lang='lat' dir='ltr'>cohabitationem</span> <span class='ocrx_word' id='word_1_172' title='bbox 577 1619 718 1655; x_wconf 90' lang='lat' dir='ltr'>nedum</span> <span class='ocrx_word' id='word_1_173' title='bbox 750 1619 850 1655; x_wconf 89' lang='lat' dir='ltr'>licite</span> <span class='ocrx_word' id='word_1_174' title='bbox 880 1619 1051 1665; x_wconf 86' lang='lat' dir='ltr'>permitti</span> <span class='ocrx_word' id='word_1_175' title='bbox 1088 1629 1110 1654; x_wconf 91' lang='lat' dir='ltr'>a</span> <span class='ocrx_word' id='word_1_176' title='bbox 1146 1618 1228 1665; x_wconf 84' lang='lat' dir='ltr'>lege</span> <span class='ocrx_word' id='word_1_177' title='bbox 1263 1622 1401 1665; x_wconf 86' lang='lat' dir='ltr'>potest,</span> <span class='ocrx_word' id='word_1_178' title='bbox 1434 1617 1500 1653; x_wconf 88' lang='lat' dir='ltr'>sed</span> 
     </span>
     <span class='ocr_line' id='line_1_26' title="bbox 218 1671 1494 1719; baseline 0 -13"><span class='ocrx_word' id='word_1_179' title='bbox 218 1672 296 1706; x_wconf 91' lang='lat' dir='ltr'>imo</span> <span class='ocrx_word' id='word_1_180' title='bbox 323 1671 568 1707; x_wconf 84' lang='lat' dir='ltr'>consulenda.</span> <span class='ocrx_word' id='word_1_181' title='bbox 594 1674 632 1708; x_wconf 82' lang='lat'>20</span> <span class='ocrx_word' id='word_1_182' title='bbox 651 1672 818 1713; x_wconf 85' lang='lat' dir='ltr'>Quaestio</span> <span class='ocrx_word' id='word_1_183' title='bbox 839 1673 983 1708; x_wconf 89' lang='lat' dir='ltr'>moveri</span> <span class='ocrx_word' id='word_1_184' title='bbox 1008 1676 1133 1719; x_wconf 84' lang='lat' dir='ltr'>potest</span> <span class='ocrx_word' id='word_1_185' title='bbox 1159 1671 1204 1707; x_wconf 90' lang='lat' dir='ltr'>de</span> <span class='ocrx_word' id='word_1_186' title='bbox 1227 1671 1308 1719; x_wconf 91' lang='lat' dir='ltr'>ipso</span> <span class='ocrx_word' id='word_1_187' title='bbox 1329 1671 1494 1715; x_wconf 80' lang='lat' dir='ltr'>vinculo,</span> 
     </span>
     <span class='ocr_line' id='line_1_27' title="bbox 217 1723 1495 1772; baseline 0 -13"><span class='ocrx_word' id='word_1_188' title='bbox 217 1728 348 1760; x_wconf 88' lang='lat' dir='ltr'>utrum</span> <span class='ocrx_word' id='word_1_189' title='bbox 380 1725 474 1760; x_wconf 87' lang='lat' dir='ltr'>solvi</span> <span class='ocrx_word' id='word_1_190' title='bbox 499 1726 620 1771; x_wconf 87' lang='lat' dir='ltr'>possit</span> <span class='ocrx_word' id='word_1_191' title='bbox 650 1726 704 1761; x_wconf 88' lang='lat' dir='ltr'>ita</span> <span class='ocrx_word' id='word_1_192' title='bbox 733 1730 773 1760; x_wconf 93' lang='lat' dir='ltr'>ut</span> <span class='ocrx_word' id='word_1_193' title='bbox 802 1735 869 1772; x_wconf 90' lang='lat' dir='ltr'>per</span> <span class='ocrx_word' id='word_1_194' title='bbox 900 1725 1106 1761; x_wconf 81' lang='lat' dir='ltr'>divortium</span> <span class='ocrx_word' id='word_1_195' title='bbox 1135 1723 1276 1760; x_wconf 89' lang='lat' dir='ltr'>nedum</span> <span class='ocrx_word' id='word_1_196' title='bbox 1305 1724 1495 1771; x_wconf 85' lang='lat' dir='ltr'>separatio</span> 
     </span>
     <span class='ocr_line' id='line_1_28' title="bbox 220 1777 1498 1825; baseline 0 -13"><span class='ocrx_word' id='word_1_197' title='bbox 220 1777 293 1812; x_wconf 91' lang='lat' dir='ltr'>tori</span> <span class='ocrx_word' id='word_1_198' title='bbox 324 1777 523 1822; x_wconf 85' lang='lat' dir='ltr'>habeatur,</span> <span class='ocrx_word' id='word_1_199' title='bbox 557 1778 622 1813; x_wconf 88' lang='lat' dir='ltr'>sed</span> <span class='ocrx_word' id='word_1_200' title='bbox 648 1778 802 1814; x_wconf 88' lang='lat' dir='ltr'>libertas</span> <span class='ocrx_word' id='word_1_201' title='bbox 832 1779 870 1814; x_wconf 88' lang='lat' dir='ltr'>in</span> <span class='ocrx_word' id='word_1_202' title='bbox 899 1778 1127 1825; x_wconf 81' lang='lat' dir='ltr'>conjugibus</span> <span class='ocrx_word' id='word_1_203' title='bbox 1154 1778 1262 1813; x_wconf 86' lang='lat' dir='ltr'>alteri</span> <span class='ocrx_word' id='word_1_204' title='bbox 1291 1778 1391 1813; x_wconf 88' lang='lat' dir='ltr'>licite</span> <span class='ocrx_word' id='word_1_205' title='bbox 1427 1788 1498 1813; x_wconf 89' lang='lat' dir='ltr'>nu-</span> 
     </span>
     <span class='ocr_line' id='line_1_29' title="bbox 217 1829 345 1868; baseline 0.008 -2"><span class='ocrx_word' id='word_1_206' title='bbox 217 1829 345 1868; x_wconf 84' lang='lat' dir='ltr'>bendi.</span> 
     </span>
    </p>

    <p class='ocr_par' dir='ltr' id='par_1_7' title="bbox 220 1884 1506 2406">
     <span class='ocr_line' id='line_1_30' title="bbox 264 1884 1506 1931; baseline 0 -12"><span class='ocrx_word' id='word_1_207' title='bbox 264 1885 309 1919; x_wconf 85' lang='lat'>11.</span> <span class='ocrx_word' id='word_1_208' title='bbox 331 1885 406 1920; x_wconf 81' lang='lat' dir='ltr'>Lex</span> <span class='ocrx_word' id='word_1_209' title='bbox 426 1885 556 1921; x_wconf 81' lang='lat' dir='ltr'>divina</span> <span class='ocrx_word' id='word_1_210' title='bbox 573 1889 613 1922; x_wconf 84' lang='lat' dir='ltr'>et</span> <span class='ocrx_word' id='word_1_211' title='bbox 632 1887 829 1931; x_wconf 87' lang='lat' dir='ltr'>corruptio</span> <span class='ocrx_word' id='word_1_212' title='bbox 842 1886 1024 1922; x_wconf 87' lang='lat' dir='ltr'>humana.</span> <span class='ocrx_word' id='word_1_213' title='bbox 1039 1886 1114 1921; x_wconf 84' lang='lat' dir='ltr'>Lex</span> <span class='ocrx_word' id='word_1_214' title='bbox 1134 1884 1263 1921; x_wconf 89' lang='lat' dir='ltr'>divina</span> <span class='ocrx_word' id='word_1_215' title='bbox 1275 1885 1352 1921; x_wconf 90' lang='lat' dir='ltr'>lata</span> <span class='ocrx_word' id='word_1_216' title='bbox 1366 1884 1412 1920; x_wconf 90' lang='lat' dir='ltr'>ab</span> <span class='ocrx_word' id='word_1_217' title='bbox 1429 1884 1506 1931; x_wconf 69' lang='lat' dir='ltr'>ori-v</span> 
     </span>
     <span class='ocr_line' id='line_1_31' title="bbox 220 1937 1501 1986; baseline 0.001 -15"><span class='ocrx_word' id='word_1_218' title='bbox 220 1937 305 1983; x_wconf 76' lang='lat' dir='ltr'>gine</span> <span class='ocrx_word' id='word_1_219' title='bbox 327 1937 459 1972; x_wconf 87' lang='lat' dir='ltr'>mundi</span> <span class='ocrx_word' id='word_1_220' title='bbox 479 1944 534 1974; x_wconf 87' lang='lat' dir='ltr'>cst</span> <span class='ocrx_word' id='word_1_221' title='bbox 551 1949 559 1974; x_wconf 71' lang='grc' dir='ltr'>ε</span> <span class='ocrx_word' id='word_1_222' title='bbox 580 1937 687 1983; x_wconf 84' lang='lat' dir='ltr'>Quod</span> <span class='ocrx_word' id='word_1_223' title='bbox 701 1939 802 1975; x_wconf 82' lang='lat' dir='ltr'>Deus</span> <span class='ocrx_word' id='word_1_224' title='bbox 819 1938 1034 1986; x_wconf 75' lang='lat' dir='ltr'>conjunxit,</span> <span class='ocrx_word' id='word_1_225' title='bbox 1056 1938 1164 1974; x_wconf 86' lang='lat' dir='ltr'>homo</span> <span class='ocrx_word' id='word_1_226' title='bbox 1183 1948 1259 1973; x_wconf 75' lang='lat' dir='ltr'>non</span> <span class='ocrx_word' id='word_1_227' title='bbox 1277 1941 1436 1983; x_wconf 74' lang='lat' dir='ltr'>separet,</span> <span class='ocrx_word' id='word_1_228' title='bbox 1458 1939 1501 1972; x_wconf 84' lang='lat' dir='ltr'>ut</span> 
     </span>
     <span class='ocr_line' id='line_1_32' title="bbox 220 1989 1501 2038; baseline 0 -14"><span class='ocrx_word' id='word_1_229' title='bbox 220 1989 451 2036; x_wconf 80' lang='lat' dir='ltr'>Redemptor</span> <span class='ocrx_word' id='word_1_230' title='bbox 475 1990 566 2027; x_wconf 86' lang='lat' dir='ltr'>dicit</span> <span class='ocrx_word' id='word_1_231' title='bbox 586 1991 755 2027; x_wconf 61' lang='lat' dir='ltr'>Matthaei</span> <span class='ocrx_word' id='word_1_232' title='bbox 775 1992 866 2037; x_wconf 88' lang='lat' dir='ltr'>XIX,</span> <span class='ocrx_word' id='word_1_233' title='bbox 889 1994 922 2027; x_wconf 88' lang='lat'>6.</span> <span class='ocrx_word' id='word_1_234' title='bbox 944 1991 996 2027; x_wconf 91' lang='lat' dir='ltr'>De&#39;</span> <span class='ocrx_word' id='word_1_235' title='bbox 1017 1991 1099 2038; x_wconf 84' lang='lat' dir='ltr'>lege</span> <span class='ocrx_word' id='word_1_236' title='bbox 1120 1996 1250 2027; x_wconf 83' lang='lat' dir='ltr'>autem</span> <span class='ocrx_word' id='word_1_237' title='bbox 1276 1994 1423 2027; x_wconf 81' lang='lat' dir='ltr'>naturae</span> <span class='ocrx_word' id='word_1_238' title='bbox 1443 1994 1501 2025; x_wconf 87' lang='lat' dir='ltr'>est</span> 
     </span>
     <span class='ocr_line' id='line_1_33' title="bbox 220 2042 1500 2088; baseline 0.001 -12"><span class='ocrx_word' id='word_1_239' title='bbox 220 2042 323 2087; x_wconf 90' lang='lat' dir='ltr'>quod</span> <span class='ocrx_word' id='word_1_240' title='bbox 360 2042 477 2078; x_wconf 82' lang='lat' dir='ltr'>homo</span> <span class='ocrx_word' id='word_1_241' title='bbox 508 2044 574 2080; x_wconf 74' lang='lat' dir='ltr'>Dei</span> <span class='ocrx_word' id='word_1_242' title='bbox 610 2044 843 2080; x_wconf 90' lang='lat' dir='ltr'>ordinationi</span> <span class='ocrx_word' id='word_1_243' title='bbox 878 2055 956 2080; x_wconf 92' lang='lat' dir='ltr'>non</span> <span class='ocrx_word' id='word_1_244' title='bbox 988 2043 1246 2088; x_wconf 83' lang='lat' dir='ltr'>contradicat3</span> <span class='ocrx_word' id='word_1_245' title='bbox 1274 2042 1338 2078; x_wconf 90' lang='lat' dir='ltr'>sed</span> <span class='ocrx_word' id='word_1_246' title='bbox 1364 2043 1500 2078; x_wconf 83' lang='lat' dir='ltr'>saneti-</span> 
     </span>
     <span class='ocr_line' id='line_1_34' title="bbox 221 2095 1499 2134; baseline 0.001 -5"><span class='ocrx_word' id='word_1_247' title='bbox 221 2099 339 2130; x_wconf 88' lang='lat' dir='ltr'>tatem</span> <span class='ocrx_word' id='word_1_248' title='bbox 366 2096 506 2131; x_wconf 84' lang='lat' dir='ltr'>vinculi</span> <span class='ocrx_word' id='word_1_249' title='bbox 527 2098 824 2134; x_wconf 82' lang='lat' dir='ltr'>matrimonialis</span> <span class='ocrx_word' id='word_1_250' title='bbox 841 2097 1062 2134; x_wconf 88' lang='lat' dir='ltr'>inviolatam</span> <span class='ocrx_word' id='word_1_251' title='bbox 1080 2096 1340 2132; x_wconf 88' lang='lat' dir='ltr'>custodiat.—</span> <span class='ocrx_word' id='word_1_252' title='bbox 1359 2095 1499 2130; x_wconf 86' lang='lat' dir='ltr'>Verum</span> 
     </span>
     <span class='ocr_line' id='line_1_35' title="bbox 220 2148 1498 2197; baseline 0 -14"><span class='ocrx_word' id='word_1_253' title='bbox 220 2148 346 2184; x_wconf 89' lang='lat' dir='ltr'>omnis</span> <span class='ocrx_word' id='word_1_254' title='bbox 372 2159 458 2184; x_wconf 89' lang='lat' dir='ltr'>caro</span> <span class='ocrx_word' id='word_1_255' title='bbox 485 2157 709 2197; x_wconf 88' lang='lat' dir='ltr'>corruperat</span> <span class='ocrx_word' id='word_1_256' title='bbox 738 2151 840 2188; x_wconf 83' lang='lat' dir='ltr'>viam</span> <span class='ocrx_word' id='word_1_257' title='bbox 866 2161 1004 2195; x_wconf 88' lang='lat' dir='ltr'>suam;</span> <span class='ocrx_word' id='word_1_258' title='bbox 1031 2154 1068 2186; x_wconf 89' lang='lat' dir='ltr'>et</span> <span class='ocrx_word' id='word_1_259' title='bbox 1096 2149 1182 2185; x_wconf 90' lang='lat' dir='ltr'>ideo</span> <span class='ocrx_word' id='word_1_260' title='bbox 1208 2148 1498 2184; x_wconf 90' lang='lat' dir='ltr'>matrimonium</span> 
     </span>
     <span class='ocr_line' id='line_1_36' title="bbox 221 2200 1501 2249; baseline 0 -14"><span class='ocrx_word' id='word_1_261' title='bbox 221 2200 373 2236; x_wconf 87' lang='lat' dir='ltr'>nonnisi</span> <span class='ocrx_word' id='word_1_262' title='bbox 395 2201 442 2236; x_wconf 85' lang='lat' dir='ltr'>ad</span> <span class='ocrx_word' id='word_1_263' title='bbox 464 2202 690 2248; x_wconf 85' lang='lat' dir='ltr'>explendam</span> <span class='ocrx_word' id='word_1_264' title='bbox 716 2203 915 2240; x_wconf 91' lang='lat' dir='ltr'>libidinem</span> <span class='ocrx_word' id='word_1_265' title='bbox 938 2203 1214 2249; x_wconf 88' lang='lat' dir='ltr'>aucupabatur.</span> <span class='ocrx_word' id='word_1_266' title='bbox 1241 2201 1374 2237; x_wconf 88' lang='lat' dir='ltr'>Mulier</span> <span class='ocrx_word' id='word_1_267' title='bbox 1398 2201 1501 2235; x_wconf 85' lang='lat' dir='ltr'>infir-</span> 
     </span>
     <span class='ocr_line' id='line_1_37' title="bbox 220 2253 1501 2303; baseline -0.001 -13"><span class='ocrx_word' id='word_1_268' title='bbox 220 2253 322 2290; x_wconf 87' lang='lat' dir='ltr'>mior</span> <span class='ocrx_word' id='word_1_269' title='bbox 337 2264 359 2289; x_wconf 84' lang='lat' dir='ltr'>a</span> <span class='ocrx_word' id='word_1_270' title='bbox 376 2254 454 2289; x_wconf 83' lang='lat' dir='ltr'>viro</span> <span class='ocrx_word' id='word_1_271' title='bbox 476 2254 624 2290; x_wconf 83' lang='lat' dir='ltr'>fortiori</span> <span class='ocrx_word' id='word_1_272' title='bbox 642 2258 763 2303; x_wconf 87' lang='lat' dir='ltr'>pretio</span> <span class='ocrx_word' id='word_1_273' title='bbox 779 2257 990 2301; x_wconf 89' lang='lat' dir='ltr'>emebatur,</span> <span class='ocrx_word' id='word_1_274' title='bbox 1011 2260 1048 2291; x_wconf 86' lang='lat' dir='ltr'>et</span> <span class='ocrx_word' id='word_1_275' title='bbox 1061 2255 1109 2291; x_wconf 90' lang='lat' dir='ltr'>ad</span> <span class='ocrx_word' id='word_1_276' title='bbox 1125 2255 1278 2290; x_wconf 89' lang='lat' dir='ltr'>libitum</span> <span class='ocrx_word' id='word_1_277' title='bbox 1300 2258 1340 2289; x_wconf 90' lang='lat' dir='ltr'>ut</span> <span class='ocrx_word' id='word_1_278' title='bbox 1356 2263 1501 2289; x_wconf 85' lang='lat' dir='ltr'>meroes</span> 
     </span>
     <span class='ocr_line' id='line_1_38' title="bbox 221 2305 1500 2355; baseline 0.001 -14"><span class='ocrx_word' id='word_1_279' title='bbox 221 2305 400 2352; x_wconf 82' lang='lat' dir='ltr'>quaedam</span> <span class='ocrx_word' id='word_1_280' title='bbox 426 2312 493 2342; x_wconf 85' lang='lat' dir='ltr'>aut</span> <span class='ocrx_word' id='word_1_281' title='bbox 521 2307 726 2355; x_wconf 82' lang='lat' dir='ltr'>cedebatur</span> <span class='ocrx_word' id='word_1_282' title='bbox 753 2310 861 2346; x_wconf 87' lang='lat' dir='ltr'>alteri</span> <span class='ocrx_word' id='word_1_283' title='bbox 889 2314 955 2346; x_wconf 86' lang='lat' dir='ltr'>aut</span> <span class='ocrx_word' id='word_1_284' title='bbox 983 2308 1228 2345; x_wconf 88' lang='lat' dir='ltr'>vendebatur.</span> <span class='ocrx_word' id='word_1_285' title='bbox 1259 2306 1365 2343; x_wconf 87' lang='lat' dir='ltr'>Tales</span> <span class='ocrx_word' id='word_1_286' title='bbox 1392 2310 1500 2343; x_wconf 85' lang='lat' dir='ltr'>erant</span> 
     </span>
     <span class='ocr_line' id='line_1_39' title="bbox 222 2359 1497 2406; baseline -0.001 -9"><span class='ocrx_word' id='word_1_287' title='bbox 222 2367 362 2404; x_wconf 73' lang='grc' dir='ltr'>ωσι-οε,</span> <span class='ocrx_word' id='word_1_288' title='bbox 407 2360 496 2396; x_wconf 82' lang='lat' dir='ltr'>talia</span> <span class='ocrx_word' id='word_1_289' title='bbox 525 2361 713 2406; x_wconf 79' lang='lat' dir='ltr'>principia</span> <span class='ocrx_word' id='word_1_290' title='bbox 744 2362 846 2406; x_wconf 83' lang='lat' dir='ltr'>apud</span> <span class='ocrx_word' id='word_1_291' title='bbox 881 2363 1052 2406; x_wconf 71' lang='lat' dir='ltr'>gentiles.</span> <span class='ocrx_word' id='word_1_292' title='bbox 1079 2366 1121 2398; x_wconf 87' lang='lat' dir='ltr'>ut</span> <span class='ocrx_word' id='word_1_293' title='bbox 1151 2360 1278 2398; x_wconf 87' lang='lat' dir='ltr'>videre</span> <span class='ocrx_word' id='word_1_294' title='bbox 1310 2364 1367 2397; x_wconf 85' lang='lat' dir='ltr'>est</span> <span class='ocrx_word' id='word_1_295' title='bbox 1396 2359 1497 2402; x_wconf 68' lang='lat' dir='ltr'>apud</span> 
     </span>
    </p>
   </div>
  </div>
 </body>
</html>
