1584 2569
175 87 237 122 148
334 96 392 122 sus
409 96 570 124 NATunAE.
593 99 662 124 Lm.
684 99 709 123 1.
734 99 811 125 car.
828 100 867 125 11.
890 99 933 125 nn
953 101 1027 125 orr.
1046 99 1133 125 nou.
1158 100 1247 125 ERGA
1269 101 1362 127 naun

567 211 828 247 ARTmULus
861 212 1058 248 TERTms

777 302 850 346 (34)

575 389 629 425 De
645 389 828 430 religione
848 387 1031 424 exteriori

214 490 243 525 1.
266 489 398 526 cultus
414 490 607 526 internus.
626 491 755 526 Honor
774 490 850 526 Deo
869 490 940 526 rite
961 490 1115 538 cognito
1138 489 1389 535 exhibendus,
1412 496 1456 526 ut

168 552 285 589 supra
316 542 461 578 dictum
488 548 556 586 est,
590 543 718 579 liberis
747 546 862 589 atque
885 543 1045 579 internis
1070 543 1279 579 voluntatis
1308 544 1456 579 actibus

168 598 327 631 vocatur
357 596 495 641 religio
528 596 690 631 interior
715 607 780 631 seu
807 596 929 632 cultus
959 596 1162 632 internus:
1195 596 1318 632 colere
1353 597 1455 632 enim

169 647 332 684 dicimus
353 648 542 693 homines,
567 659 663 695 quos
684 648 897 685 honorifica
916 649 974 684 vel
998 648 1262 685 recordatione
1281 649 1340 685 vel
1360 659 1455 696 prae-

169 701 290 736 sentia
305 700 606 748 frequentamus,
629 706 671 737 ut
691 702 854 737 notatS.
876 702 1138 749 Augustimus‚
1162 702 1204 737 X.
1223 702 1278 737 De
1296 701 1458 738 Ciuitate

167 753 252 797 Dei,
271 754 360 800 Cap.
383 754 411 798 1,
434 765 470 789 n.
492 757 540 799 2;
560 759 597 790 et
618 755 721 801 quia,
741 754 848 790 addit
866 754 1068 802 Angelicus
1089 754 1136 789 II·
1141 755 1186 798 11,
1209 754 1278 795 Qu.
1303 754 1456 799 LXXXI,

163 807 281 842 Artic
310 807 323 842 I
343 805 389 842 ad
421 808 455 851 4,
481 807 655 854 specialis
673 806 797 843 honor
819 807 981 844 debetur
1005 808 1081 844 Deo
1106 812 1307 854 tamquam
1331 808 1457 854 primo

168 859 343 894 omnium
374 860 577 907 principio,
605 860 721 896 etiam
745 860 918 907 specialis
944 860 1042 896 ratio
1068 859 1193 896 cultus
1217 860 1251 895 ei
1283 859 1455 902 debetur,

168 921 254 957 quae
301 922 424 959 graeco
473 913 629 948 nomine
670 917 829 948 vocatur
877 911 1028 948 eusebia
1071 912 1130 947 vel
1171 911 1373 956 theosebia,
1415 917 1458 947 ut

169 969 273 1011 patet
291 975 359 1011 per
377 966 648 1012 Augustinum,
670 965 740 1001 loc.
763 966 843 1009 cit.,
859 969 974 1011 atque
993 964 1168 1012 specialis
1187 965 1285 1000 ratio
1303 965 1456 1001 servitu-

169 1017 217 1052 tis
237 1018 270 1053 ei
298 1016 470 1053 debetur.
502 1018 547 1053 Et
577 1018 663 1053 talis
695 1018 858 1054 servitus
889 1018 1045 1053 nomine
1076 1017 1203 1054 latrioe
1234 1016 1458 1064 designatur

169 1069 270 1116 apud
302 1080 460 1117 graecos.
487 1090 532 1096 —-
558 1069 654 1106 Ibid.
686 1070 734 1107 ad
755 1072 787 1106 3.
807 1090 852 1096 —
873 1070 976 1106 Inter
995 1074 1101 1106 actus
1121 1070 1318 1117 religionis
1338 1071 1455 1105 inter-

168 1133 238 1158 nos
257 1127 504 1169 recensentur
522 1123 668 1159 devotio
688 1125 786 1169 (quae
808 1123 1077 1170 complectitur
1093 1122 1370 1167 adorationem,
1383 1133 1458 1169 qua

169 1175 277 1211 homo
294 1175 460 1222 seipsum
479 1176 753 1222 quodammodo
770 1176 848 1212 Deo
862 1176 1008 1211 devovet
1027 1180 1068 1210 ut
1082 1175 1118 1210 ei
1135 1185 1173 1210 se
1189 1174 1357 1211 totaliter
1371 1174 1458 1210 sub-

167 1228 234 1263 dat
255 1238 263 1263 :
282 1230 477 1272 -οναιίο,
493 1239 568 1274 qua
583 1228 700 1264 homo
715 1228 791 1264 Deo
810 1239 849 1264 se
861 1227 1285 1274 subjicit,etprofitetur
1295 1227 1456 1273 orando,

167 1291 204 1316 se
222 1280 300 1316 Deo
316 1280 498 1327 indigere,
514 1282 614 1317 sicut
625 1285 773 1317 auctore
786 1291 942 1317 suorum
957 1280 1150 1316 bonorum.
1164 1301 1207 1305 ——
1220 1280 1459 1327 sacrificium

167 1333 385 1379 spirituale,
414 1333 605 1370 inclusum
627 1334 665 1369 in
690 1334 772 1380 ipsa
795 1333 1011 1378 devotione,
1039 1344 1112 1379 quo
1129 1333 1262 1368 anima
1292 1332 1459 1378 seipsam

169 1386 277 1432 offert
291 1385 368 1422 Deo
378 1385 478 1422 sicut
486 1386 690 1432 principio
703 1397 782 1422 suae
795 1386 1001 1422 creationis
1018 1391 1051 1421 et
1063 1385 1162 1421 sicut
1172 1384 1333 1432 finisuoe
1345 1384 1458 1421 beati-

169 1437 339 1482 tudinis;
367 1442 404 1474 et
433 1437 498 1473 alii
533 1437 759 1484 hujusmodi
794 1442 900 1473 actus
927 1437 973 1473 de
1003 1437 1142 1483 quibus
1172 1438 1337 1484 copiose,
1371 1447 1459 1483 pro·

167 1490 284 1526 funde
319 1494 356 1526 et
388 1490 558 1536 piissime
590 1494 730 1526 tractat
760 1489 962 1537 Angelicus
998 1489 1096 1534 11-11‚
1136 1489 1205 1530 Qu.
1233 1489 1389 1525 LXXXII
1422 1493 1460 1525 et

168 1553 273 1589 seqq.
301 1562 346 1569 —
379 1541 607 1589 IIujusmodi
639 1547 769 1578 autem
802 1542 949 1578 cultum
980 1542 1057 1577 Deo
1086 1539 1348 1577 exhibendum
1378 1552 1459 1577 esse

168 1605 281 1632 nemo
321 1599 436 1642 negat
473 1595 553 1641 qui,
584 1595 682 1630 sicut
718 1594 966 1642 probavimus
995 1595 1034 1630 in
1061 1594 1250 1640 superiori
1281 1593 1457 1637 articulo,

168 1646 351 1684 concedat
372 1648 570 1683 hominem
590 1647 830 1683 strictissimo
854 1651 1003 1682 naturae
1021 1646 1147 1683 officio
1168 1645 1216 1682 ad
1234 1645 1459 1693 religionem

169 1711 259 1748 erga
285 1700 405 1736 Deum
426 1700 574 1736 teneri:
606 1700 740 1747 religio
774 1700 891 1745 enim,
925 1704 968 1735 ut
1000 1703 1110 1735 notat
1143 1698 1180 1735 S.
1210 1699 1458 1746 Augustinus,

168 1753 240 1790 loc.
263 1754 344 1797 cit.,
363 1764 440 1788 non
462 1757 517 1788 est
536 1753 609 1788 nisi
626 1753 692 1789 Dei
713 1753 849 1788 cultus.

215 1807 262 1842 11.
299 1806 433 1842 Cultus
456 1809 654 1842 externus.
683 1805 833 1852 Reliqio
857 1805 1022 1841 exterior
1042 1815 1108 1841 seu
1137 1805 1260 1841 cultus
1285 1808 1461 1840 externus

170 1858 311 1895 dicitur
332 1859 456 1894 honor
476 1859 552 1894 Deo
573 1858 768 1894 exhibitus
794 1858 841 1894 ab
862 1857 1020 1894 homine
1041 1867 1109 1905 per
1128 1862 1234 1893 actus
1263 1856 1461 1893 sensibiles

169 1916 346 1948 externos
364 1912 422 1947 sui
449 1912 642 1959 corporis;
677 1910 895 1958 cujusmodi
915 1915 1005 1947 sunt
1032 1911 1211 1947 adoratio
1238 1910 1461 1958 corporalis,

168 1964 406 2011 sacrificium
462 1969 678 2009 externum,
729 1963 953 2009 oblationes,
989 1962 1287 2011 jusjurandum,
1330 1962 1461 1999 laudes

130 2061 133 2065 Ι
169 2017 254 2062 Dei,
284 2022 320 2052 ct
362 2017 516 2062 similia,
545 2017 592 2053 de
618 2016 759 2064 quibus
787 2017 867 2065 agit
890 2016 1068 2053 similiter
1096 2016 1133 2052 S.
1167 2015 1333 2052 Thomas
1362 2014 1459 2060 II-II,

170 2069 239 2111 Qu.
261 2069 431 2104 LXXXIV
454 2075 491 2105 et
522 2080 631 2117 seqq.
651 2090 697 2096 —
720 2070 817 2112 Quia
842 2074 971 2106 tamen
1009 2068 1233 2116 hujusmodi
1261 2072 1368 2105 actus
1398 2078 1461 2104 ex-

119 2161 122 2163 *
171 2122 283 2166 terni,
311 2126 353 2156 ut
387 2122 463 2157 sint
492 2122 667 2167 humani,
703 2133 726 2159 a
755 2123 954 2158 voluntate
984 2122 1164 2169 imperari
1190 2120 1331 2157 debent
1362 2122 1411 2166 (2,
1445 2120 1460 2156 Ι

171 2179 209 2211 et
241 2176 296 2219 17,
331 2174 421 2220 IV);
450 2174 536 2211 ideo
563 2176 733 2212 actiones
759 2176 994 2223 pertinentes
1023 2174 1071 2211 ad
1097 2174 1245 2211 cultum
1265 2174 1459 2210 internum

172 2231 260 2264 sunt
281 2227 511 2276 principales
531 2232 568 2264 et
588 2238 657 2275 per
681 2239 720 2264 se
740 2228 789 2264 ad
811 2228 1037 2276 religionem
1064 2227 1324 2275 pertinentes:
1358 2230 1462 2263 exte·

174 2281 290 2317 riores
314 2291 402 2317 vero
431 2284 538 2316 actus
556 2280 679 2316 cultus
704 2282 866 2326 externi,
887 2285 977 2317 sunt
993 2279 1207 2317 secundarii
1234 2284 1270 2316 et
1293 2279 1341 2316 ad
1363 2280 1458 2316 inte-

175 2334 292 2370 riores
312 2338 420 2371 actus
440 2333 621 2370 ordinati.
642 2354 688 2360 —
709 2334 807 2380 11-11,
830 2334 900 2377 Qu.
920 2333 1071 2378 LXXXI,
1086 2334 1165 2370 Art.
1187 2333 1265 2369 VII.
