1554 2569
397 160 479 185 451¹.
503 159 536 183 V.
558 159 602 185 DE
622 159 862 185 BEATHUMNE
880 159 1033 186 tonnam
1320 159 1362 188 29

75 236 139 268 tur
150 230 366 268 antecedens
383 231 533 266 ratione
550 230 670 277 ipsius
686 231 722 266 S.
748 231 918 266 Doctoris
942 241 949 266 :
973 231 1175 268 Beatitudo
1190 233 1364 269 formalis

76 289 132 320 est
156 283 376 320 consecutio
397 283 523 318 ultimi
543 283 644 318 finis.
665 284 780 329 Atqui
806 283 1042 330 impossibile
1062 287 1119 320 est
1145 285 1247 331 quod
1273 297 1345 322 con
1364 324 1367 329 ,

77 337 219 373 secutio
247 335 332 371 finis
351 335 401 371 sit
428 335 682 371 essentialiter
706 340 812 372 actus
837 336 1058 372 voluntati-s.
1087 338 1237 374 Etenim
1255 344 1362 375 actus

76 389 280 424 voluntatis
299 390 473 435 respectu
489 387 579 423 boni
595 392 671 423 tres
693 392 801 433 sunt,
826 398 964 435 nempe
985 399 1104 431 amor,
1133 390 1362 427 desiderium

75 447 111 478 et
127 442 323 478 delectatio
341 452 408 476 seu
419 441 619 488 gaudium.
634 441 748 487 Atqui
764 452 874 476 amor
890 452 968 477 non
985 442 1170 489 importat
1185 455 1363 481 consecu-

76 495 235 537 tionem,
260 494 351 540 quia
375 493 421 529 de
453 496 593 529 natura
613 504 682 529 sua
708 493 895 529 abstrahit
925 504 948 530 a
968 494 1069 530 bono
1091 506 1269 542 possesso
1295 508 1361 534 seu

75 550 261 594 praesente
285 550 323 582 et
339 546 510 591 absente,
535 549 572 581 et
596 545 635 581 in
655 550 862 593 utrumque
891 546 1023 582 fertur.
1051 568 1097 573 —
1122 549 1359 586 Desiderium

74 611 162 636 vero
185 602 242 635 est
264 599 365 635 circa
384 598 530 634 bonum
552 598 699 643 absens,
722 598 825 645 quod
849 599 1007 645 quidem
1028 611 1195 648 praesens
1216 613 1293 638 non
1319 605 1361 638 fit

75 663 143 699 per
161 653 288 698 ipsum
317 651 565 696 desiderium,
588 651 654 687 sed
685 650 854 696 aliunde;
886 662 991 688 secus
1009 653 1126 697 enim,
1155 655 1186 689 si
1214 654 1361 690 deside-

75 706 178 741 rium
203 707 301 740 esset
321 704 406 750 ipsa
431 704 666 747 consecutio,
694 704 887 740 sufficeret
913 704 1130 741 desiderare
1151 707 1296 753 aliquid
1321 714 1363 743 ut

75 759 204 806 ipsum
215 757 436 793 haberetur.
448 777 494 783 —-
505 757 674 804 Denique
690 757 890 803 gaudium,
903 757 959 793 vel
973 758 1170 796 delectatio
1185 765 1242 796 est
1258 762 1362 808 quies

76 811 115 847 in
136 811 237 847 bono
258 819 448 857 possesso,
470 809 629 856 ejusque
650 810 798 853 fruitio;
815 814 851 844 et
870 816 1148 856 consequenter
1166 812 1363 850 delectatio

76 875 152 899 non
174 865 229 898 est
253 862 344 898 boni
364 862 596 907 consecutio,
624 862 691 898 sed
711 862 892 909 supponit
911 864 1220 900 consecutionem
1250 876 1258 901 :
1286 877 1362 902 non

76 916 177 952 enim
188 914 282 962 quia
296 913 538 950 delectamur
552 914 589 948 in
605 914 720 959 bono,
734 915 879 950 bonum
891 916 1176 962 consequimur,
1191 918 1257 953 sed
1270 919 1362 965 quia

76 969 222 1005 bonum
236 966 431 1003 consecuti
447 976 593 1011 sumus,
608 966 647 1002 in
658 966 739 1012 ejus
752 968 992 1013 possessione
1005 967 1253 1005 delectamur.
1269 972 1363 1007 Cum

76 1032 166 1067 ergo
179 1018 377 1056 beatitudo
389 1019 562 1055 formalis
573 1030 650 1055 non
663 1020 711 1055 sit
725 1019 981 1056 essentialiter
991 1021 1030 1056 in
1044 1025 1130 1056 actu
1141 1022 1361 1068 voluntatis,

77 1073 251 1120 sequitur
264 1071 368 1118 quod
383 1072 432 1107 sit
452 1072 707 1107 essentialiter
723 1072 947 1119 reponenda
964 1073 1004 1108 in
1026 1078 1114 1109 actu
1134 1075 1361 1112 intellectus.

122 1128 303 1161 Attamen
321 1123 522 1160 delectatio
541 1123 590 1160 ad
611 1124 889 1160 beatitudinem
917 1125 1119 1162 formalem
1140 1128 1304 1174 pertinet
1323 1134 1363 1164 ut

77 1187 312 1224 consequens
331 1178 546 1213 necessario
566 1177 691 1223 ipsam
708 1177 1000 1223 beatitudinem,
1020 1179 1117 1214 sicut
1134 1180 1361 1218 attributum

77 1230 324 1278 consequitur
351 1230 573 1273 essentiam,
599 1229 694 1276 quia
718 1229 876 1273 scilicet,
909 1231 1033 1277 inquit
1064 1232 1268 1278 Angeiicus
1294 1235 1362 1279 ib„

76 1283 260 1330 glaudium
278 1287 330 1318 est
345 1282 616 1318 consummatio
638 1281 901 1318 beatitudinis.

123 1336 202 1371 VII.
221 1337 336 1371 Non.
357 1335 529 1372 Solvitur
552 1335 775 1371 difficultas.
798 1336 905 1371 Dices
934 1347 942 1372 :
967 1336 1167 1373 Beatitudo
1190 1338 1365 1375 formalis

77 1388 251 1424 consistit
275 1387 313 1422 in
338 1387 576 1423 nobilissima
602 1388 826 1434 operatione
850 1387 1031 1428 hominis,
1059 1390 1174 1436 Atqui
1200 1391 1366 1427 nobilior

78 1445 134 1477 est
156 1440 321 1486 dilectio,
350 1451 437 1488 quae
464 1444 522 1476 est
548 1443 656 1476 actus
684 1440 906 1486 voluntatis,
930 1452 1047 1488 quam
1073 1443 1256 1488 cognitio,
1280 1455 1365 1491 quae

79 1497 134 1530 est
152 1497 258 1530 actus
274 1493 498 1529 intellectus.
520 1493 619 1540 Ergo
639 1493 838 1529 beatitudo
860 1493 1035 1529 formalis
1053 1505 1129 1530 non
1147 1496 1185 1530 in
1203 1502 1290 1531 actu
1310 1498 1365 1532 in-

80 1547 251 1583 tellectus
271 1546 338 1582 sed
358 1546 397 1581 in
414 1550 500 1582 actu
517 1546 727 1581 voluntatis
744 1546 931 1584 consistit.

122 1600 230 1645 Resp.
252 1598 451 1646 Distinguo
472 1599 656 1635 minorem
678 1609 686 1634 ε
712 1598 881 1635 nobilior
904 1605 960 1635 est
983 1599 1134 1637 dilectio
1160 1612 1278 1648 quam
1299 1613 1365 1638 oo-

81 1652 199 1698 gnitio
221 1652 261 1686 in
289 1651 490 1694 movendo,
519 1651 698 1694 concedo.-
733 1652 772 1687 in
798 1652 1037 1699 attingendo,
1064 1664 1171 1699 neqo.
1207 1655 1364 1691 Dilectio

79 1704 302 1751 praeeminet
327 1704 538 1751 cognitioni
568 1704 607 1739 in
631 1713 833 1749 movendo,
863 1706 956 1752 quia
985 1706 1201 1741 intellectus
1227 1706 1265 1741 in
1295 1718 1365 1743 suo

79 1757 256 1793 exercitio
280 1757 420 1804 pendet
441 1768 464 1793 a
484 1757 681 1793 voluntate
704 1758 778 1795 (Ps.
807 1760 863 1793 51.
886 1759 969 1803 111);
998 1762 1171 1795 attamen
1196 1761 1365 1807 cognitio

80 1809 303 1856 praeeminet
315 1809 503 1846 voluntati
517 1810 556 1846 in
567 1812 802 1851 attinqena'O.
815 1820 891 1845 non
908 1811 1008 1846 enim
1022 1811 1205 1857 diligitur
1218 1813 1301 1848 nisi
1313 1824 1368 1849 co-

78 1862 240 1908 ynitum,
263 1866 305 1897 ut
319 1862 355 1898 S.
370 1862 607 1908 AugustInus
619 1864 709 1897 dicit
730 1863 768 1897 in
784 1864 814 1898 X
833 1862 889 1898 De
912 1862 963 1898 Tr
967 1863 1115 1908 initate,
1135 1865 1303 1911 Cap.1et
1319 1866 1365 1907 11,

79 1919 118 1950 et
135 1913 222 1950 ideo
233 1914 407 1950 voluntas
422 1914 550 1961 quoad
569 1924 679 1949 suam
701 1916 1025 1960 specificationem
1043 1915 1184 1974 pendet
1201 1917 1249 1951 ab
1261 1917 1366 1952 intel-

78 1967 178 2003 lectu
205 1968 279 2012 (Ps.
308 1966 436 2011 ibid..)
464 1966 569 2003 Unde
596 1966 876 2013 intelligibilem
904 1969 1020 2002 finem
1053 1969 1180 2015 primo
1206 1970 1367 2015 attingi-

81 2029 166 2054 mus
198 2029 266 2066 per
294 2019 486 2054 actionem
518 1993 753 2061 int'elleotus,
793 2019 889 2054 sicut
923 2024 960 2054 et
993 2021 1111 2055 finem
1147 2021 1367 2058 sensibilem

81 2072 206 2118 primo
224 2071 450 2118 attingimus
470 2082 537 2118 per
563 2072 753 2107 actionem
775 2081 922 2107 sensus.
945 2092 990 2097 —
1007 2073 1087 2108 1-11.
1110 2073 1180 2115 Qu.
1207 2074 1270 2109 111.
1295 2076 1364 2110 Ar-

83 2124 143 2159 tic.
164 2124 223 2160 IV.
247 2123 296 2159 ad
316 2125 350 2159 4.

127 2176 223 2212 VIII.
247 2177 349 2212 NOTA
368 2177 414 2212 11.
439 2177 652 2221 Descriptio
677 2177 838 2212 visionis
866 2177 1055 2214 beatificae
1082 2188 1129 2214 ex
1147 2179 1188 2214 D.
1210 2179 1364 2215 Thema.

82 2228 283 2264 Beatitudo
296 2228 413 2275 igitur
431 2228 604 2264 formalis
622 2229 877 2264 essentialiter
887 2230 1062 2266 consistit
1077 2231 1116 2266 in
1133 2231 1364 2277 cognitione,

82 2291 160 2328 qua
177 2281 391 2317 intellectus
410 2281 546 2317 beatus
573 2281 794 2317 immediate
815 2293 880 2317 seu
904 2283 1008 2328 facie
1031 2284 1079 2319 ad
1096 2283 1238 2329 faeiem
1263 2284 1367 2319 videt

82 2333 287 2369 essentiam
312 2333 379 2369 Dei
407 2336 448 2368 ut
474 2333 512 2369 in
537 2345 575 2369 se
602 2338 672 2369 est.
700 2334 874 2370 Diximus
901 2339 1030 2371 autem
1059 2335 1165 2382 quod
1197 2336 1366 2382 cognitio

83 2385 269 2432 contingit
293 2386 505 2422 secundum
525 2386 630 2433 quod
654 2387 851 2433 cognitum
876 2391 931 2423 est
953 2388 991 2423 in
1012 2393 1264 2434 cognoscente
1291 2389 1368 2438 (Ps.

175 2462 315 2489 ziam.
336 2462 451 2489 Summa
467 2461 679 2498 philosophicos
712 2469 746 2472 “
771 2463 797 2480 ¹·
822 2464 874 2492 ul.
1281 2457 1296 2485 3
