1554 2569
155 159 198 192 ¹4
246 164 371 191 R'rnmA
399 165 469 190 Lm.
489 165 514 191 1.
535 164 614 192 GAP.
639 165 678 191 11.
701 164 744 190 DE
769 164 913 190 NATURA
936 165 1056 190 ULTlm
1075 165 1162 190 1⁷1le
1183 165 1337 190 nuuANAE
1355 165 1446 192 VITB

154 238 258 274 vario
274 248 388 274 sensu
404 241 599 283 acceptam
615 241 656 272 ut
668 247 861 272 summam
879 236 1099 272 felicitatem
1119 236 1288 272 hominis
1308 247 1445 284 propit

155 294 286 336 gnant.
309 291 366 325 Ita
387 290 624 337 Maupertuis
643 290 681 324 in
708 300 776 325 suo
802 289 923 325 Essai
946 289 992 325 de
1014 289 1264 336 philosophie
1288 289 1446 334 morale.

155 344 209 379 ita
230 344 338 379 Gioia
355 344 394 379 in
416 353 485 378 suo
503 343 623 390 Opere
644 342 833 379 Elementi
854 342 898 378 di
914 341 1093 389 filosofia‚
1113 343 1167 379 ita
1182 342 1310 385 Tame,
1331 342 1447 378 Littre

156 397 296 443 aliique
323 406 457 431 omnes
477 396 555 432 sive
591 395 816 442 positivistae
846 395 922 430 sive
945 395 1210 432 materialistae
1240 394 1306 442 qui
1330 395 1447 431 hodie

155 450 272 485 totius
286 449 544 496 philosophiae
558 448 812 484 fundamenta
826 450 993 484 evertere
1009 448 1236 484 moliuntur.
1252 448 1298 485 Ut
1317 450 1446 484 autem

155 502 343 549 pessimus
356 502 427 537 iste
442 512 548 537 error
566 501 677 549 plene
696 500 905 543 refellatur,
921 501 996 536 tria
1015 500 1319 537 demonstranda
1342 511 1448 536 assu-

154 556 326 591 mimus:
350 557 384 589 1⁰
399 554 620 591 felicitatem
647 565 723 590 non
744 563 855 601 posse
881 553 1089 590 consistere
1116 554 1156 590 in
1183 552 1339 598 divitiis,
1361 564 1446 600 quae

155 609 255 644 inter
271 608 373 643 bona
392 617 576 653 corporea
596 611 753 643 externa
772 610 861 641 sunt
887 605 1094 653 potissima
1113 617 1121 650 ;
1151 608 1186 641 2⁰
1208 616 1285 642 non
1307 607 1449 642 consis-

155 666 236 697 tere
257 660 295 696 in
316 671 499 696 sensuum
519 660 714 710 voluptate
733 671 742 703 ;
765 661 800 694 3⁴²
825 659 997 706 generice
1019 669 1095 695 non
1113 669 1224 707 posse
1246 659 1381 705 reponi
1411 660 1448 694 in

157 714 284 759 aliquo
307 713 381 749 alio
399 714 572 760 corporis
592 712 708 749 bono.
730 712 783 748 Sit
809 722 899 758 ergo
920 723 928 747 :

201 767 242 802 V.
266 766 450 811 Suprema
462 767 629 802 hominis
643 766 813 802 felicitas
832 774 909 802 non
921 768 1052 810 potest
1069 765 1282 802 consistere
1299 766 1340 800 in
1354 766 1449 801 divi-

154 821 235 856 tiis.
257 821 298 854 In
322 822 563 855 antecessum
585 823 676 855 noto
698 822 782 854 tum
810 828 877 863 pro
906 818 979 854 hac
1004 821 1086 853 tum
1105 828 1173 864 pro
1203 818 1450 863 sequentibus

156 872 482 919 propositionibus
503 872 734 908 sententiam
756 872 976 918 epicuream
991 870 1086 906 falso
1106 871 1176 906 niti
1197 870 1384 917 principio
1403 870 1449 906 de

157 926 298 961 animae
319 929 463 961 nostrae
482 929 621 960 natura
641 936 649 969 3
669 924 794 970 posito
816 923 918 959 enim
937 922 1041 970 quod
1061 933 1194 958 revera
1213 927 1284 967 est,
1307 922 1448 958 scilicet

157 978 329 1013 animam
356 980 528 1013 nostram
554 987 636 1013 esse
668 975 920 1024 spirsssxgalem,
949 975 1187 1021 impossibile
1215 975 1373 1011 omnino
1395 978 1451 1011 est.

157 1031 259 1076 quod
277 1031 396 1077 possit
417 1031 610 1077 quiescere
631 1027 802 1065 totaliter
818 1029 856 1064 in
871 1028 972 1064 bono
992 1038 1069 1064 non
1089 1032 1348 1064 consentaneo
1370 1038 1450 1064 suae

156 1086 316 1125 naturae‚
336 1093 473 1130 nempe
488 1091 684 1128 corporeo.
703 1082 767 1117 His
782 1081 1009 1128 praenotatis
1024 1081 1212 1128 probatur
1224 1081 1423 1127 proposito
1434 1108 1443 1116 .

158 1136 253 1170 Nam
274 1135 412 1179 divitiae
430 1135 515 1171 aliae
536 1139 625 1172 sunt
639 1135 847 1176 naturales,
863 1134 946 1169 aliae
958 1133 1199 1181 artificiales.
1217 1134 1365 1169 Divitiae
1379 1144 1448 1169 na-

158 1188 300 1224 turales
326 1188 400 1224 illae
424 1187 605 1224 dicuntur
624 1187 763 1234 quibus
790 1186 938 1222 homini
959 1186 1183 1222 subvenitur
1210 1185 1260 1221 ad
1281 1185 1448 1222 defectus

157 1241 353 1278 naturales
373 1240 587 1285 tollendos;
617 1241 715 1277 sicut
736 1240 844 1276 cibus
873 1244 910 1275 et
939 1242 1063 1286 potus,
1086 1238 1326 1282 vestimenta,
1347 1238 1449 1274 vehi-

156 1295 255 1339 cula,
275 1293 495 1330 habitacula
514 1297 550 1330 et
568 1293 644 1329 alia
664 1292 902 1340 hujusmodi.
926 1292 1072 1328 Divitiae
1092 1291 1321 1338 artificiales
1344 1293 1448 1336 sunt,

158 1347 295 1393 quibus
319 1346 532 1383 secundum
565 1356 605 1382 se
624 1349 763 1382 natura
790 1356 867 1381 non
889 1345 1048 1391 juvatur
1067 1344 1272 1392 (pecunia),
1301 1344 1367 1380 sed
1389 1355 1450 1380 ars

159 1399 331 1435 humana
357 1410 420 1435 eas
441 1397 636 1435 adinvenit
658 1402 815 1445 propter
834 1397 1057 1433 facilitatem
1080 1397 1449 1441 commutationum,

159 1456 200 1487 ut
231 1452 307 1487 sint
346 1452 456 1498 quasi
486 1462 668 1487 mensura
698 1460 827 1486 rerum
860 1449 1066 1486 venalium.
1107 1449 1222 1496 Atqui
1254 1459 1377 1495 neque
1411 1449 1451 1484 in

162 1505 302 1540 divitiis
322 1504 564 1541 naturalibus
581 1514 704 1551 neque
723 1504 763 1539 in
783 1502 1047 1539 artificialibus
1066 1501 1263 1538 beatitudo
1282 1502 1451 1537 hominis

162 1568 244 1593 esse
269 1561 408 1604 potest.
434 1559 533 1604 Ergo
553 1568 628 1593 non
657 1558 782 1602 potest
810 1555 981 1591 hominis
1009 1553 1211 1591 beatitudo
1241 1554 1279 1589 in
1309 1553 1451 1589 divitiis

160 1610 378 1646 consistere.
394 1610 582 1645 Probatur
601 1610 739 1645 minor.

207 1662 294 1699 Non
314 1664 355 1698 in
386 1663 539 1698 divitiis
586 1660 853 1699 naturalibus.
890 1661 1040 1698 Etenim
1054 1660 1280 1707 hujusmodi
1308 1660 1451 1695 divitiae

162 1720 387 1761 quaeruntur
406 1716 594 1751 exclusive
616 1724 658 1751 ut
682 1715 808 1750 media
829 1714 878 1750 ad
899 1713 1222 1750 sustentationem
1252 1717 1289 1749 et
1309 1713 1453 1760 persec-

161 1770 306 1805 tionem
325 1771 474 1804 naturae
496 1767 677 1813 hominis,
694 1771 731 1802 et
754 1766 913 1813 quidem
933 1777 1010 1802 non
1038 1766 1156 1803 totius
1176 1769 1340 1808 naturae,
1360 1765 1452 1811 quia

162 1832 228 1867 per
259 1820 360 1857 solas
393 1821 545 1857 divitias
578 1831 654 1856 non
687 1822 934 1866 comparatur
955 1819 1159 1865 sapientia,
1181 1828 1306 1865 neque
1333 1817 1452 1852 horno

163 1877 417 1921 praeservatur
446 1873 494 1909 ab
525 1872 817 1909 infirmitatibus
846 1872 933 1908 vitae
965 1874 1002 1907 et
1032 1882 1055 1906 a
1087 1875 1224 1906 morte.
1252 1872 1453 1917 Repugnat

163 1931 294 1962 autem
321 1926 459 1962 rationi
480 1926 607 1962 ultimi
628 1925 715 1962 finis
740 1935 807 1961 seu
831 1924 1081 1961 beatitudinis
1101 1923 1207 1971 quod
1225 1923 1273 1959 sit
1288 1922 1452 1959 medium

163 1979 212 2014 ad
238 1978 383 2025 aliquid
403 1979 624 2015 ordinatum
644 1980 791 2025 (supra,
814 1977 928 2023 n.11)‚
950 1981 986 2013 et
1019 1977 1176 2023 insuper
1201 1974 1373 2012 medium
1395 1975 1446 2009 int

162 2041 286 2078 capax
302 2042 370 2078 per
386 2041 425 2067 se
442 2030 662 2077 perficiendi
681 2035 803 2067 totam
818 2030 988 2066 hominis
1005 2031 1197 2065 naturam.
1217 2029 1317 2074 Ergo
1331 2038 1450 2072 repu-

164 2087 255 2130 gnat
268 2084 549 2120 beatitudinem
563 2084 732 2119 hominis
749 2084 958 2120 consistere
975 2083 1016 2118 in
1030 2081 1171 2118 divitiis
1191 2080 1450 2118 naturalibus.

208 2135 297 2172 Non
322 2136 365 2171 in
380 2133 938 2181 divitiisarez'ficialibus.Nam
960 2135 1101 2171 divitiae
1130 2134 1348 2170 artificiales
1373 2143 1452 2170 non

165 2191 389 2236 quau-untur
415 2188 488 2224 nisi
519 2191 678 2236 propter
712 2187 923 2224 naturales.
960 2188 1043 2224 Non
1082 2187 1184 2222 enim
1225 2191 1453 2234 quaeruntur

164 2242 237 2278 nisi
263 2241 355 2289 quia
386 2251 453 2287 per
473 2250 539 2277 eas
569 2243 752 2276 emuntur
781 2250 842 2276 res
869 2239 918 2276 ad
949 2249 1062 2276 usum
1091 2242 1129 2275 et
1153 2237 1453 2276 commoditates

165 2294 249 2330 vitae
274 2293 522 2330 necessarias.
549 2292 644 2329 Sunt
671 2292 788 2339 igitur
806 2291 935 2327 media
958 2290 1138 2327 ordinata
1157 2290 1206 2327 ad
1224 2290 1300 2326 alia
1326 2289 1454 2326 media

166 2345 422 2394 procuranda.
445 2344 551 2382 Unde
565 2345 687 2382 multo
708 2345 836 2380 minus
853 2345 945 2390 ipsae
964 2354 1083 2391 quam
1098 2343 1239 2380 divitiae
1256 2342 1453 2378 naturales

168 2402 329 2448 ponunt
342 2398 481 2435 habere
494 2398 686 2441 ra‘??t÷-.em
700 2397 826 2433 ultimi
844 2396 930 2433 finis
943 2401 981 2433 et
991 2396 1174 2433 humanae
1185 2393 1451 2433 beatitudinis.
