1584 2569
430 158 511 182 Ant.
533 157 560 183 1.
582 157 624 182 ΒΕ
652 159 791 184 NATURA
819 160 1032 186 MATRIMONH
1324 163 1378 196 191

87 232 177 279 quid
200 234 416 283 dupliciter.
435 231 517 268 Uno
535 231 666 277 modo,
685 233 782 268 sicut
799 232 846 268 ad
864 233 902 269 id
920 234 1023 280 quod
1041 239 1098 271 est
1118 240 1372 275 necessarium

83 285 132 322 ad
164 288 435 336 perfectionem
467 290 699 333 praeceptam
726 287 1048 333 uniusquusque;
1082 293 1120 324 et
1150 289 1237 325 talis
1270 291 1374 328 incli-

48 335 52 341 ’
87 343 196 379 natio
208 340 418 388 quemlibet
435 338 593 386 obligat,
609 340 700 385 quia
714 339 907 376 naturales
926 340 1177 387 perfectiones
1195 343 1376 379 omnibus

87 400 179 430 sunt
212 402 450 437 communes,
472 396 515 427 ut
543 397 633 427 sunt
664 392 751 428 vitae
781 393 1031 438 conservatio,
1052 394 1210 431 virtutes
1231 400 1267 431 et
1287 396 1374 433 alia.

85 448 170 484 Alio
205 445 322 483 modo
354 449 493 481 natura
522 444 680 481 inclinat
711 444 758 481 ad
792 445 950 492 aliquid,
993 446 1097 493 quod
1138 452 1193 483 est
1235 447 1376 485 directe

87 500 346 538 necessarium
375 497 423 534 ad
455 497 728 545 perfectionem
764 498 1037 536 multitudinis.
1075 500 1172 542 Quia
1203 512 1292 538 vero
1328 502 1374 538 ad

87 553 361 603 perfectionem
382 550 642 587 multitudinis
669 556 902 588 concurrunt
920 552 1055 597 multa,
1072 563 1238 599 quorum
1254 565 1373 591 unum

87 618 188 654 saepe
220 604 383 653 impedit
403 603 520 649 aliud,
549 608 592 639 ut
627 608 732 651 patet
764 605 803 640 in
835 605 1004 641 scientiis
1033 616 1056 642 a
1087 606 1226 653 quibus
1256 607 1372 644 homo

87 664 238 696 arcetur
268 669 337 705 per
364 657 623 704 corporalium
658 657 835 693 laborum
880 659 1167 705 necessitatem;
1201 661 1375 707 sequitur

87 712 190 760 quod
219 710 443 758 hujusmodi
474 709 641 747 secunda
664 710 860 746 inclinatio
887 721 964 747 non
991 711 1138 760 obligat
1164 713 1375 759 quemlibet

87 766 287 803 hominem
308 762 548 800 individuum
579 774 646 810 per
673 763 833 799 modum
860 766 1042 811 praecepti
1063 776 1072 800 ε
1098 765 1192 803 alias
1215 766 1374 812 quilibet

87 819 205 856 homo
226 817 463 865 obligaretur
481 827 514 852 e.
538 826 573 864 g.
596 816 643 852 ad
665 817 954 864 agriculturam,
982 817 1029 853 ad
1056 823 1179 855 artem
1212 819 1373 856 aedifica—

87 873 241 917 toriam‚
259 875 297 907 et
317 869 364 907 ad
381 869 456 906 alia
476 869 700 916 hujusmodi
717 880 804 916 quae
824 875 913 906 sunt
928 873 1141 908 necessaria
1154 874 1371 909 communi-

87 925 176 970 tati;
207 922 274 961 sed
305 922 545 958 inclinationi
581 922 752 969 praesatae
787 924 939 968 satisfit,
975 934 1063 960 cum
1099 935 1167 972 per
1204 925 1373 963 diversos

85 978 234 1015 diversa
263 975 518 1023 complentur.
550 974 838 1011 Matrimonium
868 980 998 1012 autem
1025 982 1082 1013 est
1108 977 1248 1015 directe
1275 978 1373 1015 ordi-

86 1036 222 1068 natum
241 1039 319 1065 non
344 1027 391 1064 ad
417 1028 684 1064 necessitatem
714 1028 957 1074 perfectionis
989 1029 1191 1075 individui,
1225 1031 1290 1068 sed
1326 1031 1372 1067 ad

85 1082 359 1132 perfectionem
380 1081 518 1128 speciei
538 1080 734 1125 humanae,
756 1091 822 1116 seu
839 1080 887 1117 ad
908 1084 1237 1120 conservationem
1258 1086 1373 1121 socie—

85 1137 187 1172 tatis.
217 1135 316 1182 Ergo
353 1138 444 1170 tunc
481 1132 606 1169 solum
638 1134 932 1170 matrimonium
971 1135 1168 1172 individuo
1201 1142 1300 1173 esset
1334 1138 1372 1173 in

84 1192 290 1237 praecepto,
323 1197 410 1223 cum
439 1186 520 1222 sine
549 1186 631 1232 ejus
660 1187 910 1223 matrimonio
941 1189 1086 1235 species
1115 1189 1287 1227 humana
1307 1201 1370 1238 pe-

83 1243 176 1278 riret
211 1252 218 1276 :
252 1240 346 1277 alias
378 1249 469 1275 non.
505 1258 550 1264 -
585 1238 638 1273 Cf.
681 1239 823 1275 Contra
855 1239 1031 1286 Gentiles,
1061 1241 1142 1277 Lib.
1175 1242 1238 1286 111,
1274 1242 1363 1290 Cap.

83 1289 266 1334 CXXXVI.

127 1346 321 1384 Probatur
333 1345 498 1382 secunda
507 1356 605 1391 pars
612 1346 907 1391 propositionis,
920 1347 1062 1383 scilicet
1073 1358 1204 1383 verum
1223 1348 1371 1385 eaeliba-

83 1405 166 1437 tum
197 1398 505 1448 praestantiorem
535 1408 614 1433 csse
639 1399 903 1435 matrimonio.
926 1398 1092 1445 Loquor,
1123 1405 1166 1435 ut
1193 1401 1370 1447 explicite

82 1453 182 1497 dico,
203 1451 249 1488 de
273 1461 361 1488 vero
387 1449 578 1495 caelibatu,
597 1449 670 1486 hoc
689 1455 746 1486 est
771 1451 891 1487 nobili
912 1451 988 1487 fine
1011 1456 1202 1499 suscepto,
1225 1463 1303 1490 non
1321 1452 1367 1490 de

82 1506 190 1551 salso,
217 1515 293 1552 quo
311 1504 428 1540 homo
447 1504 613 1540 abstinet
633 1514 655 1540 a
680 1504 860 1552 conjugio
881 1504 1008 1550 unius,
1032 1509 1074 1541 ut
1093 1505 1221 1553 plures
1242 1506 1367 1543 deser·

80 1560 185 1595 viant
203 1557 370 1605 propriae
394 1555 558 1601 libidini,
578 1560 620 1592 ut
641 1555 678 1592 S.
696 1557 931 1604 Augustinus
958 1557 1050 1594 dicit
1076 1563 1211 1595 contra
1228 1559 1368 1596 Secun-

80 1612 216 1648 dinum
240 1610 512 1655 manichaeum,
532 1610 571 1646 in
603 1610 726 1646 verbis
746 1611 872 1647 citatis
892 1621 930 1647 n.
950 1611 1009 1647 VI.
1039 1611 1142 1648 Nihil
1163 1611 1368 1648 detestabi-

79 1665 152 1702 lius
172 1665 245 1700 hoc
263 1663 479 1700 meretricio
497 1662 688 1699 caelibatu.
717 1683 761 1689 -
790 1664 980 1700 Probatur
1007 1669 1210 1702 assertum.
1246 1666 1367 1702 Homo

78 1718 135 1755 vel
152 1717 440 1755 individualiter
457 1715 735 1761 consideratur,
760 1716 818 1753 vel
843 1721 885 1752 ut
915 1718 1134 1754 membrum
1152 1720 1367 1764 societatis;

79 1776 117 1807 et
142 1781 188 1808 ex
216 1774 379 1816 utroque
404 1769 528 1816 capite
556 1779 667 1805 verus
686 1769 884 1805 caelibatus
910 1772 1159 1808 matrimonio
1187 1777 1370 1818 praestan-

82 1824 156 1861 tior
181 1827 250 1859 est.

125 1874 259 1918 Quoad
276 1874 520 1911 individuum
540 1885 547 1911 :
576 1885 666 1911 nam
683 1885 792 1910 verus
813 1875 1009 1911 caelibatus
1029 1876 1115 1912 ideo
1150 1878 1317 1913 abstinet
1346 1889 1367 1914 a

77 1929 258 1976 conjugio
275 1932 318 1964 ut
330 1927 648 1974 contemplationi
665 1928 837 1963 veritatis
857 1932 894 1963 et
913 1928 1081 1965 colendis
1096 1930 1302 1966 virtutibus
1322 1931 1366 1966 li-

76 1981 205 2018 berius
221 1991 302 2017 sese
323 1980 446 2016 valeat
467 1979 656 2025 addicere,
690 1984 726 2017 et
750 1985 1028 2026 consequenter
1058 1982 1227 2028 seipsum
1254 1984 1363 2019 intel·

75 2033 290 2071 lectualiter
308 2033 432 2080 magis
447 2033 649 2080 perficere;
671 2042 758 2080 quae
779 2033 909 2069 omnia
935 2033 975 2069 in
995 2035 1244 2071 matrimonio
1268 2035 1363 2071 diffi-

75 2087 186 2124 cilius
212 2086 403 2122 habentur
430 2096 438 2121 :
466 2095 571 2131 nam,
599 2089 666 2122 aut
697 2085 815 2122 homo
844 2086 929 2133 jugi
955 2086 1083 2123 studio
1116 2088 1362 2124 scientiarum

75 2150 155 2177 sese
169 2138 325 2184 addicit,
345 2144 382 2175 et
400 2138 535 2175 officiis
553 2138 698 2186 proprii
718 2142 840 2175 status
863 2149 941 2175 non
961 2139 1169 2186 satisfacit3
1193 2146 1258 2177 aut
1279 2141 1362 2177 infi—

75 2192 166 2228 nitis
185 2191 286 2228 curis
304 2191 359 2227 rei
388 2191 587 2228 familiaris
616 2191 820 2236 incumbit,
841 2196 880 2227 et
902 2194 1114 2228 necessario
1145 2204 1168 2229 a
1196 2194 1363 2229 scientiis

73 2243 244 2282 colendis
264 2244 486 2290 retrahitur,
508 2249 550 2281 ut
571 2255 638 2292 per
657 2244 934 2291 experientiam
958 2246 1050 2281 satis
1080 2250 1217 2282 notum
1235 2251 1304 2291 est,
1326 2252 1366 2285 et

75 2298 109 2333 ei
129 2297 299 2344 plurium
319 2298 506 2333 virtutum
527 2297 733 2334 moralium
760 2298 984 2334 exercitium
1013 2303 1079 2334 aut
1113 2298 1267 2336 difficile
1298 2306 1363 2335 aut

77 2348 312 2397 inpossibile
347 2351 505 2387 omnino
536 2349 721 2386 redditur.
763 2350 859 2392 Quia
897 2361 984 2387 vero
1024 2353 1271 2398 praestantius
1309 2358 1365 2388 est

85 2402 272 2442 &endere
317 2402 541 2450 perfectioni
587 2402 835 2439 intellectuali
879 2408 916 2440 et
958 2404 1109 2450 morali,
1154 2404 1202 2441 ad
1246 2415 1360 2453 quam
