<?xml version="1.0" encoding="UTF-8"?>
<!DOCTYPE html PUBLIC "-//W3C//DTD XHTML 1.0 Transitional//EN"
    "http://www.w3.org/TR/xhtml1/DTD/xhtml1-transitional.dtd">
<html xmlns="http://www.w3.org/1999/xhtml" xml:lang="en" lang="en">
 <head>
  <title>
</title>
<meta http-equiv="Content-Type" content="text/html;charset=utf-8" />
  <meta name='ocr-system' content='tesseract 3.04.00' />
  <meta name='ocr-capabilities' content='ocr_page ocr_carea ocr_par ocr_line ocrx_word'/>
</head>
<body>
  <div class='ocr_page' id='page_1' title='image "./summaphilosophic03zigluoft_0256.png"; bbox 0 0 1584 2569; ppageno 0'>
   <div class='ocr_carea' id='block_1_1' title="bbox 225 100 1496 136">
    <p class='ocr_par' dir='ltr' id='par_1_1' title="bbox 225 100 1496 136">
     <span class='ocr_line' id='line_1_1' title="bbox 225 100 1496 136; baseline 0 -1"><span class='ocrx_word' id='word_1_1' title='bbox 225 100 290 135; x_wconf 67' lang='lat' dir='ltr'>2}ss</span> <span class='ocrx_word' id='word_1_2' title='bbox 308 108 367 135; x_wconf 81' lang='lat' dir='ltr'>ms</span> <span class='ocrx_word' id='word_1_3' title='bbox 382 109 545 136; x_wconf 63' lang='lat' dir='ltr'>aarum.</span> <span class='ocrx_word' id='word_1_4' title='bbox 561 110 630 136; x_wconf 77' lang='lat' dir='ltr'>Lm.</span> <span class='ocrx_word' id='word_1_5' title='bbox 650 110 686 136; x_wconf 87' lang='lat'>11.</span> <span class='ocrx_word' id='word_1_6' title='bbox 704 109 782 136; x_wconf 70' lang='lat' dir='ltr'>cn.</span> <span class='ocrx_word' id='word_1_7' title='bbox 800 110 837 136; x_wconf 86' lang='lat' dir='ltr'>n.</span> <span class='ocrx_word' id='word_1_8' title='bbox 853 109 898 136; x_wconf 73' lang='lat' dir='ltr'>1&gt;ss</span> <span class='ocrx_word' id='word_1_9' title='bbox 917 109 1104 135; x_wconf 70' lang='lat' dir='ltr'>socOETArss</span> <span class='ocrx_word' id='word_1_10' title='bbox 1121 107 1192 136; x_wconf 76' lang='lat' dir='ltr'>clv,</span> <span class='ocrx_word' id='word_1_11' title='bbox 1213 108 1249 135; x_wconf 79' lang='lat' dir='ltr'>m</span> <span class='ocrx_word' id='word_1_12' title='bbox 1268 109 1307 135; x_wconf 80' lang='lat' dir='ltr'>SE</span> <span class='ocrx_word' id='word_1_13' title='bbox 1325 108 1496 135; x_wconf 69' lang='lat' dir='ltr'>srsscnu</span> 
     </span>
    </p>
   </div>
   <div class='ocr_carea' id='block_1_2' title="bbox 221 179 1548 2369">
    <p class='ocr_par' dir='ltr' id='par_1_2' title="bbox 224 179 1500 332">
     <span class='ocr_line' id='line_1_2' title="bbox 224 179 1496 228; baseline 0 -11"><span class='ocrx_word' id='word_1_14' title='bbox 224 180 345 228; x_wconf 78' lang='lat' dir='ltr'>gnosi‚</span> <span class='ocrx_word' id='word_1_15' title='bbox 364 180 692 228; x_wconf 79' lang='lat' dir='ltr'>Giurisprudenza</span> <span class='ocrx_word' id='word_1_16' title='bbox 712 185 901 223; x_wconf 72' lang='grc' dir='ltr'>εεονεεισα,</span> <span class='ocrx_word' id='word_1_17' title='bbox 934 180 1044 217; x_wconf 87' lang='lat' dir='ltr'>Parte</span> <span class='ocrx_word' id='word_1_18' title='bbox 1064 180 1094 218; x_wconf 87' lang='grc' dir='ltr'>Ι.</span> <span class='ocrx_word' id='word_1_19' title='bbox 1113 179 1194 217; x_wconf 88' lang='lat' dir='ltr'>Lib.</span> <span class='ocrx_word' id='word_1_20' title='bbox 1215 180 1293 219; x_wconf 87' lang='lat' dir='ltr'>vn.</span> <span class='ocrx_word' id='word_1_21' title='bbox 1321 179 1411 227; x_wconf 78' lang='lat' dir='ltr'>Cap.</span> <span class='ocrx_word' id='word_1_22' title='bbox 1437 179 1496 217; x_wconf 86' lang='lat' dir='ltr'>XI.</span> 
     </span>
     <span class='ocr_line' id='line_1_3' title="bbox 225 230 1500 281; baseline -0.002 -13"><span class='ocrx_word' id='word_1_23' title='bbox 225 232 288 268; x_wconf 91' lang='lat' dir='ltr'>ubi</span> <span class='ocrx_word' id='word_1_24' title='bbox 305 243 352 269; x_wconf 87' lang='lat' dir='ltr'>ex</span> <span class='ocrx_word' id='word_1_25' title='bbox 374 233 555 270; x_wconf 81' lang='lat' dir='ltr'>scissione</span> <span class='ocrx_word' id='word_1_26' title='bbox 573 237 808 281; x_wconf 84' lang='lat' dir='ltr'>potestatum</span> <span class='ocrx_word' id='word_1_27' title='bbox 827 232 994 268; x_wconf 88' lang='lat' dir='ltr'>civilium</span> <span class='ocrx_word' id='word_1_28' title='bbox 1021 231 1122 269; x_wconf 85' lang='lat' dir='ltr'>clare</span> <span class='ocrx_word' id='word_1_29' title='bbox 1155 231 1393 269; x_wconf 86' lang='lat' dir='ltr'>demonstrat</span> <span class='ocrx_word' id='word_1_30' title='bbox 1419 230 1500 267; x_wconf 88' lang='lat' dir='ltr'>uni-</span> 
     </span>
     <span class='ocr_line' id='line_1_4' title="bbox 225 286 708 332; baseline 0 -11"><span class='ocrx_word' id='word_1_31' title='bbox 225 289 344 321; x_wconf 83' lang='lat' dir='ltr'>tatem</span> <span class='ocrx_word' id='word_1_32' title='bbox 363 286 555 321; x_wconf 87' lang='lat' dir='ltr'>societatis</span> <span class='ocrx_word' id='word_1_33' title='bbox 572 286 708 332; x_wconf 90' lang='lat' dir='ltr'>perire.</span> 
     </span>
    </p>

    <p class='ocr_par' dir='ltr' id='par_1_3' title="bbox 221 337 1548 2369">
     <span class='ocr_line' id='line_1_5' title="bbox 269 337 1497 383; baseline -0.002 -9"><span class='ocrx_word' id='word_1_34' title='bbox 269 337 333 374; x_wconf 90' lang='lat'>111.</span> <span class='ocrx_word' id='word_1_35' title='bbox 349 338 530 374; x_wconf 71' lang='lat' dir='ltr'>Attamen</span> <span class='ocrx_word' id='word_1_36' title='bbox 546 337 671 383; x_wconf 81' lang='lat' dir='ltr'>quoad</span> <span class='ocrx_word' id='word_1_37' title='bbox 693 337 918 373; x_wconf 81' lang='lat' dir='ltr'>exercitium</span> <span class='ocrx_word' id='word_1_38' title='bbox 935 340 1109 382; x_wconf 78' lang='lat' dir='ltr'>potestas</span> <span class='ocrx_word' id='word_1_39' title='bbox 1128 337 1349 382; x_wconf 68' lang='lat' dir='ltr'>legislativa</span> <span class='ocrx_word' id='word_1_40' title='bbox 1365 339 1405 373; x_wconf 83' lang='lat' dir='ltr'>et</span> <span class='ocrx_word' id='word_1_41' title='bbox 1433 345 1497 382; x_wconf 83' lang='lat' dir='ltr'>po-</span> 
     </span>
     <span class='ocr_line' id='line_1_6' title="bbox 221 387 1498 436; baseline -0.002 -10"><span class='ocrx_word' id='word_1_42' title='bbox 221 390 555 436; x_wconf 71' lang='lat' dir='ltr'>testasjudiciaria</span> <span class='ocrx_word' id='word_1_43' title='bbox 564 390 749 426; x_wconf 79' lang='lat' dir='ltr'>distincta</span> <span class='ocrx_word' id='word_1_44' title='bbox 755 391 955 435; x_wconf 82' lang='lat' dir='ltr'>postulant</span> <span class='ocrx_word' id='word_1_45' title='bbox 962 389 1148 435; x_wconf 84' lang='lat' dir='ltr'>subiecta.</span> <span class='ocrx_word' id='word_1_46' title='bbox 1159 388 1200 424; x_wconf 91' lang='lat' dir='ltr'>Id</span> <span class='ocrx_word' id='word_1_47' title='bbox 1215 392 1319 436; x_wconf 89' lang='lat' dir='ltr'>patet</span> <span class='ocrx_word' id='word_1_48' title='bbox 1333 399 1378 424; x_wconf 87' lang='lat' dir='ltr'>ex</span> <span class='ocrx_word' id='word_1_49' title='bbox 1387 387 1498 424; x_wconf 85' lang='lat' dir='ltr'>dictis</span> 
     </span>
     <span class='ocr_line' id='line_1_7' title="bbox 224 439 1495 489; baseline -0.002 -11"><span class='ocrx_word' id='word_1_50' title='bbox 224 442 270 478; x_wconf 87' lang='lat' dir='ltr'>de</span> <span class='ocrx_word' id='word_1_51' title='bbox 289 447 476 489; x_wconf 81' lang='lat' dir='ltr'>potestate</span> <span class='ocrx_word' id='word_1_52' title='bbox 490 443 684 479; x_wconf 79' lang='lat' dir='ltr'>executiva</span> <span class='ocrx_word' id='word_1_53' title='bbox 698 453 706 478; x_wconf 91' lang='lat'>:</span> <span class='ocrx_word' id='word_1_54' title='bbox 720 453 819 478; x_wconf 89' lang='lat' dir='ltr'>unus</span> <span class='ocrx_word' id='word_1_55' title='bbox 833 443 935 478; x_wconf 89' lang='lat' dir='ltr'>enim</span> <span class='ocrx_word' id='word_1_56' title='bbox 950 441 1065 478; x_wconf 90' lang='lat' dir='ltr'>homo</span> <span class='ocrx_word' id='word_1_57' title='bbox 1080 441 1129 478; x_wconf 91' lang='lat' dir='ltr'>ad</span> <span class='ocrx_word' id='word_1_58' title='bbox 1147 441 1269 488; x_wconf 87' lang='lat' dir='ltr'>plura,</span> <span class='ocrx_word' id='word_1_59' title='bbox 1284 451 1403 488; x_wconf 86' lang='lat' dir='ltr'>eaque</span> <span class='ocrx_word' id='word_1_60' title='bbox 1423 439 1495 475; x_wconf 87' lang='lat' dir='ltr'>dis-</span> 
     </span>
     <span class='ocr_line' id='line_1_8' title="bbox 223 493 1503 541; baseline -0.002 -11"><span class='ocrx_word' id='word_1_61' title='bbox 223 500 357 541; x_wconf 87' lang='lat' dir='ltr'>parata</span> <span class='ocrx_word' id='word_1_62' title='bbox 375 500 413 531; x_wconf 90' lang='lat' dir='ltr'>et</span> <span class='ocrx_word' id='word_1_63' title='bbox 432 494 580 531; x_wconf 85' lang='lat' dir='ltr'>diversa</span> <span class='ocrx_word' id='word_1_64' title='bbox 607 505 685 531; x_wconf 90' lang='lat' dir='ltr'>non</span> <span class='ocrx_word' id='word_1_65' title='bbox 704 494 857 531; x_wconf 79' lang='lat' dir='ltr'>sufficit.</span> <span class='ocrx_word' id='word_1_66' title='bbox 880 494 960 531; x_wconf 88' lang='lat' dir='ltr'>Imo</span> <span class='ocrx_word' id='word_1_67' title='bbox 985 494 1253 530; x_wconf 84' lang='lat' dir='ltr'>inconveniens</span> <span class='ocrx_word' id='word_1_68' title='bbox 1272 493 1429 529; x_wconf 90' lang='lat' dir='ltr'>omnino</span> <span class='ocrx_word' id='word_1_69' title='bbox 1447 496 1503 528; x_wconf 89' lang='lat' dir='ltr'>est</span> 
     </span>
     <span class='ocr_line' id='line_1_9' title="bbox 224 545 1501 594; baseline -0.002 -12"><span class='ocrx_word' id='word_1_70' title='bbox 224 551 266 582; x_wconf 91' lang='lat' dir='ltr'>ut</span> <span class='ocrx_word' id='word_1_71' title='bbox 285 547 475 594; x_wconf 81' lang='lat' dir='ltr'>triplicem</span> <span class='ocrx_word' id='word_1_72' title='bbox 501 547 605 583; x_wconf 89' lang='lat' dir='ltr'>illam</span> <span class='ocrx_word' id='word_1_73' title='bbox 632 551 861 594; x_wconf 88' lang='lat' dir='ltr'>potestatem</span> <span class='ocrx_word' id='word_1_74' title='bbox 880 547 1059 594; x_wconf 85' lang='lat' dir='ltr'>Princeps</span> <span class='ocrx_word' id='word_1_75' title='bbox 1086 556 1154 594; x_wconf 86' lang='lat' dir='ltr'>per</span> <span class='ocrx_word' id='word_1_76' title='bbox 1183 546 1432 593; x_wconf 90' lang='lat' dir='ltr'>semetipsum</span> <span class='ocrx_word' id='word_1_77' title='bbox 1464 545 1501 579; x_wconf 91' lang='lat' dir='ltr'>in</span> 
     </span>
     <span class='ocr_line' id='line_1_10' title="bbox 225 597 1502 636; baseline -0.003 -1"><span class='ocrx_word' id='word_1_78' title='bbox 225 600 403 635; x_wconf 88' lang='lat' dir='ltr'>omnibus</span> <span class='ocrx_word' id='word_1_79' title='bbox 422 604 606 636; x_wconf 86' lang='lat' dir='ltr'>exerceat.</span> <span class='ocrx_word' id='word_1_80' title='bbox 629 599 734 636; x_wconf 89' lang='lat' dir='ltr'>Unde</span> <span class='ocrx_word' id='word_1_81' title='bbox 755 610 904 635; x_wconf 86' lang='lat' dir='ltr'>necesse</span> <span class='ocrx_word' id='word_1_82' title='bbox 927 603 984 635; x_wconf 86' lang='lat' dir='ltr'>est</span> <span class='ocrx_word' id='word_1_83' title='bbox 1002 603 1045 635; x_wconf 91' lang='lat' dir='ltr'>ut</span> <span class='ocrx_word' id='word_1_84' title='bbox 1063 599 1102 635; x_wconf 88' lang='lat' dir='ltr'>in</span> <span class='ocrx_word' id='word_1_85' title='bbox 1127 599 1306 635; x_wconf 88' lang='lat' dir='ltr'>societate</span> <span class='ocrx_word' id='word_1_86' title='bbox 1328 597 1502 633; x_wconf 84' lang='lat' dir='ltr'>homines</span> 
     </span>
     <span class='ocr_line' id='line_1_11' title="bbox 223 651 1500 699; baseline -0.003 -11"><span class='ocrx_word' id='word_1_87' title='bbox 223 662 262 688; x_wconf 85' lang='lat' dir='ltr'>se</span> <span class='ocrx_word' id='word_1_88' title='bbox 276 652 458 699; x_wconf 78' lang='lat' dir='ltr'>ligantur,</span> <span class='ocrx_word' id='word_1_89' title='bbox 474 653 539 699; x_wconf 88' lang='lat' dir='ltr'>qui</span> <span class='ocrx_word' id='word_1_90' title='bbox 548 652 701 699; x_wconf 84' lang='lat' dir='ltr'>judices</span> <span class='ocrx_word' id='word_1_91' title='bbox 717 653 915 688; x_wconf 88' lang='lat' dir='ltr'>constituti</span> <span class='ocrx_word' id='word_1_92' title='bbox 928 651 1013 687; x_wconf 90' lang='lat' dir='ltr'>lites</span> <span class='ocrx_word' id='word_1_93' title='bbox 1032 652 1130 687; x_wconf 90' lang='lat' dir='ltr'>inter</span> <span class='ocrx_word' id='word_1_94' title='bbox 1140 652 1239 687; x_wconf 84' lang='lat' dir='ltr'>cives</span> <span class='ocrx_word' id='word_1_95' title='bbox 1254 654 1500 697; x_wconf 81' lang='lat' dir='ltr'>componant,</span> 
     </span>
     <span class='ocr_line' id='line_1_12' title="bbox 224 702 1499 751; baseline -0.002 -13"><span class='ocrx_word' id='word_1_96' title='bbox 224 708 261 738; x_wconf 90' lang='lat' dir='ltr'>et</span> <span class='ocrx_word' id='word_1_97' title='bbox 280 704 454 739; x_wconf 87' lang='lat' dir='ltr'>ordinem</span> <span class='ocrx_word' id='word_1_98' title='bbox 475 705 653 740; x_wconf 85' lang='lat' dir='ltr'>socialem</span> <span class='ocrx_word' id='word_1_99' title='bbox 671 715 738 751; x_wconf 90' lang='lat' dir='ltr'>per</span> <span class='ocrx_word' id='word_1_100' title='bbox 757 704 1045 750; x_wconf 84' lang='lat' dir='ltr'>improbitatem</span> <span class='ocrx_word' id='word_1_101' title='bbox 1062 702 1265 739; x_wconf 89' lang='lat' dir='ltr'>hominum</span> <span class='ocrx_word' id='word_1_102' title='bbox 1286 702 1420 738; x_wconf 85' lang='lat' dir='ltr'>laesum</span> <span class='ocrx_word' id='word_1_103' title='bbox 1445 702 1499 737; x_wconf 87' lang='lat' dir='ltr'>in-</span> 
     </span>
     <span class='ocr_line' id='line_1_13' title="bbox 225 752 1501 803; baseline -0.003 -11"><span class='ocrx_word' id='word_1_104' title='bbox 225 755 337 792; x_wconf 84' lang='lat' dir='ltr'>nictis</span> <span class='ocrx_word' id='word_1_105' title='bbox 366 756 490 803; x_wconf 88' lang='lat' dir='ltr'>poenis</span> <span class='ocrx_word' id='word_1_106' title='bbox 528 760 765 792; x_wconf 85' lang='lat' dir='ltr'>conservent.</span> <span class='ocrx_word' id='word_1_107' title='bbox 807 756 860 792; x_wconf 88' lang='lat' dir='ltr'>De</span> <span class='ocrx_word' id='word_1_108' title='bbox 900 756 1123 791; x_wconf 80' lang='lat' dir='ltr'>necessitate</span> <span class='ocrx_word' id='word_1_109' title='bbox 1157 754 1346 801; x_wconf 84' lang='lat' dir='ltr'>judicum,</span> <span class='ocrx_word' id='word_1_110' title='bbox 1379 752 1501 799; x_wconf 87' lang='lat' dir='ltr'>deque</span> 
     </span>
     <span class='ocr_line' id='line_1_14' title="bbox 223 804 1499 855; baseline -0.003 -12"><span class='ocrx_word' id='word_1_111' title='bbox 223 817 357 844; x_wconf 77' lang='lat' dir='ltr'>eorum</span> <span class='ocrx_word' id='word_1_112' title='bbox 387 807 541 844; x_wconf 87' lang='lat' dir='ltr'>dotibus</span> <span class='ocrx_word' id='word_1_113' title='bbox 569 808 752 854; x_wconf 66' lang='lat' dir='ltr'>praeclara</span> <span class='ocrx_word' id='word_1_114' title='bbox 780 812 870 844; x_wconf 87' lang='lat' dir='ltr'>sunt</span> <span class='ocrx_word' id='word_1_115' title='bbox 899 818 985 855; x_wconf 81' lang='lat' dir='ltr'>quae</span> <span class='ocrx_word' id='word_1_116' title='bbox 1010 807 1199 843; x_wconf 89' lang='lat' dir='ltr'>habentur</span> <span class='ocrx_word' id='word_1_117' title='bbox 1224 805 1355 842; x_wconf 78' lang='lat' dir='ltr'>Exodi</span> <span class='ocrx_word' id='word_1_118' title='bbox 1373 804 1499 848; x_wconf 85' lang='lat' dir='ltr'>XVIII,</span> 
     </span>
     <span class='ocr_line' id='line_1_15' title="bbox 225 857 1499 906; baseline -0.002 -11"><span class='ocrx_word' id='word_1_119' title='bbox 225 870 282 895; x_wconf 79' lang='lat' dir='ltr'>vv.</span> <span class='ocrx_word' id='word_1_120' title='bbox 321 862 425 896; x_wconf 73' lang='lat'>¹3-26</span> <span class='ocrx_word' id='word_1_121' title='bbox 445 871 453 896; x_wconf 76' lang='grc' dir='ltr'><strong><em>ε</em></strong></span> <span class='ocrx_word' id='word_1_122' title='bbox 477 873 495 894; x_wconf 75' lang='grc' dir='ltr'>ι</span> <span class='ocrx_word' id='word_1_123' title='bbox 526 860 654 897; x_wconf 78' lang='lat' dir='ltr'>Altera</span> <span class='ocrx_word' id='word_1_124' title='bbox 687 865 815 897; x_wconf 89' lang='lat' dir='ltr'>autem</span> <span class='ocrx_word' id='word_1_125' title='bbox 853 859 914 896; x_wconf 87' lang='lat' dir='ltr'>dic</span> <span class='ocrx_word' id='word_1_126' title='bbox 948 859 1045 896; x_wconf 88' lang='lat' dir='ltr'>sedit</span> <span class='ocrx_word' id='word_1_127' title='bbox 1078 859 1222 906; x_wconf 84' lang='lat' dir='ltr'>Moyses</span> <span class='ocrx_word' id='word_1_128' title='bbox 1252 863 1295 894; x_wconf 90' lang='lat' dir='ltr'>ut</span> <span class='ocrx_word' id='word_1_129' title='bbox 1309 857 1499 905; x_wconf 82' lang='lat' dir='ltr'>J’udicaret</span> 
     </span>
     <span class='ocr_line' id='line_1_16' title="bbox 225 910 1498 960; baseline -0.003 -12"><span class='ocrx_word' id='word_1_130' title='bbox 225 914 409 959; x_wconf 82' lang='lat' dir='ltr'>popllum</span> <span class='ocrx_word' id='word_1_131' title='bbox 433 912 497 959; x_wconf 87' lang='lat' dir='ltr'>qui</span> <span class='ocrx_word' id='word_1_132' title='bbox 518 913 718 950; x_wconf 85' lang='lat' dir='ltr'>assistebat</span> <span class='ocrx_word' id='word_1_133' title='bbox 737 913 853 960; x_wconf 84' lang='lat' dir='ltr'>Moysi</span> <span class='ocrx_word' id='word_1_134' title='bbox 881 923 904 950; x_wconf 88' lang='lat' dir='ltr'>a</span> <span class='ocrx_word' id='word_1_135' title='bbox 933 922 1047 948; x_wconf 89' lang='lat' dir='ltr'>mane</span> <span class='ocrx_word' id='word_1_136' title='bbox 1069 921 1188 958; x_wconf 88' lang='lat' dir='ltr'>usque</span> <span class='ocrx_word' id='word_1_137' title='bbox 1213 910 1260 947; x_wconf 91' lang='lat' dir='ltr'>ad</span> <span class='ocrx_word' id='word_1_138' title='bbox 1288 920 1498 957; x_wconf 86' lang='lat' dir='ltr'>vesperam.</span> 
     </span>
     <span class='ocr_line' id='line_1_17' title="bbox 224 961 1503 1013; baseline -0.003 -13"><span class='ocrx_word' id='word_1_139' title='bbox 224 965 332 1006; x_wconf 78' lang='lat' dir='ltr'>Quod</span> <span class='ocrx_word' id='word_1_140' title='bbox 359 975 446 1001; x_wconf 92' lang='lat' dir='ltr'>cum</span> <span class='ocrx_word' id='word_1_141' title='bbox 474 964 629 1001; x_wconf 85' lang='lat' dir='ltr'>vidisset</span> <span class='ocrx_word' id='word_1_142' title='bbox 665 970 851 1013; x_wconf 86' lang='lat' dir='ltr'>cognatus</span> <span class='ocrx_word' id='word_1_143' title='bbox 879 965 961 1011; x_wconf 86' lang='lat' dir='ltr'>ejus</span> <span class='ocrx_word' id='word_1_144' title='bbox 994 963 1165 1009; x_wconf 75' lang='grc' dir='ltr'>(ΙειΙινο),</span> <span class='ocrx_word' id='word_1_145' title='bbox 1201 963 1332 998; x_wconf 88' lang='lat' dir='ltr'>omnia</span> <span class='ocrx_word' id='word_1_146' title='bbox 1361 961 1503 998; x_wconf 87' lang='lat' dir='ltr'>scilicet</span> 
     </span>
     <span class='ocr_line' id='line_1_18' title="bbox 226 1014 1502 1064; baseline -0.004 -11"><span class='ocrx_word' id='word_1_147' title='bbox 226 1026 312 1063; x_wconf 81' lang='lat' dir='ltr'>quae</span> <span class='ocrx_word' id='word_1_148' title='bbox 333 1018 469 1064; x_wconf 87' lang='lat' dir='ltr'>agebat</span> <span class='ocrx_word' id='word_1_149' title='bbox 486 1019 524 1053; x_wconf 90' lang='lat' dir='ltr'>in</span> <span class='ocrx_word' id='word_1_150' title='bbox 542 1018 698 1064; x_wconf 92' lang='lat' dir='ltr'>populo,</span> <span class='ocrx_word' id='word_1_151' title='bbox 720 1018 774 1053; x_wconf 91' lang='lat' dir='ltr'>ait</span> <span class='ocrx_word' id='word_1_152' title='bbox 793 1028 800 1052; x_wconf 96' lang='lat'>:</span> <span class='ocrx_word' id='word_1_153' title='bbox 823 1016 920 1058; x_wconf 90' lang='lat' dir='ltr'>Quid</span> <span class='ocrx_word' id='word_1_154' title='bbox 935 1022 992 1052; x_wconf 91' lang='lat' dir='ltr'>est</span> <span class='ocrx_word' id='word_1_155' title='bbox 1005 1016 1077 1052; x_wconf 88' lang='lat' dir='ltr'>hoc</span> <span class='ocrx_word' id='word_1_156' title='bbox 1087 1015 1189 1062; x_wconf 89' lang='lat' dir='ltr'>quod</span> <span class='ocrx_word' id='word_1_157' title='bbox 1207 1015 1297 1051; x_wconf 83' lang='lat' dir='ltr'>facis</span> <span class='ocrx_word' id='word_1_158' title='bbox 1311 1015 1349 1050; x_wconf 91' lang='lat' dir='ltr'>in</span> <span class='ocrx_word' id='word_1_159' title='bbox 1366 1014 1502 1061; x_wconf 77' lang='lat' dir='ltr'>plebe?</span> 
     </span>
     <span class='ocr_line' id='line_1_19' title="bbox 224 1067 1505 1116; baseline -0.003 -11"><span class='ocrx_word' id='word_1_160' title='bbox 224 1080 292 1104; x_wconf 84' lang='lat' dir='ltr'>cnr</span> <span class='ocrx_word' id='word_1_161' title='bbox 311 1069 413 1105; x_wconf 90' lang='lat' dir='ltr'>solus</span> <span class='ocrx_word' id='word_1_162' title='bbox 432 1070 538 1105; x_wconf 88' lang='lat' dir='ltr'>sedes</span> <span class='ocrx_word' id='word_1_163' title='bbox 553 1074 591 1105; x_wconf 89' lang='lat' dir='ltr'>et</span> <span class='ocrx_word' id='word_1_164' title='bbox 609 1069 734 1105; x_wconf 88' lang='lat' dir='ltr'>omnis</span> <span class='ocrx_word' id='word_1_165' title='bbox 751 1069 914 1116; x_wconf 87' lang='lat' dir='ltr'>populus</span> <span class='ocrx_word' id='word_1_166' title='bbox 934 1068 1177 1114; x_wconf 83' lang='lat' dir='ltr'>praestolatur</span> <span class='ocrx_word' id='word_1_167' title='bbox 1195 1067 1241 1103; x_wconf 91' lang='lat' dir='ltr'>de</span> <span class='ocrx_word' id='word_1_168' title='bbox 1258 1076 1370 1102; x_wconf 88' lang='lat' dir='ltr'>mane</span> <span class='ocrx_word' id='word_1_169' title='bbox 1387 1075 1505 1111; x_wconf 81' lang='lat' dir='ltr'>usque</span> 
     </span>
     <span class='ocr_line' id='line_1_20' title="bbox 227 1118 1506 1168; baseline -0.002 -12"><span class='ocrx_word' id='word_1_170' title='bbox 227 1120 272 1156; x_wconf 89' lang='lat' dir='ltr'>ad</span> <span class='ocrx_word' id='word_1_171' title='bbox 292 1122 518 1167; x_wconf 77' lang='lat' dir='ltr'>vesperam?</span> <span class='ocrx_word' id='word_1_172' title='bbox 549 1121 615 1156; x_wconf 91' lang='lat' dir='ltr'>Cui</span> <span class='ocrx_word' id='word_1_173' title='bbox 645 1121 841 1168; x_wconf 90' lang='lat' dir='ltr'>respondit</span> <span class='ocrx_word' id='word_1_174' title='bbox 860 1120 1002 1167; x_wconf 85' lang='lat' dir='ltr'>Moyses</span> <span class='ocrx_word' id='word_1_175' title='bbox 1021 1130 1028 1154; x_wconf 93' lang='lat'><strong>:</strong></span> <span class='ocrx_word' id='word_1_176' title='bbox 1050 1120 1161 1155; x_wconf 85' lang='lat' dir='ltr'>Venit</span> <span class='ocrx_word' id='word_1_177' title='bbox 1182 1118 1230 1155; x_wconf 90' lang='lat' dir='ltr'>ad</span> <span class='ocrx_word' id='word_1_178' title='bbox 1256 1129 1316 1154; x_wconf 90' lang='lat' dir='ltr'>me</span> <span class='ocrx_word' id='word_1_179' title='bbox 1342 1118 1506 1165; x_wconf 85' lang='lat' dir='ltr'>populus</span> 
     </span>
     <span class='ocr_line' id='line_1_21' title="bbox 225 1169 1506 1219; baseline -0.002 -10"><span class='ocrx_word' id='word_1_180' title='bbox 225 1184 400 1219; x_wconf 88' lang='lat' dir='ltr'>quaerens</span> <span class='ocrx_word' id='word_1_181' title='bbox 419 1174 646 1209; x_wconf 89' lang='lat' dir='ltr'>sententiam</span> <span class='ocrx_word' id='word_1_182' title='bbox 665 1173 743 1209; x_wconf 89' lang='lat' dir='ltr'>Dei.</span> <span class='ocrx_word' id='word_1_183' title='bbox 762 1173 933 1219; x_wconf 88' lang='lat' dir='ltr'>Cumque</span> <span class='ocrx_word' id='word_1_184' title='bbox 953 1171 1131 1208; x_wconf 88' lang='lat' dir='ltr'>acciderit</span> <span class='ocrx_word' id='word_1_185' title='bbox 1149 1172 1203 1208; x_wconf 89' lang='lat' dir='ltr'>eis</span> <span class='ocrx_word' id='word_1_186' title='bbox 1219 1171 1348 1217; x_wconf 88' lang='lat' dir='ltr'>aliqua</span> <span class='ocrx_word' id='word_1_187' title='bbox 1364 1169 1506 1216; x_wconf 87' lang='lat' dir='ltr'>discep-</span> 
     </span>
     <span class='ocr_line' id='line_1_22' title="bbox 227 1223 1503 1272; baseline -0.002 -12"><span class='ocrx_word' id='word_1_188' title='bbox 227 1226 335 1269; x_wconf 86' lang='lat' dir='ltr'>tatio,</span> <span class='ocrx_word' id='word_1_189' title='bbox 356 1225 512 1260; x_wconf 88' lang='lat' dir='ltr'>veniunt</span> <span class='ocrx_word' id='word_1_190' title='bbox 531 1224 579 1261; x_wconf 89' lang='lat' dir='ltr'>ad</span> <span class='ocrx_word' id='word_1_191' title='bbox 599 1236 660 1261; x_wconf 90' lang='lat' dir='ltr'>me</span> <span class='ocrx_word' id='word_1_192' title='bbox 679 1229 722 1260; x_wconf 91' lang='lat' dir='ltr'>ut</span> <span class='ocrx_word' id='word_1_193' title='bbox 737 1224 907 1272; x_wconf 90' lang='lat' dir='ltr'>judicem</span> <span class='ocrx_word' id='word_1_194' title='bbox 925 1225 1023 1260; x_wconf 91' lang='lat' dir='ltr'>inter</span> <span class='ocrx_word' id='word_1_195' title='bbox 1039 1234 1116 1269; x_wconf 91' lang='lat' dir='ltr'>eos,</span> <span class='ocrx_word' id='word_1_196' title='bbox 1137 1227 1174 1259; x_wconf 92' lang='lat' dir='ltr'>et</span> <span class='ocrx_word' id='word_1_197' title='bbox 1191 1223 1390 1260; x_wconf 89' lang='lat' dir='ltr'>ostendam</span> <span class='ocrx_word' id='word_1_198' title='bbox 1408 1233 1503 1269; x_wconf 78' lang='lat' dir='ltr'>prae-</span> 
     </span>
     <span class='ocr_line' id='line_1_23' title="bbox 226 1276 1502 1325; baseline -0.002 -13"><span class='ocrx_word' id='word_1_199' title='bbox 226 1282 336 1325; x_wconf 86' lang='lat' dir='ltr'>cepta</span> <span class='ocrx_word' id='word_1_200' title='bbox 352 1277 417 1312; x_wconf 89' lang='lat' dir='ltr'>Dei</span> <span class='ocrx_word' id='word_1_201' title='bbox 447 1282 484 1312; x_wconf 91' lang='lat' dir='ltr'>et</span> <span class='ocrx_word' id='word_1_202' title='bbox 513 1277 614 1325; x_wconf 90' lang='lat' dir='ltr'>leges</span> <span class='ocrx_word' id='word_1_203' title='bbox 639 1278 732 1324; x_wconf 90' lang='lat' dir='ltr'>ejus.</span> <span class='ocrx_word' id='word_1_204' title='bbox 768 1278 815 1313; x_wconf 87' lang='lat' dir='ltr'>At</span> <span class='ocrx_word' id='word_1_205' title='bbox 845 1276 934 1313; x_wconf 89' lang='lat' dir='ltr'>ille:</span> <span class='ocrx_word' id='word_1_206' title='bbox 968 1287 1046 1313; x_wconf 89' lang='lat' dir='ltr'>non</span> <span class='ocrx_word' id='word_1_207' title='bbox 1074 1277 1228 1321; x_wconf 91' lang='lat' dir='ltr'>bonam,</span> <span class='ocrx_word' id='word_1_208' title='bbox 1263 1276 1400 1322; x_wconf 88' lang='lat' dir='ltr'>inquit,</span> <span class='ocrx_word' id='word_1_209' title='bbox 1421 1285 1502 1310; x_wconf 87' lang='lat' dir='ltr'>rem</span> 
     </span>
     <span class='ocr_line' id='line_1_24' title="bbox 225 1327 1509 1375; baseline -0.002 -11"><span class='ocrx_word' id='word_1_210' title='bbox 225 1330 345 1366; x_wconf 77' lang='lat' dir='ltr'>facis:</span> <span class='ocrx_word' id='word_1_211' title='bbox 368 1329 484 1364; x_wconf 88' lang='lat' dir='ltr'>stulto</span> <span class='ocrx_word' id='word_1_212' title='bbox 505 1329 634 1366; x_wconf 87' lang='lat' dir='ltr'>labore</span> <span class='ocrx_word' id='word_1_213' title='bbox 664 1330 899 1365; x_wconf 87' lang='lat' dir='ltr'>consumeris</span> <span class='ocrx_word' id='word_1_214' title='bbox 925 1332 962 1365; x_wconf 91' lang='lat' dir='ltr'>et</span> <span class='ocrx_word' id='word_1_215' title='bbox 991 1333 1045 1374; x_wconf 91' lang='lat' dir='ltr'>tu,</span> <span class='ocrx_word' id='word_1_216' title='bbox 1075 1333 1113 1365; x_wconf 88' lang='lat' dir='ltr'>et</span> <span class='ocrx_word' id='word_1_217' title='bbox 1147 1327 1311 1375; x_wconf 89' lang='lat' dir='ltr'>populus</span> <span class='ocrx_word' id='word_1_218' title='bbox 1335 1327 1405 1363; x_wconf 87' lang='lat' dir='ltr'>iste</span> <span class='ocrx_word' id='word_1_219' title='bbox 1444 1328 1509 1373; x_wconf 88' lang='lat' dir='ltr'>qui</span> 
     </span>
     <span class='ocr_line' id='line_1_25' title="bbox 226 1378 1505 1428; baseline -0.002 -12"><span class='ocrx_word' id='word_1_220' title='bbox 226 1387 354 1418; x_wconf 84' lang='lat' dir='ltr'>tecum</span> <span class='ocrx_word' id='word_1_221' title='bbox 385 1386 467 1418; x_wconf 92' lang='lat' dir='ltr'>est:</span> <span class='ocrx_word' id='word_1_222' title='bbox 491 1381 591 1418; x_wconf 88' lang='lat' dir='ltr'>ultra</span> <span class='ocrx_word' id='word_1_223' title='bbox 608 1382 706 1417; x_wconf 88' lang='lat' dir='ltr'>vires</span> <span class='ocrx_word' id='word_1_224' title='bbox 741 1386 824 1417; x_wconf 89' lang='lat' dir='ltr'>tuas</span> <span class='ocrx_word' id='word_1_225' title='bbox 856 1385 912 1417; x_wconf 90' lang='lat' dir='ltr'>est</span> <span class='ocrx_word' id='word_1_226' title='bbox 932 1381 1143 1428; x_wconf 85' lang='lat' dir='ltr'>negotium,</span> <span class='ocrx_word' id='word_1_227' title='bbox 1172 1380 1275 1416; x_wconf 92' lang='lat' dir='ltr'>solus</span> <span class='ocrx_word' id='word_1_228' title='bbox 1306 1378 1399 1415; x_wconf 89' lang='lat' dir='ltr'>illud</span> <span class='ocrx_word' id='word_1_229' title='bbox 1428 1389 1505 1414; x_wconf 90' lang='lat' dir='ltr'>non</span> 
     </span>
     <span class='ocr_line' id='line_1_26' title="bbox 232 1431 1510 1480; baseline -0.002 -11"><span class='ocrx_word' id='word_1_230' title='bbox 232 1438 374 1480; x_wconf 79' lang='lat' dir='ltr'>poteris</span> <span class='ocrx_word' id='word_1_231' title='bbox 390 1435 587 1469; x_wconf 88' lang='lat' dir='ltr'>sustinere.</span> <span class='ocrx_word' id='word_1_232' title='bbox 608 1433 681 1469; x_wconf 90' lang='lat' dir='ltr'>Sed</span> <span class='ocrx_word' id='word_1_233' title='bbox 698 1433 787 1469; x_wconf 93' lang='lat' dir='ltr'>audi</span> <span class='ocrx_word' id='word_1_234' title='bbox 809 1433 926 1469; x_wconf 89' lang='lat' dir='ltr'>verba</span> <span class='ocrx_word' id='word_1_235' title='bbox 945 1443 1030 1469; x_wconf 87' lang='lat' dir='ltr'>mea</span> <span class='ocrx_word' id='word_1_236' title='bbox 1055 1437 1169 1479; x_wconf 89' lang='lat' dir='ltr'>atque</span> <span class='ocrx_word' id='word_1_237' title='bbox 1188 1431 1358 1475; x_wconf 88' lang='lat' dir='ltr'>consilia,</span> <span class='ocrx_word' id='word_1_238' title='bbox 1386 1435 1424 1466; x_wconf 90' lang='lat' dir='ltr'>et</span> <span class='ocrx_word' id='word_1_239' title='bbox 1440 1435 1510 1467; x_wconf 81' lang='lat' dir='ltr'>erit</span> 
     </span>
     <span class='ocr_line' id='line_1_27' title="bbox 231 1483 1548 1532; baseline -0.002 -12"><span class='ocrx_word' id='word_1_240' title='bbox 231 1486 330 1522; x_wconf 85' lang='lat' dir='ltr'>Deus</span> <span class='ocrx_word' id='word_1_241' title='bbox 352 1491 489 1522; x_wconf 90' lang='lat' dir='ltr'>tecum.</span> <span class='ocrx_word' id='word_1_242' title='bbox 511 1485 597 1521; x_wconf 89' lang='lat' dir='ltr'>Esto</span> <span class='ocrx_word' id='word_1_243' title='bbox 619 1490 660 1521; x_wconf 94' lang='lat' dir='ltr'>tu</span> <span class='ocrx_word' id='word_1_244' title='bbox 686 1485 828 1532; x_wconf 91' lang='lat' dir='ltr'>populo</span> <span class='ocrx_word' id='word_1_245' title='bbox 846 1486 884 1520; x_wconf 85' lang='lat' dir='ltr'>in</span> <span class='ocrx_word' id='word_1_246' title='bbox 907 1485 967 1520; x_wconf 92' lang='lat' dir='ltr'>his</span> <span class='ocrx_word' id='word_1_247' title='bbox 986 1494 1073 1531; x_wconf 85' lang='lat' dir='ltr'>quae</span> <span class='ocrx_word' id='word_1_248' title='bbox 1092 1484 1140 1520; x_wconf 86' lang='lat' dir='ltr'>ad</span> <span class='ocrx_word' id='word_1_249' title='bbox 1159 1484 1278 1520; x_wconf 90' lang='lat' dir='ltr'>Deum</span> <span class='ocrx_word' id='word_1_250' title='bbox 1304 1483 1508 1530; x_wconf 85' lang='lat' dir='ltr'>pertinent.</span> <span class='ocrx_word' id='word_1_251' title='bbox 1546 1522 1548 1524; x_wconf 37' lang='grc'><strong>,</strong></span> 
     </span>
     <span class='ocr_line' id='line_1_28' title="bbox 232 1535 1511 1585; baseline -0.004 -11"><span class='ocrx_word' id='word_1_252' title='bbox 232 1544 274 1574; x_wconf 80' lang='lat' dir='ltr'>ut</span> <span class='ocrx_word' id='word_1_253' title='bbox 295 1538 436 1575; x_wconf 74' lang='lat' dir='ltr'>referas</span> <span class='ocrx_word' id='word_1_254' title='bbox 454 1547 539 1584; x_wconf 81' lang='lat' dir='ltr'>quae</span> <span class='ocrx_word' id='word_1_255' title='bbox 559 1536 738 1572; x_wconf 87' lang='lat' dir='ltr'>dicuntur</span> <span class='ocrx_word' id='word_1_256' title='bbox 753 1536 800 1572; x_wconf 89' lang='lat' dir='ltr'>ad</span> <span class='ocrx_word' id='word_1_257' title='bbox 821 1547 907 1572; x_wconf 90' lang='lat' dir='ltr'>eum</span> <span class='ocrx_word' id='word_1_258' title='bbox 924 1547 932 1572; x_wconf 89' lang='lat'>:</span> <span class='ocrx_word' id='word_1_259' title='bbox 960 1538 1214 1585; x_wconf 85' lang='lat' dir='ltr'>ostendasque</span> <span class='ocrx_word' id='word_1_260' title='bbox 1241 1535 1383 1583; x_wconf 84' lang='lat' dir='ltr'>populo</span> <span class='ocrx_word' id='word_1_261' title='bbox 1401 1545 1511 1570; x_wconf 84' lang='lat' dir='ltr'>caere-</span> 
     </span>
     <span class='ocr_line' id='line_1_29' title="bbox 233 1586 1506 1635; baseline -0.004 -8"><span class='ocrx_word' id='word_1_262' title='bbox 233 1591 382 1627; x_wconf 69' lang='lat' dir='ltr'>monins</span> <span class='ocrx_word' id='word_1_263' title='bbox 403 1596 440 1627; x_wconf 89' lang='lat' dir='ltr'>et</span> <span class='ocrx_word' id='word_1_264' title='bbox 459 1590 574 1626; x_wconf 91' lang='lat' dir='ltr'>ritum</span> <span class='ocrx_word' id='word_1_265' title='bbox 587 1588 748 1633; x_wconf 90' lang='lat' dir='ltr'>colendi,</span> <span class='ocrx_word' id='word_1_266' title='bbox 769 1589 944 1634; x_wconf 87' lang='lat' dir='ltr'>viamque</span> <span class='ocrx_word' id='word_1_267' title='bbox 959 1599 1027 1635; x_wconf 89' lang='lat' dir='ltr'>per</span> <span class='ocrx_word' id='word_1_268' title='bbox 1040 1598 1156 1635; x_wconf 87' lang='lat' dir='ltr'>quam</span> <span class='ocrx_word' id='word_1_269' title='bbox 1171 1587 1318 1635; x_wconf 85' lang='lat' dir='ltr'>ingredi</span> <span class='ocrx_word' id='word_1_270' title='bbox 1333 1586 1506 1631; x_wconf 86' lang='lat' dir='ltr'>debeant,</span> 
     </span>
     <span class='ocr_line' id='line_1_30' title="bbox 231 1638 1512 1690; baseline -0.004 -11"><span class='ocrx_word' id='word_1_271' title='bbox 231 1648 269 1678; x_wconf 85' lang='lat' dir='ltr'>et</span> <span class='ocrx_word' id='word_1_272' title='bbox 292 1654 386 1690; x_wconf 78' lang='lat' dir='ltr'>opus</span> <span class='ocrx_word' id='word_1_273' title='bbox 410 1641 510 1690; x_wconf 85' lang='lat' dir='ltr'>quod</span> <span class='ocrx_word' id='word_1_274' title='bbox 531 1641 651 1678; x_wconf 83' lang='lat' dir='ltr'>facere</span> <span class='ocrx_word' id='word_1_275' title='bbox 677 1640 850 1677; x_wconf 88' lang='lat' dir='ltr'>debeant.</span> <span class='ocrx_word' id='word_1_276' title='bbox 872 1640 1032 1676; x_wconf 88' lang='lat' dir='ltr'>Provide</span> <span class='ocrx_word' id='word_1_277' title='bbox 1052 1645 1181 1676; x_wconf 91' lang='lat' dir='ltr'>autem</span> <span class='ocrx_word' id='word_1_278' title='bbox 1201 1640 1247 1676; x_wconf 89' lang='lat' dir='ltr'>de</span> <span class='ocrx_word' id='word_1_279' title='bbox 1267 1640 1373 1675; x_wconf 90' lang='lat' dir='ltr'>omni</span> <span class='ocrx_word' id='word_1_280' title='bbox 1402 1638 1512 1686; x_wconf 88' lang='lat' dir='ltr'>plebe</span> 
     </span>
     <span class='ocr_line' id='line_1_31' title="bbox 232 1692 1512 1742; baseline -0.003 -11"><span class='ocrx_word' id='word_1_281' title='bbox 232 1696 333 1732; x_wconf 83' lang='lat' dir='ltr'>viros</span> <span class='ocrx_word' id='word_1_282' title='bbox 352 1699 525 1742; x_wconf 88' lang='lat' dir='ltr'>potentes</span> <span class='ocrx_word' id='word_1_283' title='bbox 544 1699 580 1730; x_wconf 90' lang='lat' dir='ltr'>et</span> <span class='ocrx_word' id='word_1_284' title='bbox 601 1695 765 1729; x_wconf 81' lang='lat' dir='ltr'>timentes</span> <span class='ocrx_word' id='word_1_285' title='bbox 784 1693 914 1737; x_wconf 79' lang='lat' dir='ltr'>Deum,</span> <span class='ocrx_word' id='word_1_286' title='bbox 936 1694 978 1728; x_wconf 86' lang='lat' dir='ltr'>in</span> <span class='ocrx_word' id='word_1_287' title='bbox 996 1692 1132 1739; x_wconf 81' lang='lat' dir='ltr'>quibus</span> <span class='ocrx_word' id='word_1_288' title='bbox 1147 1692 1199 1728; x_wconf 72' lang='lat' dir='ltr'>sit</span> <span class='ocrx_word' id='word_1_289' title='bbox 1215 1693 1368 1737; x_wconf 81' lang='lat' dir='ltr'>veritas,</span> <span class='ocrx_word' id='word_1_290' title='bbox 1389 1696 1427 1728; x_wconf 92' lang='lat' dir='ltr'>et</span> <span class='ocrx_word' id='word_1_291' title='bbox 1445 1692 1512 1738; x_wconf 81' lang='lat' dir='ltr'>qui</span> 
     </span>
     <span class='ocr_line' id='line_1_32' title="bbox 232 1745 1510 1791; baseline -0.003 -8"><span class='ocrx_word' id='word_1_292' title='bbox 232 1748 383 1784; x_wconf 78' lang='lat' dir='ltr'>oderint</span> <span class='ocrx_word' id='word_1_293' title='bbox 396 1748 616 1791; x_wconf 79' lang='lat' dir='ltr'>avaritiam,</span> <span class='ocrx_word' id='word_1_294' title='bbox 635 1750 673 1781; x_wconf 91' lang='lat' dir='ltr'>et</span> <span class='ocrx_word' id='word_1_295' title='bbox 689 1746 875 1782; x_wconf 89' lang='lat' dir='ltr'>constitue</span> <span class='ocrx_word' id='word_1_296' title='bbox 884 1756 929 1781; x_wconf 80' lang='lat' dir='ltr'>ex</span> <span class='ocrx_word' id='word_1_297' title='bbox 939 1746 992 1781; x_wconf 85' lang='lat' dir='ltr'>eis</span> <span class='ocrx_word' id='word_1_298' title='bbox 1005 1745 1192 1790; x_wconf 90' lang='lat' dir='ltr'>tribunos,</span> <span class='ocrx_word' id='word_1_299' title='bbox 1205 1749 1242 1781; x_wconf 89' lang='lat' dir='ltr'>et</span> <span class='ocrx_word' id='word_1_300' title='bbox 1255 1745 1510 1787; x_wconf 85' lang='lat' dir='ltr'>centuriones,</span> 
     </span>
     <span class='ocr_line' id='line_1_33' title="bbox 231 1797 1509 1846; baseline -0.004 -10"><span class='ocrx_word' id='word_1_301' title='bbox 231 1805 273 1836; x_wconf 87' lang='lat' dir='ltr'>et</span> <span class='ocrx_word' id='word_1_302' title='bbox 289 1799 637 1846; x_wconf 86' lang='lat' dir='ltr'>quinquagenarios</span> <span class='ocrx_word' id='word_1_303' title='bbox 656 1802 694 1834; x_wconf 88' lang='lat' dir='ltr'>et</span> <span class='ocrx_word' id='word_1_304' title='bbox 713 1797 889 1843; x_wconf 88' lang='lat' dir='ltr'>decanos,</span> <span class='ocrx_word' id='word_1_305' title='bbox 913 1798 978 1844; x_wconf 90' lang='lat' dir='ltr'>qui</span> <span class='ocrx_word' id='word_1_306' title='bbox 1002 1797 1176 1844; x_wconf 87' lang='lat' dir='ltr'>judicent</span> <span class='ocrx_word' id='word_1_307' title='bbox 1197 1797 1384 1844; x_wconf 90' lang='lat' dir='ltr'>populum</span> <span class='ocrx_word' id='word_1_308' title='bbox 1405 1797 1509 1832; x_wconf 89' lang='lat' dir='ltr'>omni</span> 
     </span>
     <span class='ocr_line' id='line_1_34' title="bbox 237 1848 1512 1899; baseline -0.003 -12"><span class='ocrx_word' id='word_1_309' title='bbox 237 1858 432 1899; x_wconf 83' lang='lat' dir='ltr'>tempore:</span> <span class='ocrx_word' id='word_1_310' title='bbox 466 1850 651 1897; x_wconf 88' lang='lat' dir='ltr'>quidquid</span> <span class='ocrx_word' id='word_1_311' title='bbox 684 1855 812 1887; x_wconf 87' lang='lat' dir='ltr'>autem</span> <span class='ocrx_word' id='word_1_312' title='bbox 840 1851 965 1896; x_wconf 87' lang='lat' dir='ltr'>majus</span> <span class='ocrx_word' id='word_1_313' title='bbox 990 1849 1116 1894; x_wconf 82' lang='lat' dir='ltr'>fuerit,</span> <span class='ocrx_word' id='word_1_314' title='bbox 1147 1849 1312 1885; x_wconf 86' lang='lat' dir='ltr'>referant</span> <span class='ocrx_word' id='word_1_315' title='bbox 1337 1848 1384 1885; x_wconf 87' lang='lat' dir='ltr'>ad</span> <span class='ocrx_word' id='word_1_316' title='bbox 1406 1853 1454 1893; x_wconf 92' lang='lat' dir='ltr'>te,</span> <span class='ocrx_word' id='word_1_317' title='bbox 1476 1852 1512 1883; x_wconf 86' lang='lat' dir='ltr'>et</span> 
     </span>
     <span class='ocr_line' id='line_1_35' title="bbox 236 1901 1511 1951; baseline -0.004 -11"><span class='ocrx_word' id='word_1_318' title='bbox 236 1905 309 1951; x_wconf 90' lang='lat' dir='ltr'>ipsi</span> <span class='ocrx_word' id='word_1_319' title='bbox 334 1905 485 1940; x_wconf 87' lang='lat' dir='ltr'>minora</span> <span class='ocrx_word' id='word_1_320' title='bbox 511 1901 777 1939; x_wconf 88' lang='lat' dir='ltr'>tantummodo</span> <span class='ocrx_word' id='word_1_321' title='bbox 800 1901 971 1949; x_wconf 83' lang='lat' dir='ltr'>judicent</span> <span class='ocrx_word' id='word_1_322' title='bbox 998 1912 1006 1937; x_wconf 92' lang='lat'><strong>:</strong></span> <span class='ocrx_word' id='word_1_323' title='bbox 1040 1901 1234 1948; x_wconf 88' lang='lat' dir='ltr'>leviusque</span> <span class='ocrx_word' id='word_1_324' title='bbox 1254 1902 1304 1936; x_wconf 92' lang='lat' dir='ltr'>sit</span> <span class='ocrx_word' id='word_1_325' title='bbox 1324 1901 1406 1944; x_wconf 89' lang='lat' dir='ltr'>tibi,</span> <span class='ocrx_word' id='word_1_326' title='bbox 1431 1910 1511 1947; x_wconf 75' lang='lat' dir='ltr'>par-</span> 
     </span>
     <span class='ocr_line' id='line_1_36' title="bbox 236 1953 1513 2001; baseline -0.003 -9"><span class='ocrx_word' id='word_1_327' title='bbox 236 1958 306 1993; x_wconf 88' lang='lat' dir='ltr'>tito</span> <span class='ocrx_word' id='word_1_328' title='bbox 328 1957 367 1993; x_wconf 92' lang='lat' dir='ltr'>in</span> <span class='ocrx_word' id='word_1_329' title='bbox 384 1956 479 1991; x_wconf 88' lang='lat' dir='ltr'>alios</span> <span class='ocrx_word' id='word_1_330' title='bbox 502 1966 627 1992; x_wconf 86' lang='lat' dir='ltr'>onere.</span> <span class='ocrx_word' id='word_1_331' title='bbox 651 1955 689 1991; x_wconf 93' lang='lat' dir='ltr'>Si</span> <span class='ocrx_word' id='word_1_332' title='bbox 707 1954 779 1991; x_wconf 90' lang='lat' dir='ltr'>hoc</span> <span class='ocrx_word' id='word_1_333' title='bbox 800 1955 929 1991; x_wconf 82' lang='lat' dir='ltr'>feceris</span> <span class='ocrx_word' id='word_1_334' title='bbox 949 1954 1124 2001; x_wconf 89' lang='lat' dir='ltr'>implebis</span> <span class='ocrx_word' id='word_1_335' title='bbox 1151 1954 1356 2001; x_wconf 89' lang='lat' dir='ltr'>imperium</span> <span class='ocrx_word' id='word_1_336' title='bbox 1375 1953 1455 1998; x_wconf 92' lang='lat' dir='ltr'>Dei,</span> <span class='ocrx_word' id='word_1_337' title='bbox 1477 1958 1513 1988; x_wconf 89' lang='lat' dir='ltr'>et</span> 
     </span>
     <span class='ocr_line' id='line_1_37' title="bbox 236 2005 1512 2056; baseline -0.004 -11"><span class='ocrx_word' id='word_1_338' title='bbox 236 2013 427 2056; x_wconf 77' lang='lat' dir='ltr'>praecepta</span> <span class='ocrx_word' id='word_1_339' title='bbox 455 2009 536 2055; x_wconf 87' lang='lat' dir='ltr'>ejus</span> <span class='ocrx_word' id='word_1_340' title='bbox 556 2008 697 2055; x_wconf 86' lang='lat' dir='ltr'>poteris</span> <span class='ocrx_word' id='word_1_341' title='bbox 726 2012 938 2043; x_wconf 90' lang='lat' dir='ltr'>sustentare</span> <span class='ocrx_word' id='word_1_342' title='bbox 957 2018 965 2042; x_wconf 91' lang='lat'><strong>:</strong></span> <span class='ocrx_word' id='word_1_343' title='bbox 984 2011 1021 2043; x_wconf 90' lang='lat' dir='ltr'>et</span> <span class='ocrx_word' id='word_1_344' title='bbox 1041 2007 1165 2042; x_wconf 88' lang='lat' dir='ltr'>omnis</span> <span class='ocrx_word' id='word_1_345' title='bbox 1184 2006 1246 2042; x_wconf 89' lang='lat' dir='ltr'>hic</span> <span class='ocrx_word' id='word_1_346' title='bbox 1276 2005 1440 2052; x_wconf 88' lang='lat' dir='ltr'>populus</span> <span class='ocrx_word' id='word_1_347' title='bbox 1459 2016 1512 2041; x_wconf 90' lang='lat' dir='ltr'>re-</span> 
     </span>
     <span class='ocr_line' id='line_1_38' title="bbox 236 2057 1512 2106; baseline -0.005 -9"><span class='ocrx_word' id='word_1_348' title='bbox 236 2066 405 2098; x_wconf 78' lang='lat' dir='ltr'>vertetur</span> <span class='ocrx_word' id='word_1_349' title='bbox 424 2060 472 2096; x_wconf 91' lang='lat' dir='ltr'>ad</span> <span class='ocrx_word' id='word_1_350' title='bbox 488 2060 571 2096; x_wconf 88' lang='lat' dir='ltr'>loca</span> <span class='ocrx_word' id='word_1_351' title='bbox 591 2071 659 2095; x_wconf 90' lang='lat' dir='ltr'>sua</span> <span class='ocrx_word' id='word_1_352' title='bbox 675 2070 763 2096; x_wconf 86' lang='lat' dir='ltr'>cum</span> <span class='ocrx_word' id='word_1_353' title='bbox 783 2070 886 2106; x_wconf 87' lang='lat' dir='ltr'>pace.</span> <span class='ocrx_word' id='word_1_354' title='bbox 914 2060 1057 2101; x_wconf 88' lang='lat' dir='ltr'>Quibus</span> <span class='ocrx_word' id='word_1_355' title='bbox 1080 2057 1232 2102; x_wconf 87' lang='lat' dir='ltr'>auditis,</span> <span class='ocrx_word' id='word_1_356' title='bbox 1261 2058 1402 2104; x_wconf 86' lang='lat' dir='ltr'>Moyses</span> <span class='ocrx_word' id='word_1_357' title='bbox 1428 2057 1512 2092; x_wconf 84' lang='lat' dir='ltr'>fecit</span> 
     </span>
     <span class='ocr_line' id='line_1_39' title="bbox 236 2109 1511 2160; baseline -0.003 -11"><span class='ocrx_word' id='word_1_358' title='bbox 236 2115 369 2150; x_wconf 86' lang='lat' dir='ltr'>omnia</span> <span class='ocrx_word' id='word_1_359' title='bbox 383 2123 467 2160; x_wconf 86' lang='lat' dir='ltr'>quae</span> <span class='ocrx_word' id='word_1_360' title='bbox 485 2112 545 2148; x_wconf 87' lang='lat' dir='ltr'>ille</span> <span class='ocrx_word' id='word_1_361' title='bbox 561 2118 813 2160; x_wconf 86' lang='lat' dir='ltr'>suggesserat.</span> <span class='ocrx_word' id='word_1_362' title='bbox 831 2112 877 2147; x_wconf 91' lang='lat' dir='ltr'>Et</span> <span class='ocrx_word' id='word_1_363' title='bbox 893 2112 1019 2148; x_wconf 88' lang='lat' dir='ltr'>electis</span> <span class='ocrx_word' id='word_1_364' title='bbox 1033 2112 1121 2147; x_wconf 91' lang='lat' dir='ltr'>viris</span> <span class='ocrx_word' id='word_1_365' title='bbox 1138 2111 1302 2147; x_wconf 86' lang='lat' dir='ltr'>strenuis</span> <span class='ocrx_word' id='word_1_366' title='bbox 1313 2109 1360 2146; x_wconf 90' lang='lat' dir='ltr'>de</span> <span class='ocrx_word' id='word_1_367' title='bbox 1377 2114 1511 2146; x_wconf 87' lang='lat' dir='ltr'>cuncto</span> 
     </span>
     <span class='ocr_line' id='line_1_40' title="bbox 237 2162 1516 2213; baseline -0.005 -10"><span class='ocrx_word' id='word_1_368' title='bbox 237 2167 365 2209; x_wconf 81' lang='lat' dir='ltr'>Israel,</span> <span class='ocrx_word' id='word_1_369' title='bbox 386 2166 584 2202; x_wconf 85' lang='lat' dir='ltr'>constituit</span> <span class='ocrx_word' id='word_1_370' title='bbox 605 2176 669 2201; x_wconf 90' lang='lat' dir='ltr'>eos</span> <span class='ocrx_word' id='word_1_371' title='bbox 696 2165 884 2213; x_wconf 78' lang='lat' dir='ltr'>prinpres</span> <span class='ocrx_word' id='word_1_372' title='bbox 904 2164 1048 2212; x_wconf 89' lang='lat' dir='ltr'>populi,</span> <span class='ocrx_word' id='word_1_373' title='bbox 1075 2163 1248 2199; x_wconf 89' lang='lat' dir='ltr'>tribunos</span> <span class='ocrx_word' id='word_1_374' title='bbox 1267 2166 1304 2198; x_wconf 86' lang='lat' dir='ltr'>et</span> <span class='ocrx_word' id='word_1_375' title='bbox 1329 2162 1516 2199; x_wconf 82' lang='lat' dir='ltr'>centurio-</span> 
     </span>
     <span class='ocr_line' id='line_1_41' title="bbox 239 2214 1512 2265; baseline -0.004 -11"><span class='ocrx_word' id='word_1_376' title='bbox 239 2229 318 2264; x_wconf 88' lang='lat' dir='ltr'>nes,</span> <span class='ocrx_word' id='word_1_377' title='bbox 337 2223 373 2256; x_wconf 87' lang='lat' dir='ltr'>et</span> <span class='ocrx_word' id='word_1_378' title='bbox 401 2218 760 2265; x_wconf 83' lang='lat' dir='ltr'>quinquagenarios,</span> <span class='ocrx_word' id='word_1_379' title='bbox 781 2222 819 2254; x_wconf 91' lang='lat' dir='ltr'>et</span> <span class='ocrx_word' id='word_1_380' title='bbox 837 2216 1013 2254; x_wconf 82' lang='lat' dir='ltr'>decanos,</span> <span class='ocrx_word' id='word_1_381' title='bbox 1035 2216 1105 2258; x_wconf 92' lang='lat' dir='ltr'>Qui</span> <span class='ocrx_word' id='word_1_382' title='bbox 1123 2215 1346 2263; x_wconf 84' lang='lat' dir='ltr'>judicabant</span> <span class='ocrx_word' id='word_1_383' title='bbox 1367 2214 1512 2262; x_wconf 79' lang='lat' dir='ltr'>plebem</span> 
     </span>
     <span class='ocr_line' id='line_1_42' title="bbox 241 2268 1512 2317; baseline -0.005 -10"><span class='ocrx_word' id='word_1_384' title='bbox 241 2272 344 2307; x_wconf 80' lang='lat' dir='ltr'>omni</span> <span class='ocrx_word' id='word_1_385' title='bbox 362 2276 532 2317; x_wconf 86' lang='lat' dir='ltr'>tempore</span> <span class='ocrx_word' id='word_1_386' title='bbox 554 2281 561 2305; x_wconf 76' lang='grc' dir='ltr'>ε</span> <span class='ocrx_word' id='word_1_387' title='bbox 583 2269 770 2316; x_wconf 84' lang='lat' dir='ltr'>quidquid</span> <span class='ocrx_word' id='word_1_388' title='bbox 785 2274 915 2306; x_wconf 90' lang='lat' dir='ltr'>autem</span> <span class='ocrx_word' id='word_1_389' title='bbox 937 2270 1088 2316; x_wconf 79' lang='lat' dir='ltr'>gravius</span> <span class='ocrx_word' id='word_1_390' title='bbox 1113 2270 1208 2304; x_wconf 69' lang='lat' dir='ltr'>erat,</span> <span class='ocrx_word' id='word_1_391' title='bbox 1230 2268 1439 2303; x_wconf 71' lang='lat' dir='ltr'>referebant</span> <span class='ocrx_word' id='word_1_392' title='bbox 1469 2268 1512 2301; x_wconf 69' lang='lat' dir='ltr'>ac</span> 
     </span>
     <span class='ocr_line' id='line_1_43' title="bbox 238 2321 1101 2369; baseline -0.001 -10"><span class='ocrx_word' id='word_1_393' title='bbox 238 2334 341 2366; x_wconf 78' lang='lat' dir='ltr'>eum,</span> <span class='ocrx_word' id='word_1_394' title='bbox 364 2322 534 2360; x_wconf 67' lang='lat' dir='ltr'>faciliora</span> <span class='ocrx_word' id='word_1_395' title='bbox 553 2321 820 2359; x_wconf 78' lang='lat' dir='ltr'>tantummodo</span> <span class='ocrx_word' id='word_1_396' title='bbox 838 2321 1065 2369; x_wconf 81' lang='lat' dir='ltr'>judicantes.</span> <span class='ocrx_word' id='word_1_397' title='bbox 1087 2336 1101 2354; x_wconf 72' lang='grc' dir='ltr'>ι</span> 
     </span>
    </p>
   </div>
  </div>
 </body>
</html>
