1584 2569
186 75 324 110 278305
334 83 495 110 NATURAE.
505 85 577 110 Lm.
587 85 624 110 11.
634 84 713 111 cst.
726 86 779 111 111.
792 85 837 110 1)ss
846 84 1039 110 SOCIETATE
1052 84 1111 109 CIV
1121 102 1128 110 .
1146 84 1182 109 IN
1196 83 1278 109 om).
1290 82 1347 108 An.
1359 82 1468 108 ALIAn

189 157 286 194 bella
307 157 444 204 ingerit
464 156 629 204 gerenda
643 156 823 203 sapienti:
851 167 937 203 quae
965 156 1147 203 iniquitas
1164 157 1293 201 utique
1319 153 1467 190 homini

188 213 243 245 est
255 209 432 253 dolenda,
446 210 536 255 quia
546 207 747 245 ‘nominum
759 213 829 254 est,
844 214 880 244 et
891 209 923 245 si
935 209 1038 245 nulla
1048 220 1093 245 ex
1106 220 1149 245 ea
1162 207 1325 244 bellandi
1342 217 1469 243 neces-

188 263 280 298 sitas
295 267 527 300 nasceretur.
544 263 630 298 Haec
648 263 776 309 itaque
789 262 892 298 mala
904 267 981 298 tam
997 272 1151 308 magna,
1163 264 1243 297 ‘tam
1261 260 1464 304 horrenda,

189 320 268 350 tam
286 325 385 351 saeva
404 316 576 362 quisquis
596 326 683 351 oum
711 315 841 351 dolore
864 314 1093 359 considerat,
1125 314 1322 350 miseriam
1352 313 1460 348 fatea-

190 372 264 403 tur.
286 367 463 414 Quisquis
491 371 618 404 autem
636 368 692 403 vel
713 369 859 415 patitur
875 378 920 404 ea
935 368 1016 404 sine
1030 368 1146 403 animi
1167 367 1310 412 dolore,
1333 365 1390 401 vel
1410 375 1468 399 co-

190 421 296 467 gitat,
325 420 445 456 multo
470 421 600 466 utique
624 420 801 456 miserius
825 421 910 457 ideo
937 431 977 456 se
997 424 1107 468 putat
1124 421 1292 464 beatum,
1320 418 1411 464 quia
1433 419 1469 452 et

190 473 403 509 humanum
424 474 589 520 perdidit
609 484 777 509 sensum.
799 488 813 506 ι

236 527 293 561 VI.
308 527 405 562 Non
422 527 448 561 Ι.
461 527 671 562 Solvuntur
683 527 934 563 difficultates
946 546 990 553 -
1000 525 1052 562 Ob
1050 526 1168 575 jectz'o
1179 525 1323 572 prima.
1338 524 1469 559 Perso-

189 589 248 614 nae
262 579 430 626 privatae,
445 580 557 615 etiam
573 580 611 614 in
626 579 941 626 hypothesiquod
954 579 1016 625 jus
1030 579 1102 626 ipsi
1118 582 1245 625 aperte
1261 577 1470 623 denegetur

190 631 429 677 aJudicibus‚
462 642 537 667 non
564 634 620 667 est
650 631 797 667 licitum
830 642 1034 678 provocare
1064 632 1181 667 alium
1210 629 1258 666 ad
1283 629 1467 671 duellum,

189 684 254 719 c-ed
279 683 422 729 Judieio
445 684 508 719 Dei
535 684 647 720 debet
667 695 706 721 se
733 686 940 721 remittere.
961 685 1058 731 Ergo
1077 694 1198 730 neque
1220 681 1366 718 nationi
1385 681 1470 716 lici-

189 741 272 771 tum
291 740 345 771 est
366 737 507 772 bellum
525 737 766 775 offensivum.

238 790 345 834 Hesp.
360 790 462 835 Nego
475 791 777 837 consequentiam
787 794 825 827 et
838 790 1058 838 paritatem.
1077 789 1228 825 Etenim
1248 789 1284 823 1⁰
1301 788 1470 833 potestas

185 841 391 887 judiciaria
411 845 467 877 est
486 842 525 877 in
551 844 733 878 societate
759 845 794 878 et
825 853 901 878 non
922 845 976 879 est
996 843 1034 878 in
1055 851 1217 890 persona
1245 840 1409 886 privata;
1425 857 1469 863 -

191 896 228 929 2⁰
247 905 409 940 persona
430 896 580 941 privata
608 895 723 931 habet
744 896 903 932 alteram
927 896 1057 940 vitam,
1087 895 1126 931 in
1146 904 1223 941 qua
1240 904 1262 929 a
1286 893 1360 928 Deo
1396 890 1469 938 ple-

191 958 281 983 nam
297 948 484 993 justitiam
511 949 680 995 suijuris
700 949 781 984 laesi
803 948 1006 993 obtinebit;
1033 952 1070 983 at
1092 948 1260 983 Societas
1285 945 1468 984 humana,

193 1004 234 1036 ut
265 1000 364 1044 talis,
400 1002 501 1037 iutra
528 1001 668 1037 limites
700 1001 812 1047 hujus
842 1002 929 1036 vitae
957 1005 1216 1047 temporaneae
1233 998 1468 1033 continetur:

189 1053 370 1099 quocirca
395 1053 525 1099 sijura
544 1054 701 1101 propria
721 1064 797 1090 non
817 1053 1026 1089 vindicaret
1046 1053 1084 1088 in
1105 1052 1176 1088 hac
1201 1052 1291 1093 vita,
1313 1048 1471 1085 invindi-

189 1109 275 1141 cata
291 1111 547 1144 remanerent.

239 1157 408 1204 Objectio
426 1159 563 1195 altera.
583 1159 680 1196 Mala
696 1171 782 1207 quae
806 1171 851 1196 ex
872 1160 970 1195 bello
991 1158 1230 1206 proveniunt,
1259 1157 1358 1192 inter
1385 1164 1471 1202 quae

190 1213 248 1247 est
268 1221 372 1246 mors
390 1216 471 1246 tum
487 1213 706 1248 nocentium
728 1217 810 1247 tum
827 1213 1101 1256 innocentium,
1123 1210 1225 1245 nullo
1245 1210 1344 1246 bono
1368 1217 1471 1243 com-

192 1264 346 1310 pensari
367 1269 538 1309 possunt.
569 1265 689 1312 Igitur
715 1265 856 1301 bellum
881 1265 1070 1312 praecipue
1092 1263 1316 1299 offensivum
1335 1260 1470 1307 justili-

188 1317 268 1353 cari
288 1327 363 1352 non
384 1320 521 1364 potest.

238 1371 345 1415 Resp.
365 1370 460 1405 Mala
480 1381 565 1417 quae
588 1371 817 1418 proveniunt
842 1382 889 1407 ex
911 1371 1011 1406 bello
1030 1370 1134 1417 justo
1153 1373 1240 1405 sunt
1266 1366 1474 1414 malaphy-

189 1422 272 1458 sica
292 1427 406 1468 elper
421 1423 609 1467 accidens,
629 1435 705 1460 non
726 1424 829 1459 mala
850 1423 1018 1459 moralia
1037 1427 1074 1459 et
1101 1433 1170 1469 per
1183 1432 1241 1458 se:
1264 1421 1356 1468 quia
1373 1420 1474 1467 juste

192 1475 418 1511 bellantium
437 1476 522 1511 finis
542 1477 672 1523 estjus
691 1478 890 1523 proprium
909 1481 1093 1523 repetere,
1115 1480 1156 1511 ut
1188 1476 1331 1510 dietum
1352 1475 1409 1509 est
1437 1473 1473 1508 in

192 1529 306 1562 tertia
326 1528 543 1564 conditione
559 1540 676 1576 supra
701 1530 909 1576 assignata,
932 1532 969 1564 et
988 1539 1075 1564 cum
1094 1538 1218 1564 sermo
1237 1527 1308 1563 suit
1328 1526 1373 1561 de
1389 1526 1475 1572 jure

193 1580 421 1616 defendendi
456 1583 652 1629 propriam
685 1583 801 1618 vitam
826 1586 961 1618 contra
990 1582 1174 1628 injustum
1211 1589 1475 1627 aggressorem

194 1634 266 1678 (35,
296 1634 387 1678 Vll).
410 1635 512 1669 Bona
540 1640 670 1671 autem
698 1645 784 1682 qua}
802 1645 870 1682 per
891 1635 1089 1670 victoriam
1123 1634 1342 1669 obtinentur
1359 1642 1381 1668 a
1410 1643 1475 1668 na-

192 1686 410 1732 tionejuste
434 1687 612 1731 bellante,
630 1689 728 1724 inter
750 1698 834 1733 quae
850 1692 937 1722 sunt
957 1687 1215 1734 tranquillitas
1236 1689 1273 1722 et
1293 1686 1477 1721 securitas

193 1739 399 1775 societatis.
419 1745 671 1786 compensant
691 1740 793 1775 mala
813 1750 898 1787 quae
914 1751 960 1776 ex
981 1739 1078 1775 bello
1101 1739 1341 1787 proveniunt.

239 1791 319 1827 VII.
340 1793 441 1828 Nou
463 1793 506 1828 Il.
527 1793 578 1829 De
596 1793 689 1829 belli
705 1794 932 1832 indictione.
951 1792 1106 1838 Tullius,
1126 1792 1202 1830 Lib.
1222 1792 1305 1828 [De
1318 1791 1476 1838 officiis,

194 1844 345 1890 Cap.x[‚
370 1846 443 1881 ait:
462 1846 565 1881 Belli
580 1847 729 1893 quidem
743 1848 903 1892 aequitas
922 1845 1163 1882 sanctissime
1186 1844 1324 1893 feciali
1340 1844 1480 1890 populi

197 1897 686 1946 Romam·jzcreperscripta
703 1904 766 1935 est.
782 1901 835 1935 Ex
856 1910 932 1946 quo
957 1900 1111 1935 Grotius
1132 1898 1187 1935 De
1208 1898 1300 1946 jure
1332 1897 1421 1933 belli
1449 1907 1478 1933 ct

189 1950 304 1996 pacis
318 1951 397 1986 Lib.
416 1952 477 1987 ΙΙΙ.
499 1952 587 1998 Cap.
601 1953 662 1989 111.
683 1953 715 1997 ἓ.
733 1954 752 1987 5
771 1955 808 1988 et
824 1953 1068 2000 seqq.‚int'ert
1086 1951 1296 1987 solemnem
1311 1950 1481 1987 indictio·

195 2013 283 2038 nem
307 2003 391 2050 jure
416 2005 587 2052 gentium
606 2006 750 2051 requiri
778 2006 826 2041 ad
847 2005 1036 2052 justifiam
1060 2004 1160 2042 belli.
1188 2004 1230 2040 Id
1256 2003 1411 2050 quidem
1432 2004 1478 2039 ab

197 2056 376 2092 omnibus
407 2058 580 2093 civilibus
615 2058 835 2094 nationibus
866 2059 1113 2100 observatur,
1141 2056 1309 2093 latrones
1340 2057 1479 2104 quippe

195 2107 393 2154 invadunt,
419 2109 572 2146 barbari
593 2112 755 2154 irruunt,
782 2111 847 2147 sed
872 2111 1000 2148 civiles
1026 2110 1198 2146 nationes
1223 2109 1374 2146 nonnisi
1394 2113 1480 2157 post

193 2160 375 2207 expedita
400 2162 531 2199 omnia
562 2163 689 2199 media
717 2163 890 2211 pacifica,
925 2166 1103 2210 quaerunt
1129 2162 1168 2198 in
1198 2161 1295 2198 hello
1332 2171 1479 2209 pacem,

194 2224 282 2261 quae
306 2215 459 2252 nonnisi
491 2215 589 2252 bello
623 2216 787 2253 obtineri
817 2221 955 2264 potest.
991 2216 1094 2254 Unde
1117 2216 1203 2252 belli
1231 2215 1400 2251 offensivi
1427 2214 1473 2251 in-

193 2266 402 2304 dictionem
431 2269 529 2305 ratio
561 2269 642 2317 ipsa
670 2270 822 2314 suadet3
848 2274 885 2306 et
913 2269 1161 2306 indictionem
1184 2268 1309 2315 ipsam
1334 2279 1416 2305 esse
1435 2268 1481 2304 de

187 2318 274 2368 jure
304 2321 476 2369 gentium
502 2322 598 2360 mihi
621 2325 677 2359 ost.
703 2333 945 2372 persuasum,
968 2333 1015 2359 ex
1034 2333 1078 2359 eo
1099 2324 1256 2371 praecise
1274 2322 1378 2370 quod
1394 2321 1478 2359 civi-
