1554 2569
221 145 265 180 ⁴8
278 155 403 181 ETmCA
417 156 489 181 LIB.
506 156 544 181 11.
558 156 634 181 CAP.
649 157 673 181 1.
691 156 733 182 DE
747 156 895 181 ACTIBUS
910 135 1047 181 auiam.
1061 156 1097 181 ΙΝ
1117 156 1246 182 SEIPSIS
1260 155 1474 182 CONSIDERAT

219 229 439 272 assumptus
459 238 527 273 pro
552 227 788 274 assignanda
814 227 952 262 ultima
972 227 1119 263 ratione
1141 226 1325 263 bonitatis
1343 226 1401 262 vel
1421 236 1486 261 ma

218 279 311 314 litiae
329 280 526 315 actionum
547 279 823 324 humanarum,
846 279 935 314 licet
954 280 1059 315 vario
1081 280 1197 316 modo
1219 279 1441 326 explicatus.

265 332 326 367 IX.
341 332 497 369 critica.
510 333 615 368 lianc
630 332 845 368 affectivam
859 332 980 367 animi
993 331 1290 379 propensionem
1304 342 1381 368 non
1395 341 1508 378 posse

218 384 365 419 assumi
383 387 425 420 ut
444 385 642 420 criterium
664 384 912 428 moralitatis,
933 388 1083 420 constat
1103 384 1256 421 abunde
1274 395 1320 420 ex
1341 383 1400 428 iis,
1419 393 1506 430 quae

217 440 351 472 contra
379 438 771 473 sentimentalismum
797 437 918 484 logice
946 436 1234 473 consideratum
1258 436 1348 472 alibi
1375 436 1508 472 defini-

217 489 340 524 vimus
362 490 415 535 (L.
443 490 567 537 ibid.).
596 490 668 526 Sed
690 489 912 525 addendum
933 489 1037 536 quod
1063 490 1102 526 in
1130 489 1202 525 hoc
1223 491 1430 536 systemate
1452 489 1508 524 in-

218 542 371 578 ducitur
390 543 583 589 imprimis
604 543 802 589 egoismus
824 542 1055 589 subjectivus
1069 546 1106 578 et
1124 541 1367 578 individualis
1385 552 1393 576 :
1415 551 1507 588 pro·

218 595 348 639 pensio
367 596 470 630 enim
497 595 667 631 effectiva
686 595 792 631 varia
819 599 876 631 est
896 595 1009 640 juxta
1035 595 1184 631 diversa
1211 593 1435 638 individua;
1463 604 1508 629 ac

217 651 420 693 propterea
440 649 704 695 unusquisque
730 650 858 694 posset
877 647 914 682 in
937 648 1016 683 suis
1035 648 1250 683 actionibus
1278 647 1404 683 fovere
1422 657 1506 692 pro·

218 699 440 744 pensionem
458 700 578 743 illam,
592 701 774 747 illamque
788 700 1021 736 constituere
1032 704 1073 735 ut
1085 710 1263 736 normam
1276 698 1508 735 moralitatis

215 752 412 788 actionum
425 753 701 795 humanarum,
721 754 775 789 ita
795 757 837 788 ut
859 753 1041 788 honestas
1057 753 1113 788 vel
1129 752 1327 799 turpitudo
1348 751 1506 788 moralis

213 814 346 840 revera
368 815 445 841 non
466 810 566 841 esset
589 805 682 851 quid
704 808 886 841 constans
907 809 944 841 et
964 805 1192 848 universale,
1222 804 1287 841 sed
1309 807 1364 840 tot
1382 808 1507 840 essent

216 857 404 903 principia
417 858 665 902 moralitatis,
681 861 775 903 quot
790 861 878 893 sunt
892 857 1063 893 humana
1077 857 1286 894 individua.
1303 876 1348 883 —
1365 855 1506 892 Deinde

214 909 298 944 iiaec
319 909 495 945 affectiva
521 910 640 945 animi
668 911 874 957 propensio
896 920 935 945 se
956 909 1115 945 haberet
1142 910 1181 944 in
1199 908 1415 945 actionibus
1434 907 1507 943 hu-

215 962 339 997 manis
360 965 402 997 ut
420 963 650 1009 principium
672 973 829 998 movens
850 967 886 998 et
905 962 1099 1008 regulans,
1122 972 1189 997 seu
1210 965 1252 997 ut
1270 960 1434 1007 formale
1454 960 1503 1007 (9,

213 1015 271 1058 IV)
299 1013 511 1050 earundem
538 1015 747 1050 actionum.
782 1016 880 1062 Ergo
911 1014 1158 1050 inhonestum
1192 1018 1293 1050 esset
1318 1014 1391 1061 ipsi
1417 1024 1504 1049 con-

215 1067 344 1111 traire,
367 1078 410 1103 eo
433 1068 549 1104 modo
567 1079 644 1114 quo
666 1067 833 1103 diximus
853 1067 1101 1103 inhonestum
1125 1078 1206 1103 esse
1227 1069 1341 1103 rectae
1361 1067 1501 1102 rationi

214 1118 408 1154 adversari
431 1119 572 1165 (ibid).
592 1121 668 1156 Hoc
689 1125 819 1156 autem
840 1125 897 1155 est
915 1120 1083 1155 maxime
1097 1120 1310 1156 absurdum
1332 1123 1370 1155 et
1390 1119 1502 1154 inho-

213 1175 378 1210 nestum.
403 1176 444 1206 ut
460 1173 545 1217 J'am
564 1183 681 1219 supra
699 1173 845 1208 dictum
867 1175 921 1208 est
942 1183 979 1208 n.
1002 1173 1048 1207 IV
1073 1182 1081 1206 ε
1108 1172 1145 1206 in
1167 1171 1378 1207 innumeris
1400 1171 1503 1207 enim

211 1223 510 1259 circumstantiis
550 1224 667 1260 homo
707 1235 783 1260 non
819 1225 944 1260 solum
984 1225 1063 1260 sine
1095 1225 1283 1271 vituperio
1311 1223 1377 1260 sed
1416 1234 1504 1259 cum

212 1277 506 1312 maximalaude
519 1277 771 1313 individuales
786 1277 1006 1313 affectiones
1021 1276 1238 1324 posthabet,
1255 1280 1297 1312 ut
1308 1287 1394 1324 quae
1408 1287 1505 1323 prae-

211 1329 406 1374 cipiuntur
432 1340 455 1365 a
484 1334 588 1365 recta
617 1330 780 1375 ratione,
811 1330 959 1366 sortiter
979 1329 1200 1375 adimpleat.
1230 1329 1426 1365 Naturalis
1446 1333 1504 1364 est

212 1392 321 1417 amor
341 1383 477 1418 matris
496 1383 533 1417 in
555 1388 680 1425 natos,
701 1385 737 1418 et
755 1385 884 1418 tamen
906 1382 1088 1417 maximis
1104 1381 1285 1418 laudibus
1302 1381 1499 1418 extollitur

212 1434 432 1470 Machabaea
447 1434 512 1470 illa
528 1434 867 1478 mater-mirabilis,
889 1435 997 1480 qu'us
1015 1435 1115 1469 ratio
1129 1444 1206 1469 non
1220 1445 1286 1470 cor
1299 1433 1365 1469 sed
1380 1434 1499 1469 Deum

212 1486 472 1530 considerans,
496 1488 704 1534 septimum
730 1487 854 1523 filium
883 1487 1010 1522 adhuc
1031 1487 1277 1534 superstitem
1297 1487 1357 1522 his
1377 1485 1502 1522 verbis

214 1537 261 1574 ad
291 1539 520 1586 martyrium
553 1540 799 1575 vehementer
825 1540 1017 1575 excitabat
1043 1550 1050 1574 ε
1089 1553 1105 1571 ι
1134 1539 1202 1574 Fili
1232 1539 1298 1584 mi,
1322 1540 1502 1574 miserore

212 1590 298 1636 mei,
319 1601 405 1638 quae
422 1595 459 1627 te
480 1592 519 1627 in
540 1596 649 1628 utero
677 1602 815 1628 novem
838 1592 1034 1627 mensibus
1058 1592 1219 1638 portavi,
1244 1595 1282 1627 et
1301 1592 1359 1627 lac
1385 1591 1501 1626 trien-

214 1644 275 1678 nio
298 1643 385 1679 dedi
417 1648 454 1679 et
474 1643 564 1686 alui,
596 1648 632 1680 et
662 1645 699 1680 in
727 1647 882 1680 aetatem
915 1644 1030 1679 istam
1055 1644 1232 1691 perduxi.
1263 1645 1368 1689 Peto,
1398 1646 1500 1688 nate,

215 1699 255 1730 ut
275 1696 438 1743 aspicias
465 1695 514 1732 ad
542 1698 680 1733 coelum
713 1700 750 1732 et
778 1699 936 1741 terram,
968 1700 1004 1732 et
1037 1697 1085 1732 ad
1113 1697 1244 1732 omnia
1275 1706 1361 1744 quae
1389 1696 1427 1732 in
1448 1697 1502 1732 eis

212 1751 301 1784 sunt
323 1759 331 1783 :
351 1752 388 1784 et
408 1749 599 1797 intelligas
629 1749 719 1797 quia
748 1760 794 1785 ex
823 1749 944 1784 nihilo
971 1749 1058 1785 fecit
1083 1749 1147 1784 illa
1182 1750 1294 1792 Deus,
1323 1752 1359 1785 et
1379 1748 1503 1785 homi-

211 1811 304 1836 num
327 1811 445 1848 genus
465 1813 473 1838 :
501 1802 556 1837 ita
579 1802 656 1844 fiet,
678 1804 719 1837 ut
749 1812 825 1837 non
854 1802 993 1837 timeas
1016 1802 1236 1837 carnificem
1267 1802 1384 1837 istum
1403 1812 1412 1845 ;
1435 1801 1501 1837 sed

211 1853 349 1900 dignus
375 1853 558 1889 fratribus
579 1854 654 1889 tuis
674 1854 831 1890 effectus
851 1854 1056 1901 particeps,
1085 1854 1233 1900 suscipe
1254 1857 1433 1897 mortem,
1459 1859 1501 1889 ut

212 1906 250 1941 in
270 1905 334 1941 illa
356 1906 604 1942 miseratione
630 1906 917 1942 cumfratribus
941 1907 1017 1942 tuis
1046 1911 1083 1941 te
1107 1907 1293 1953 recipiam
1316 1920 1332 1938 ›
1357 1907 1403 1948 (ΙΙ
1423 1907 1500 1941 ΜΑ-

210 1968 315 1993 οΗΑΒ.
339 1959 413 2003 VII,
434 1960 575 2004 27-29).
602 1960 685 1995 Non
712 1969 802 2005 ergo
826 1969 872 1994 ex
901 1958 1101 2004 affectione
1120 1958 1177 1994 vel
1204 1969 1249 1994 ex
1264 1959 1497 2004 sympathia,

212 2011 267 2046 vel
288 2021 333 2046 ex
354 2011 552 2056 instinctu,
574 2011 632 2047 vel
646 2022 692 2047 ex
711 2016 825 2057 {justu
840 2021 975 2046 sensus
991 2011 1091 2046 ratio
1108 2011 1257 2056 judicat
1273 2011 1318 2046 de
1338 2012 1500 2047 actionis

212 2063 393 2099 humanae
422 2063 636 2108 honestate,
664 2064 729 2099 sed
748 2074 816 2110 per
835 2063 911 2098 alia
940 2063 1129 2110 principia
1154 2073 1223 2108 per
1242 2073 1328 2108 quae
1353 2063 1500 2109 judicat

211 2116 327 2152 etiam
348 2115 394 2151 de
414 2116 641 2152 rectitudine
668 2116 894 2158 affectionis,
929 2115 1130 2151 instinctus
1157 2119 1195 2150 et
1222 2118 1357 2162 gustus
1381 2126 1389 2150 ε
1421 2116 1500 2151 haec

211 2168 328 2215 igitur
346 2169 534 2214 principia
551 2173 661 2204 erunt
682 2169 847 2205 criteria.

255 2220 298 2256 X.
321 2220 534 2256 Solvuntur
555 2221 876 2257 difficultates.—
898 2220 1064 2267 objectio
1081 2221 1226 2266 prima.
1250 2220 1412 2256 Cuilibet
1431 2231 1497 2257 na-

210 2277 307 2309 turae
328 2273 427 2308 inest
450 2274 650 2309 instinctus
671 2274 772 2309 circa
795 2283 840 2309 ea
866 2283 950 2319 quae
977 2273 1049 2308 sibi
1075 2273 1318 2318 conveniunt,
1342 2273 1400 2308 vel
1421 2284 1497 2309 non

212 2326 455 2362 conveniunt.
484 2326 604 2371 Igitur
633 2326 836 2362 instinctus
866 2325 1025 2361 moralis
1058 2336 1135 2362 non
1166 2330 1220 2361 est
1249 2326 1497 2373 denegandus

213 2382 363 2415 naturae
380 2378 576 2416 humanae.
