1554 2569
186 125 205 159 8
358 134 482 160 ermen
509 135 578 160 Lm.
607 135 634 160 1.
662 135 738 160 CAP.
765 133 791 158 l.
820 132 863 157 DE
888 133 1017 159 ummo
1044 135 1192 161 nomrus
1219 137 1298 163 1⁷1!OE

184 212 225 243 ut
252 207 384 252 homo,
416 218 481 243 seu
508 218 575 254 per
602 207 841 243 voluntatem
868 204 1030 242 liberam
1057 207 1296 255 disponentis
1316 210 1362 247 de
1389 222 1473 258 pro—

182 261 274 307 priis
297 260 524 296 actionibus,

228 313 261 349 11
274 313 518 357 ,Quaestionis
530 316 684 349 natura.
697 312 805 355 Quod
815 313 964 351 homini
976 323 1089 360 agere
1100 314 1306 350 conveniat
1315 320 1473 363 propter

182 367 311 410 finem,
335 371 376 401 ut
396 366 623 401 naturaliter
643 366 900 402 determinato
922 367 961 402 in
987 366 1115 409 finem,
1143 367 1368 415 probatione
1394 380 1471 404 non

183 419 352 465 indiget:
370 428 459 454 nam
480 418 578 453 sicut
597 429 656 454 res
679 418 777 462 alim,
798 419 851 454 ita
872 421 907 454 et
923 418 1039 455 homo
1057 423 1197 455 natura
1218 430 1287 455 sua
1308 421 1471 457 inclina-

184 474 245 506 tur
273 471 312 506 in
338 471 468 514 finem,
499 475 536 506 et
562 475 719 518 propter
745 471 915 518 aliquem
943 471 1058 507 finem
1085 472 1166 519 agit
1191 473 1249 518 (Ο.
1278 475 1335 518 51,
1363 474 1408 516 ΙΙ,
1437 478 1475 509 et.

183 524 241 559 Ps.
261 525 319 568 49,
339 525 416 569 ΙΙΙ).
439 523 543 560 Unde
565 526 646 559 tota
663 524 825 571 quaestio
846 525 1044 572 proposita
1060 525 1099 561 in
1118 525 1228 561 titulo
1251 526 1399 562 articuli
1417 531 1472 562 est

183 576 228 612 de
249 576 406 612 homine
428 576 544 612 libere
562 581 713 623 agente,
739 587 806 612 seu
828 576 874 612 de
895 577 1112 613 actionibus
1132 577 1275 623 liberis,
1299 579 1337 614 in
1359 590 1473 615 sensu

181 629 372 676 explicam
398 630 437 665 in
465 630 654 676 superiori
680 629 864 673 Articulo‚
886 640 923 666 n.
953 631 1010 666 IV.
1033 631 1172 666 Verum
1197 634 1233 666 et
1259 632 1312 667 sic
1332 643 1473 678 propo·

182 682 257 717 sita
279 682 444 729 quaestio
467 681 660 729 duplicem
682 682 825 728 pariter
847 692 1004 719 sensum
1025 682 1164 718 habere
1189 686 1328 730 potest.
1347 684 1474 726 Quaeri

182 735 286 770 enim
308 738 434 781 potest
455 738 587 770 utrum
608 734 725 770 homo
744 736 870 781 possit
890 735 928 771 in
949 735 1130 771 omnibus
1153 737 1232 771 suis
1259 737 1474 773 actionibus

182 787 363 822 humanis
386 797 514 834 agere,
537 788 567 823 si
591 787 692 832 velit,
719 791 875 835 propter
894 787 1033 833 finem3
1056 792 1093 824 et
1121 787 1167 824 de
1190 787 1262 824 boc
1286 789 1392 826 nulla
1418 793 1476 826 est

181 840 342 885 quaestio
371 849 379 874 :
415 842 520 886 patet
549 840 652 875 enim
680 839 919 876 voluntatem
949 850 1061 887 posse
1094 840 1131 876 id
1161 841 1298 878 facere.
1333 843 1474 879 Deinde

178 886 301 938 'quaeri
326 895 464 938 potest,
483 896 614 927 utrum
641 892 757 928 homo
787 892 915 929 debeat
941 902 1054 939 agere
1081 898 1238 940 propter
1263 894 1392 939 finem,
1422 896 1475 931 ita

181 955 319 992 nempe
341 948 396 989 ut,
418 945 569 981 etiamsi
586 945 688 987 velit,
711 950 875 992 nequeat
896 956 972 980 non
993 945 1171 982 ordinare
1193 947 1362 983 actiones
1383 959 1474 984 suas

181 998 321 1033 liberas
349 997 389 1033 in
416 998 546 1033 finem.
576 998 617 1034 In
647 997 720 1033 hoc
746 1008 861 1033 sensu
887 999 1099 1045 quaerimus
1125 1009 1133 1035 :
1162 1004 1293 1036 utrum
1324 1001 1473 1036 homini

179 1051 380 1086 conveniat
403 1060 515 1096 agere
539 1055 696 1098 propter
717 1051 845 1087 finem.
868 1072 912 1077 —
935 1052 1041 1087 Hisce
1061 1062 1151 1098 ergo
1179 1053 1403 1098 praemissis,
1427 1054 1474 1089 sit

180 1103 372 1138 conclusio
395 1113 403 1138 :

226 1157 292 1192 111.
311 1156 430 1192 Homo
447 1157 568 1192 libere
585 1166 702 1202 agens
719 1158 802 1203 aqit.
822 1167 972 1203 semper
990 1161 1149 1203 propter
1165 1159 1293 1195 finem.
1317 1160 1391 1195 Cur
1410 1161 1475 1196 ad-

180 1209 274 1244 dam
303 1208 419 1244 libere
445 1219 560 1255 aqam
583 1210 816 1256 explicatum
837 1215 893 1246 est
914 1211 953 1245 in
980 1210 1211 1257 praecedenti
1232 1223 1405 1248 numero.
1429 1233 1474 1239 —

180 1262 370 1297 Probatur
395 1262 611 1308 propositio
631 1262 781 1298 ratione
803 1263 840 1299 S.
863 1262 1020 1298 Thomae
1043 1263 1123 1306 1-11,
1150 1264 1220 1306 Qu.
1249 1266 1277 1309 Ι,
1299 1265 1412 1301 Artic.
1443 1266 1471 1301 1.

180 1314 321 1349 Omnes
337 1315 506 1350 actiones
523 1324 609 1361 quae
623 1315 836 1362 procedunt
853 1315 900 1350 ab
917 1315 1048 1362 aliqua
1068 1316 1252 1362 potentia,
1265 1321 1474 1353 causantur

180 1366 229 1402 ab
255 1377 301 1402 ea
324 1366 536 1402 secundum
558 1367 746 1403 rationem
768 1368 825 1403 sui
847 1367 985 1414 objecti
1016 1378 1024 1402 :
1056 1378 1193 1415 nempe
1217 1368 1344 1405 nullus
1367 1374 1474 1405 actus

179 1419 331 1454 elicitur
363 1419 412 1455 ab
441 1419 571 1465 aliqua
600 1421 788 1467 potentia,
815 1421 880 1467 qui
909 1419 1054 1456 seratur
1085 1424 1195 1456 extra
1227 1421 1472 1458 latitudinem

179 1471 316 1518 obJecti
329 1472 511 1517 formalis
531 1472 739 1520 adoequati,
753 1472 800 1508 ad
816 1472 919 1520 quod
935 1474 1107 1519 potentia
1119 1473 1203 1519 ipsa
1220 1475 1475 1510 essentialiter

179 1524 401 1567 ordinatur;
421 1525 517 1561 sicut
534 1525 640 1561 nulla
660 1525 865 1561 intellectio
885 1525 1002 1561 datur
1020 1536 1107 1573 qua²
1125 1536 1202 1562 non
1223 1527 1404 1564 terminet
1425 1528 1474 1563 ad

179 1577 437 1623 intelliyibile,
460 1578 566 1613 nulla
579 1578 674 1614 visio
695 1578 905 1625 corporalis
925 1589 1011 1624 quae
1028 1589 1106 1614 non
1126 1580 1176 1615 sit
1192 1579 1292 1616 circa
1313 1580 1474 1617 colorem

178 1630 235 1665 vel
260 1630 441 1675 lucidum,
468 1630 595 1666 nullus
615 1631 770 1667 auditus
793 1631 858 1677 qui
879 1641 956 1668 non
977 1632 1025 1667 sit
1044 1631 1143 1667 circa
1163 1642 1312 1678 sonum,
1336 1637 1407 1669 etc.
1430 1635 1473 1669 Et

179 1682 251 1718 hoc
269 1693 400 1718 verum
415 1687 472 1718 est
493 1683 569 1718 sive
585 1684 753 1719 actiones
773 1685 984 1731 procedant
1005 1694 1027 1719 a
1048 1685 1223 1731 potentia
1238 1687 1471 1730 necessaria,

182 1735 257 1770 sive
279 1745 301 1770 a
322 1737 495 1782 potentia
511 1736 633 1772 libera
652 1747 659 1771 :
683 1747 773 1772 nam
790 1736 948 1772 libertas
970 1738 1155 1784 importat
1176 1738 1333 1784 quidem
1356 1738 1472 1774 indif-
1502 1774 1504 1776 ,

180 1788 382 1823 serentiam
403 1792 440 1824 et
460 1789 678 1825 dominium
700 1792 831 1835 actus;
853 1789 919 1826 sed
945 1790 1050 1826 nullo
1077 1790 1193 1826 modo
1212 1795 1268 1826 est
1290 1792 1328 1827 in
1349 1796 1473 1838 potcs-

178 1844 256 1875 tate
274 1840 462 1877 libertatis
479 1846 629 1877 mutare
644 1842 700 1878 vel
719 1853 829 1878 suam
847 1843 905 1878 vel
920 1843 1078 1878 alterius
1096 1844 1278 1890 potentiae
1293 1848 1472 1879 naturam

177 1898 214 1928 et
245 1894 420 1930 ordinem
447 1895 692 1931 essentialem
718 1906 834 1943 quem
865 1896 1128 1942 unaquaelibet
1157 1896 1249 1932 dicit
1279 1896 1327 1933 ad
1360 1908 1471 1933 suum

176 1946 383 1992 objectum.
401 1947 517 1994 Atqui
533 1948 724 1994 objectum
743 1948 989 1996 adaequatum
1010 1949 1219 1984 voluntatis
1234 1953 1292 1985 est
1311 1949 1470 1992 bonum,

176 1999 281 2045 quod
309 2004 366 2035 est
394 2001 577 2037 terminus
603 2011 671 2036 scu
690 2001 784 2049 finis
803 2001 1025 2038 voluntatis.
1047 2003 1147 2048 Ergo
1170 2012 1324 2038 necesse
1348 2006 1406 2038 est
1432 2007 1473 2038 ut

179 2061 314 2087 omnes
348 2053 516 2089 actiones
551 2053 746 2097 humanoe,
777 2064 864 2101 quae
894 2054 1106 2101 procedunt
1134 2054 1184 2089 ab
1217 2054 1372 2089 homine
1405 2066 1473 2101 per

176 2104 427 2147 voluntatem,
451 2106 526 2141 sint
547 2112 706 2154 propter
728 2107 873 2143 bonum
896 2117 963 2143 seu
986 2111 1145 2154 propter
1171 2106 1287 2142 finem
1311 2106 1471 2143 volitum

178 2160 214 2192 et
233 2155 535 2193 determinatum
556 2169 579 2193 a
597 2159 795 2195 voluntate
815 2160 911 2207 ipsa.

223 2209 284 2244 IV.
299 2210 415 2245 Nou.
430 2209 604 2246 Solvitur
620 2211 845 2250 difficultas.
866 2213 996 2248 Dices:
1012 2211 1109 2247 Illud
1125 2211 1228 2259 quod
1244 2215 1300 2247 est
1315 2212 1470 2248 ultimus

176 2261 278 2304 finis,
299 2272 375 2297 non
393 2266 449 2298 est
469 2267 627 2310 propter
641 2265 770 2299 finem.
788 2265 860 2301 Sed
876 2266 916 2300 in
936 2264 1173 2311 quibusdam
1194 2265 1363 2300 actiones
1382 2269 1471 2300 sunt

178 2314 337 2349 ultimus
358 2315 459 2351 finis.
481 2316 566 2351 Non
585 2326 675 2362 ergo
696 2326 832 2353 omnes
849 2317 1033 2354 humanae
1055 2317 1225 2353 actiones
1246 2322 1334 2353 sunt
1355 2328 1469 2365 prop·

172 2370 236 2411 ¹,ter
256 2367 388 2404 tinem.
409 2387 454 2393 —
479 2367 551 2404 Sed
578 2372 726 2405 contra.
752 2370 798 2406 Ut
827 2370 930 2406 enim
958 2370 1109 2416 egregi-e
1131 2373 1240 2405 notat
1265 2370 1301 2406 S.
1323 2369 1471 2407 Thoma
