1554 2569
299 106 380 131 uir.
407 105 459 131 IV.
489 104 532 130 DF.
557 104 744 130 OBJECTIVO
772 105 937 130 CRITERIO
967 105 1206 132 uORALiuris
1360 103 1399 135 51

113 190 202 217 nem
223 177 505 215 conformitatis
532 177 580 213 ad
609 181 738 213 actum
757 177 964 213 voluntatis
985 178 1197 214 secundum
1214 179 1402 225 judicium

113 232 276 268 rationis
295 233 422 267 rectae.
1100 272 1102 274 Ι

160 286 207 321 ῙῙ.
232 283 411 329 Quaestio.
437 283 552 330 Atqui
575 282 611 318 in
639 282 776 329 Logica
796 282 895 318 inter
914 283 1009 319 alias
1031 283 1234 321 divisiones
1255 286 1402 323 eviden-

114 338 189 383 tiae,
211 336 499 373 numeravimus
525 335 757 371 evidentiam
786 335 1052 372 immediatam
1079 348 1157 383 qua
1182 349 1290 375 mens
1309 342 1404 376 veri-

114 391 185 426 tati
210 388 434 426 immediate
462 387 649 431 adhaeret‚
677 393 714 424 et
740 388 970 424 evidentiam
1002 389 1215 428 mediatam
1240 403 1328 439 quae
1354 394 1402 429 ab

113 444 199 490 ipsa
212 440 441 478 immediata
454 440 645 477 evidentia
659 439 850 476 redundat
865 441 903 476 in
916 441 1182 478 conclusiones
1197 445 1400 481 ratiocinii.

113 495 211 537 Quia
229 493 347 542 igitur
363 503 472 529 mens
492 496 626 529 nostra
647 492 692 529 de
710 493 934 529 veritatibus
955 494 1132 539 practicis
1150 497 1402 533 ratiocinatur

114 549 211 584 sicut
235 551 273 584 et
303 546 350 583 de
375 546 602 582 veritatibus
628 546 883 593 speculativis,
911 556 1066 583 necesse
1092 552 1148 583 est
1176 552 1216 583 ut
1245 550 1340 586 sicut
1365 552 1401 586 in

114 600 356 647 speculativis
375 600 430 636 ita
447 603 484 634 et
501 599 540 635 in
554 598 780 642 moralibus,
796 599 935 634 dentur
952 600 1132 636 veritates
1153 602 1397 646 immediatae,

113 654 186 689 hoc
211 655 267 689 est
294 652 420 699 prima
446 651 647 699 principia,
672 662 719 687 ex
746 651 886 698 quibus
910 651 1084 699 legitima
1114 654 1399 694 ratiocinatime

111 706 293 742 veritates
312 704 491 741 mediatae
512 708 548 739 et
569 703 788 740 scientificae
809 703 1060 740 deducantur.
1088 720 1102 737 ‹
1126 706 1326 752 Quaedam,
1348 709 1401 744 in.—

112 759 197 806 quit
216 758 253 794 S.
274 757 456 802 Thomas,
479 756 611 792 statim
638 767 660 792 a
680 756 864 803 principio
880 757 1107 793 naturaliter
1128 758 1276 795 homini
1298 761 1401 796 inno-

112 813 263 848 tescunt
292 811 436 858 absque
466 809 595 846 studio
625 814 661 846 et
691 809 962 855 inquisitione3
993 815 1030 846 et
1063 811 1287 858 hujusmodi
1316 819 1404 850 sunt

113 864 303 911 principia
340 863 479 908 prima,
512 873 588 898 non
624 862 749 898 solum
782 865 822 897 ut
854 862 893 898 in
928 864 1185 909 speculativis,
1217 869 1270 910 ut,
1301 878 1404 903 omne

113 921 230 952 totum
252 920 305 951 est
327 914 455 961 majus
481 924 552 950 sua
573 919 697 960 parte,
718 918 756 949 et
780 915 933 959 similia,
956 916 1023 952 sed
1043 917 1160 952 etiarn
1181 918 1218 953 in
1243 921 1404 966 operati-

113 970 183 1014 vis,
210 971 264 1014 ut,
292 968 435 1004 malum
460 978 536 1004 esse
561 967 802 1013 fugiendum,
831 972 867 1003 et
896 968 1132 1014 hujusmodi.
1162 972 1249 1007 Haec
1275 976 1404 1008 autem

113 1021 340 1058 naturaliter
356 1025 462 1066 nota,
485 1025 575 1056 sunt
595 1020 784 1067 principia
807 1020 925 1056 totius
943 1022 1174 1068 cognitionis
1195 1026 1403 1071 sequentis,

113 1084 201 1121 quae
221 1084 289 1121 per
308 1072 480 1108 studium
497 1072 724 1118 acquiritur,
746 1073 822 1108 sive
843 1073 889 1108 sit
910 1074 1090 1121 practica,
1111 1076 1186 1110 sive
1206 1076 1254 1111 sit
1274 1087 1405 1124 specu-

113 1127 244 1162 lativa.
273 1140 290 1159 ι
320 1145 366 1152 -
392 1125 462 1172 Qq.
494 1126 624 1172 Dispp.
651 1125 707 1160 De
738 1126 946 1162 virtutibus
976 1127 1018 1162 in
1046 1129 1250 1174 communi,
1278 1130 1347 1171 Qu.
1376 1132 1403 1176 Ι,

113 1180 229 1215 Artic.
252 1180 344 1215 VIII.
370 1199 416 1204 —
444 1178 499 1214 Cf.
528 1180 567 1216 P.
593 1179 621 1222 Ι,
649 1178 719 1220 Qu.
753 1179 898 1223 LXXIX,
926 1180 1043 1216 Artic.
1072 1182 1148 1216 XII.
1177 1182 1404 1229 Hujusmodi

115 1235 247 1267 autem
273 1231 442 1278 cognitio
462 1233 567 1266 certa
592 1235 630 1266 et
649 1230 802 1266 evidens
823 1232 862 1266 in
887 1232 1131 1278 speculativis
1155 1235 1364 1271 vocabatur
1383 1248 1403 1271 a

115 1283 361 1320 Scholasticis
387 1283 540 1319 habitus
569 1283 766 1319 naturalis
792 1284 1010 1330 primorum
1034 1286 1337 1333 principiorum,
1368 1289 1404 1323 in

115 1337 296 1384 practicis
325 1347 414 1373 vero
441 1336 654 1383 synderesis
685 1338 724 1382 (a
750 1335 810 1370 σύν
837 1347 933 1382 cum,
964 1342 1001 1373 et
1030 1339 1198 1386 τήρησις,
1228 1341 1404 1385 servatio,

113 1389 350 1426 conservatio
371 1399 509 1436 nempe
527 1389 742 1435 primarum
763 1389 968 1425 veritatum
991 1391 1214 1437 moralium)
1236 1396 1272 1428 et
1289 1393 1405 1429 etiam

115 1442 206 1490 quia
223 1442 403 1477 veritates
428 1441 504 1477 illae
533 1442 713 1489 practicae
744 1452 820 1477 non
851 1442 978 1478 minus
1004 1454 1121 1489 quam
1149 1444 1285 1490 primae
1306 1447 1406 1482 veri-

114 1499 213 1531 tates
228 1493 468 1542 speculativae
487 1494 648 1530 firmiter
662 1498 699 1529 et
715 1494 984 1531 inviolabiliter
997 1496 1211 1533 retinentur
1225 1509 1247 1533 a
1263 1502 1407 1543 mente,

114 1547 270 1584 habitus
288 1547 484 1584 naturalis
499 1547 717 1593 primorum
733 1547 1026 1594 principiorum
1045 1550 1264 1587 moralium.
1287 1572 1332 1577 -—
1350 1552 1405 1595 Cf,

113 1602 155 1636 P.
176 1601 205 1646 Ι,
227 1601 296 1643 Qu.
323 1603 360 1636 et
379 1601 495 1636 Artic.
521 1600 584 1636 cit.
606 1620 652 1626 —
673 1600 767 1636 Hinc
787 1603 918 1636 autem
940 1602 1128 1648 quaeritur
1148 1603 1246 1638 sicut
1268 1606 1407 1650 quaesi-

114 1658 198 1690 tum
224 1657 282 1689 est
301 1653 340 1689 in
363 1653 513 1700 Logica‚
536 1652 734 1700 quodnam
756 1654 804 1688 sit
825 1654 992 1701 primurn
1014 1655 1247 1702 principium
1267 1659 1406 1693 verita-

114 1710 198 1742 tum
219 1706 441 1742 moralium.
465 1706 533 1741 Cui
552 1706 756 1753 quaestioni
776 1707 991 1753 respondeo
1010 1735 1018 1743 .

161 1760 227 1794 111.
250 1759 419 1795 Primum
442 1759 675 1804 principium
700 1760 915 1795 veritatum
940 1762 1144 1798 moralium
1171 1769 1231 1798 est
1251 1773 1260 1799 ;
1285 1774 1409 1800 BONUM

114 1822 176 1847 Esr
200 1822 414 1853 melerinum,
438 1821 482 1846 m·
500 1822 622 1846 uanum
648 1821 845 1847 vinnom.
866 1813 912 1849 Ut
932 1823 977 1848 ex
999 1813 1170 1849 dicendis
1197 1816 1268 1850 erit
1289 1817 1411 1865 mani-J

115 1863 270 1908 festum,
293 1867 373 1899 tam
391 1864 505 1898 variae
525 1866 615 1898 sunt
638 1864 841 1910 opiniones
861 1864 1180 1911 philosophorum
1207 1867 1305 1903 circa
1329 1869 1412 1914 pri-'

115 1926 225 1951 mum
266 1916 496 1962 principium
541 1916 792 1959 moralitatis,
833 1921 875 1951 ut
916 1927 993 1952 non
1030 1918 1226 1954 immerito
1269 1920 1407 1956 dixerit

117 1968 387 2009 Schwartzius‚
416 1972 473 2004 tot
500 1978 582 2004 esse
610 1968 681 2004 hac
710 1968 748 2003 in
773 1979 814 2004 re
840 1970 1050 2006 sententias
1079 1974 1172 2017 quot
1199 1973 1340 2019 capita.
1362 1976 1408 2009 At

117 2020 214 2056 mihi
245 2031 472 2068 persuasum
505 2023 574 2064 est,
604 2031 644 2056 re
678 2025 822 2056 attente
856 2025 892 2057 et
923 2022 1005 2057 sine
1039 2024 1407 2070 aequivocationibus

114 2073 374 2117 considerata,
404 2084 536 2109 verum
566 2083 648 2109 esse
680 2074 913 2121 principium
944 2076 1201 2121 enuntiatum,
1232 2077 1335 2124 quod
1368 2082 1415 2114 ut.

117 2126 287 2172 primum
310 2125 457 2162 ordinis
474 2126 632 2162 moralis
655 2126 811 2173 ponitur
831 2137 853 2162 a
871 2126 1116 2164 Scholasticis
1133 2128 1209 2164 scre
1228 2131 1411 2173 omnibus¹

117 2188 205 2214 cum
235 2179 272 2214 S.
302 2178 448 2215 Thoma
476 2179 561 2217 1-11.
590 2179 660 2222 Qu.
691 2179 812 2217 XCIV.
839 2180 956 2216 Artic.
984 2181 1029 2217 II.
1058 2185 1096 2217 et
1127 2182 1216 2218 alibi
1248 2184 1412 2229 passima

117 2231 160 2265 Et
179 2240 322 2266 revera.
343 2231 578 2277 Principium
599 2232 770 2278 primum
791 2232 830 2267 in
845 2232 980 2269 ordine
1000 2235 1168 2280 practico
1186 2246 1252 2271 seu
1270 2237 1406 2273 morali

118 2282 230 2318 debet
257 2293 340 2319 esse
369 2283 594 2320 directivum
628 2285 789 2320 actionis
822 2284 1019 2330 humanae,
1054 2287 1128 2323 hoc
1159 2292 1215 2323 est
1245 2289 1408 2326 actionis

118 2334 327 2372 voluntatis
356 2337 504 2384 agentis
540 2337 610 2374 sub
646 2337 854 2374 dictamine
883 2339 965 2385 ejus
997 2339 1174 2388 principii
1208 2342 1352 2388 cogniti
1385 2353 1409 2379 a
