1584 2569
207 133 272 166 230
296 141 353 166 JUS
373 141 533 166 NATURAE.
557 140 627 165 Lm.
645 140 685 164 11.
699 139 830 164 CAP.11.
845 139 886 163 DE
905 139 1095 165 socinum
1111 139 1182 164 CIV.
1203 139 1238 164 m
1260 139 1297 163 SE
1312 138 1488 163 SPECT521A

204 213 287 260 jure
304 212 510 258 utentium,
536 212 574 247 in
596 222 672 246 uno
691 213 777 246 ioco
799 221 864 246 seu
886 211 979 246 urbe
1002 210 1238 258 degentium,
1261 214 1298 246 et
1327 209 1494 246 habetur

207 266 331 313 prima
350 266 511 301 societas
527 264 689 310 publica
710 273 796 309 quoe
814 267 871 299 est
893 263 1053 308 Civitas,
1078 274 1143 298 seu
1164 263 1423 309 Municipium
1439 262 1496 298 vel

207 319 419 355 Commune.
442 337 485 344 -
509 318 573 352 Vel
606 321 662 351 est
683 316 838 351 urbium
858 315 898 351 in
923 316 1112 362 maiorem
1134 315 1357 351 societatem
1384 315 1494 351 effor-

207 371 389 407 mandam
412 371 648 414 coeuntium,
671 373 708 405 et
726 369 890 405 habetur
902 368 961 404 vel
977 368 1204 413 Provincia,
1221 368 1251 404 si
1263 369 1402 404 iterum
1415 368 1498 404 haec

207 435 293 459 cum
312 425 395 459 aliis
419 423 624 471 provinciis
643 423 681 457 in
702 421 932 468 ampliorem
956 421 1180 457 societatem
1201 421 1416 466 conveniat,
1438 421 1497 457 vel

208 477 339 513 Status
357 477 388 512 si
412 487 480 512 suo
497 477 584 523 J'ure
609 475 708 511 civili
730 479 861 510 utatur
884 473 1186 522 independenter
1206 474 1252 510 ab
1283 474 1358 510 alia
1378 474 1497 510 socie-

210 534 297 565 tate.
322 550 366 554 —-
388 528 495 570 Quod
516 529 546 564 si
568 528 730 564 societas
755 537 842 574 quae
864 525 1005 562 dicitur
1024 527 1170 571 Status,
1191 538 1237 562 ex
1262 527 1416 574 populis
1435 527 1497 563 ho·

207 583 406 628 inefficacis,
421 586 463 617 ut
474 582 528 617 ita
539 581 678 625 dicam,
692 580 892 623 coalescat,
905 579 1025 615 Natio
1038 579 1214 617 habetur.
1229 601 1270 605 —
1288 579 1497 615 Societates

209 636 371 682 publicae
391 635 518 681 prouti
543 634 581 669 in
602 634 791 680 majorem
812 632 1035 669 societatem
1056 632 1339 668 efformandam
1360 643 1495 668 conve-

209 689 333 731 niunt,
356 688 535 723 dicuntur
555 686 811 734 hypotathieoe
826 697 891 721 seu
905 685 1085 732 subjectae
1100 685 1156 721 vel
1171 685 1445 729 subordinatoe,
1463 690 1499 721 et

210 741 458 788 lzypotalltiea
478 751 610 776 earum
631 740 854 784 associati03
883 739 1044 775 societas
1072 750 1159 774 ve10
1185 738 1407 774 immediate
1427 738 1499 773 for-

210 799 315 829 mata
338 804 383 828 cx
409 793 657 829 societatibus
683 791 943 840 hypotathicis
964 796 1001 826 et
1029 791 1090 827 cui
1118 791 1200 826 ista·
1229 791 1498 837 subjiciuntur,

209 851 278 891 est,
298 847 428 893 utjam
447 845 628 890 diximus,
649 849 771 881 status
791 845 849 880 vel
866 844 987 880 natio.
1008 843 1117 886 Quod
1138 845 1169 879 si
1188 843 1351 891 denique
1369 843 1500 880 Status

209 899 266 934 vel
284 899 469 935 Nationes
489 903 530 933 ut
547 898 747 934 societates
774 897 1031 944 Jzypotatlticoe
1060 896 1290 932 conveniant
1314 895 1362 932 ad
1380 906 1501 930 unum

211 963 348 999 corpus
374 951 518 988 morale
539 950 838 996 efformandum,
862 950 1088 985 habebimus
1107 950 1331 985 societatem
1352 948 1502 984 ethnar-

209 1006 357 1041 chicam
377 1016 442 1041 seu
462 1005 644 1051 flentium,
672 1005 710 1039 in
729 1014 804 1050 qua
834 1003 977 1039 scincet
1003 1006 1059 1038 est
1082 1002 1208 1049 prima
1232 1012 1298 1037 seu
1319 1012 1500 1048 suprema

209 1058 434 1103 auctoritas,
460 1058 520 1093 cui
540 1058 702 1093 subsunt
722 1061 759 1092 et
777 1067 799 1092 a
819 1067 895 1103 qua
913 1055 1133 1103 diriguntur
1158 1054 1359 1091 societates
1386 1054 1501 1101 hypo-

213 1112 379 1147 tallticae.
395 1132 440 1136 —
456 1111 550 1146 IIinc
566 1110 725 1146 diversae
743 1110 859 1145 etiam
878 1108 1126 1144 auctoritates
1144 1111 1348 1155 exurgunt,
1365 1118 1501 1155 nempe

210 1164 478 1211 Municipalis,
501 1163 743 1207 Nationalis,
768 1161 1050 1198 Etlznarchica.
1073 1182 1118 1187 ——
1139 1161 1229 1203 Quae
1251 1161 1382 1196 omnia
1402 1171 1501 1197 com-

210 1218 344 1264 plexus
364 1222 422 1252 est
443 1216 479 1252 S.
494 1217 743 1263 AugustinuS,
762 1215 843 1251 Lib.
863 1214 956 1258 XIV,
974 1214 1029 1250 De
1041 1214 1194 1250 civitate
1210 1213 1296 1257 Dei,
1313 1213 1403 1260 Cap.
1422 1213 1500 1257 vlt,

210 1271 386 1317 inquiens
409 1280 417 1305 :
448 1283 463 1302 ι
486 1270 577 1305 Post
597 1269 788 1305 civilatem
805 1267 864 1304 vel
895 1266 1023 1303 urbem
1046 1267 1220 1313 sequitur
1240 1265 1344 1302 orbis
1376 1271 1500 1311 terrae‚

211 1324 250 1358 in
291 1333 367 1369 quo
396 1323 553 1358 tertium
587 1321 750 1370 gradum
785 1325 936 1368 ponunt
964 1320 1158 1356 societatis
1185 1319 1380 1364 humanae,
1411 1320 1500 1355 inci-

211 1377 357 1423 pientes
372 1387 394 1411 a
410 1376 532 1419 domo,
551 1380 667 1421 atque
685 1374 773 1410 inde
790 1373 838 1410 ad
851 1373 994 1418 urbem,
1009 1372 1145 1408 deinde
1163 1372 1210 1408 ad
1229 1371 1354 1408 orbem
1370 1372 1501 1417 (inter-

210 1429 335 1465 media
355 1433 478 1464 lamen
504 1428 685 1472 Natione)
713 1425 994 1475 progrediendo
1021 1425 1239 1461 venientes:
1263 1425 1328 1471 qui
1353 1425 1499 1471 utique,

210 1483 308 1517 sicut
327 1492 517 1528 aquarum
537 1481 748 1528 congerks,
776 1484 921 1526 quanto
943 1479 1069 1525 major
1094 1483 1163 1522 est,
1189 1482 1295 1513 tanto
1321 1477 1497 1524 periculis

211 1535 372 1582 plenior.
403 1548 418 1566 ι
451 1555 496 1560 -
522 1534 568 1569 Et
594 1534 631 1569 S.
653 1533 821 1569 Thomas
848 1533 885 1567 in
906 1532 1055 1577 Evanq.
1090 1530 1273 1575 Matthaei,
1303 1530 1392 1577 Cap.
1418 1529 1496 1574 XII,

210 1598 326 1634 super
340 1587 404 1622 illa
419 1586 545 1631 verba,
559 1586 672 1622 Omne
686 1596 843 1632 reynum
853 1589 986 1620 contra
1002 1595 1040 1619 se
1056 1583 1222 1619 divisum
1239 1581 1495 1618 desolabitur:

212 1644 298 1684 etc„
317 1640 400 1675 haec
419 1639 536 1675 habet
556 1649 565 1674 :
590 1652 607 1672 ε
629 1638 781 1685 Triplex
802 1641 859 1673 est
882 1636 1160 1681 Communitas‚
1183 1636 1328 1679 domus,
1353 1635 1429 1671 sive
1450 1635 1499 1670 fa-

212 1694 342 1738 miliae,
357 1692 528 1729 civitatis
543 1696 580 1728 et
591 1693 713 1738 regni.
730 1711 775 1717 -
786 1691 929 1726 Domus
947 1694 1003 1725 est
1014 1690 1273 1725 communitas
1289 1689 1499 1724 consistens

212 1757 257 1781 ex
278 1746 349 1790 his,
378 1756 445 1792 per
464 1756 560 1792 quos
585 1746 684 1780 fiunt
709 1754 935 1781 communes
956 1746 1082 1788 actus;
1109 1747 1146 1778 et
1176 1741 1261 1778 ideo
1285 1742 1500 1778 consistunt

213 1799 250 1834 in
269 1798 409 1845 triplici
426 1798 712 1845 conjugatione,
730 1808 776 1833 ex
798 1802 905 1844 patre
925 1800 963 1832 et
977 1796 1069 1840 silio,
1093 1807 1139 1831 ex
1156 1796 1296 1830 marito
1315 1799 1352 1830 et
1366 1805 1498 1835 uxore,

212 1862 259 1888 ex
279 1850 436 1886 domino
457 1855 494 1886 et
513 1861 635 1887 servo.
654 1870 691 1876 —-
709 1849 976 1886 Communitas
993 1848 1172 1885 Civitatis
1188 1848 1319 1883 omnia
1329 1847 1499 1883 continet

212 1914 299 1950 quae
323 1903 370 1939 ad
394 1904 513 1940 vitam
544 1903 713 1940 hominis
741 1906 830 1938 sunt
853 1902 1088 1946 necessaria3
1119 1901 1220 1936 unde
1249 1905 1306 1936 est
1329 1899 1500 1946 perfecta

213 1956 472 1992 communitas
500 1960 690 2003 quantum
715 1954 763 1992 ad
790 1965 894 1991 mere
923 1954 1148 1991 necessaria.
1177 1973 1222 1979 —
1245 1953 1372 1988 Tertia
1400 1961 1500 1987 com-

216 2010 384 2044 munitas
409 2013 465 2045 est
495 2009 629 2055 Regni,
655 2018 742 2055 quae
769 2011 826 2043 est
852 2007 1112 2043 communitas
1138 2004 1498 2042 consummationis.

218 2061 285 2096 Ubi
302 2062 405 2097 enim
425 2066 523 2097 esset
544 2061 660 2097 timor
678 2060 850 2097 hostium
873 2070 950 2096 non
968 2063 1096 2107 posset
1112 2069 1181 2106 per
1199 2069 1238 2095 se
1263 2068 1339 2094 una
1367 2056 1501 2092 civitas

213 2114 444 2159 subsistere;
469 2114 555 2150 ideo
590 2118 749 2162 propter
774 2114 955 2149 timorem
990 2112 1162 2148 hostium
1192 2110 1405 2147 necessaria
1443 2113 1500 2144 est

214 2167 473 2202 communitas
484 2167 682 2203 civitatum
697 2167 880 2214 plurium,
900 2176 985 2212 quae
998 2164 1140 2201 faciant
1154 2174 1275 2200 unum
1290 2172 1465 2210 regnum.
1482 2176 1499 2194 η

261 2220 304 2255 V.
318 2220 539 2256 Corollaria.
553 2240 599 2246 --
612 2219 871 2256 Corollarium
880 2219 1062 2265 primum.
1077 2217 1199 2265 Igitur
1211 2216 1399 2252 invariata
1417 2225 1497 2262 per-

216 2277 396 2309 manente
416 2273 641 2310 necessitate
654 2272 895 2309 auctoritatis
914 2271 1114 2320 genericae‚
1127 2270 1209 2306 haec
1231 2274 1359 2305 tamen
1379 2268 1499 2304 variat
1530 2313 1534 2317 .

214 2326 387 2373 specifice
411 2325 621 2362 secundum
650 2326 875 2362 varietatem
898 2325 993 2373 finis
1011 2322 1220 2362 communit
1239 2321 1288 2360 ad
1308 2330 1422 2369 quem
1443 2331 1499 2356 so·

216 2378 375 2415 cietates
395 2378 556 2416 diversa:
576 2378 817 2417 ordinantur.
