1584 2569
321 135 403 162 ΑΜ.
430 136 456 161 1.
484 136 527 161 nu
546 134 691 162 numu
715 135 918 162 socm‘rATls
946 135 1072 160 clvms
1311 126 1375 160 ‘221

135 205 576 244 Corollariumaleerum.
589 207 687 255 Ergo
699 207 931 242 elementum
955 205 1155 242 materiale
1176 205 1378 242 immedia-

89 263 172 294 tum
181 258 349 305 familioe
362 264 450 295 sunt
465 258 663 296 individua
679 258 862 304 humana,
878 258 944 295 sed
962 259 1143 296 Civitatis
1158 269 1224 295 seu
1244 258 1287 295 M
1288 260 1376 294 uni-

89 311 189 358 cipii
205 316 295 348 sunt
308 311 488 358 familiae,
510 322 588 348 non
612 311 823 357 individua,
845 322 913 359 per
929 321 968 348 se
993 310 1202 359 loquendo,
1223 311 1323 347 sicut
1343 315 1380 347 et

87 364 281 401 societatis
300 364 421 400 civilis
441 374 507 401 seu
527 363 659 401 Status
685 364 918 400 elementum
948 364 1147 400 materiale
1177 362 1379 400 immedia-

90 421 172 452 tum
190 427 268 453 non
287 422 377 453 sunt
396 427 520 464 neque
545 416 754 462 individua,
775 427 899 465 neque
915 416 1086 461 familiae,
1108 415 1174 453 sed
1203 415 1373 453 Munici-

85 471 170 515 pia,
182 479 284 517 quae,
301 474 345 505 ut
354 468 571 506 audivimus
588 480 612 506 a
625 469 663 506 S.
684 469 846 515 Thoma,
857 473 947 506 sunt
957 468 1165 506 Societates
1182 469 1377 516 perfectoe.

89 522 131 558 Id
147 522 302 559 evidens
318 528 375 559 est
390 534 436 559 ex
454 523 566 559 dictis
585 534 593 559 :
618 533 709 560 nam
735 522 925 559 elementa
941 522 1166 559 immediata
1182 522 1376 558 societatis

89 575 155 611 illa
177 575 365 612 exclusive
393 575 556 612 dicenda
581 580 670 612 sunt
690 585 776 622 quae
806 575 855 612 ad
884 575 990 612 iliam
1011 573 1292 611 efformandam
1313 574 1376 610 im-

88 627 255 664 mediate
274 633 521 665 concurrunt.
542 629 661 664 Porro
687 628 857 664 civitates
877 627 1100 664 immediate
1126 627 1376 664 efformantux

89 691 136 716 cx
152 680 337 727 familiis,
356 682 455 718 sicut
473 686 512 718 et
531 681 663 718 Status
684 681 906 718 immediate
927 681 1181 718 efformantur
1199 691 1223 717 a
1250 681 1379 716 civita·

90 733 204 771 tibus.
230 734 517 782 consequenter
538 734 746 782 rejicienda
773 739 830 771 est
854 735 1044 771 sententia
1063 734 1271 778 Rousseau,
1293 734 1381 769 Bee-

89 787 205 832 caria,
220 786 460 834 aliorumque
471 788 720 824 sentientium
737 786 936 823 individua
949 797 1031 823 esse
1047 797 1116 834 per
1130 796 1170 822 se
1190 787 1382 822 elementa

91 838 316 876 immediata
333 840 527 876 societatis
541 840 675 876 civilis.

137 891 396 929 corollarium
413 893 577 929 tertium.
592 892 691 940 Ergo
704 893 865 928 societas
882 891 1053 928 humana
1070 895 1129 928 est
1144 902 1283 939 corpus
1300 902 1383 927 mo<

90 944 169 981 rale
186 944 427 991 orqanicum,
448 955 526 981 non
545 955 635 981 vero
655 948 823 980 automa.
845 965 890 971 —
906 944 961 980 Ad
986 944 1283 992 intelligentiam
1309 943 1379 979 hu-

89 998 152 1045 jus
180 997 350 1034 veritatis
369 998 530 1034 maximi
561 997 750 1033 momenti
776 998 815 1033 in
841 997 1011 1044 politica,
1048 1001 1140 1033 nota
1166 995 1270 1043 quod
1300 1007 1381 1032 esse

91 1051 318 1098 organicum
339 1054 396 1086 est
415 1050 555 1086 habere
577 1050 811 1086 activitatem
844 1059 910 1086 seu
935 1049 1055 1085 vitam
1089 1050 1286 1096 propriam
1308 1059 1383 1095 qua

92 1104 308 1151 subjectum
327 1114 366 1139 se
385 1108 516 1140 movet
540 1103 657 1139 etiam
677 1103 747 1139 sub
767 1102 924 1140 alterius
944 1102 1213 1150 dependentia,
1235 1106 1273 1138 et
1296 1101 1382 1137 ideo

91 1160 232 1205 potest,
248 1155 403 1204 physice
422 1155 557 1191 saltem
580 1183 589 1200 ,
607 1156 795 1204 principio
815 1156 986 1192 moventi
1006 1156 1182 1191 resistere
1201 1167 1210 1200 ;
1233 1159 1272 1191 at
1289 1165 1377 1191 con-

92 1215 153 1245 tra
170 1219 251 1245 esse
267 1212 422 1245 automa
439 1212 496 1244 est
515 1219 596 1244 esse
616 1207 844 1244 destitutum
864 1208 1070 1253 activitate,
1095 1211 1133 1243 et
1152 1208 1298 1255 passive
1322 1218 1379 1243 so-

91 1260 293 1298 lummodo
313 1261 460 1297 moveri
482 1261 529 1297 ab
553 1261 628 1297 alio
649 1262 730 1297 sine
753 1260 832 1297 ulla
857 1260 1037 1297 facultate
1057 1260 1273 1296 resistendi.
1305 1260 1381 1295 Hoc

93 1324 204 1351 sensu
225 1312 478 1361 distinguitur
500 1314 750 1360 principatus
770 1313 810 1350 in
836 1312 1076 1360 despoticum
1104 1317 1142 1348 et
1166 1312 1382 1360 politicum.

95 1380 112 1399 ι
137 1367 282 1403 Dicitur
299 1366 514 1413 despoticus
533 1367 784 1414 principatus,
811 1370 855 1402 ut
882 1366 965 1412 J'am
986 1366 1205 1402 notavimus
1233 1376 1321 1402 cum
1344 1365 1380 1400 S.

93 1420 242 1456 Thoma
272 1419 347 1465 (Ps.
367 1420 427 1464 47,
453 1418 528 1464 VI),
549 1429 626 1466 quo
646 1419 784 1465 aliquis
816 1419 1056 1466 principatur
1084 1419 1218 1464 servis,
1241 1418 1306 1465 qui
1328 1420 1383 1463 (ut

93 1473 207 1518 servi)
242 1482 320 1509 uon
349 1471 493 1508 habent
512 1471 733 1508 facultatem
762 1472 801 1507 in
837 1471 966 1518 aliquo
986 1471 1189 1507 resistendi
1218 1472 1382 1518 imperio

94 1525 381 1574 praecipientis„
401 1525 492 1572 quia
508 1523 606 1561 nihil
622 1525 681 1562 sui
698 1524 854 1561 habent.
873 1524 1116 1572 Principatus
1133 1528 1263 1560 autem
1275 1523 1379 1570 poli-

95 1578 194 1616 ticus
212 1582 249 1615 et
267 1577 412 1625 reqalis
443 1576 596 1623 dicitur,
618 1587 694 1625 quo
726 1577 864 1624 aliquis
889 1577 1128 1624 principatur
1149 1576 1294 1621 liberis,
1317 1577 1382 1622 qui

94 1632 165 1668 etsi
187 1630 402 1667 subdantur
429 1630 608 1678 regimini
626 1630 882 1677 praesidentis,
912 1634 1042 1666 tamen
1074 1629 1218 1666 habent
1238 1628 1383 1676 aliquid

95 1683 310 1732 proprium,
339 1693 386 1719 ex
414 1693 490 1730 quo
517 1687 679 1731 possunt
711 1683 826 1719 reniti
858 1682 1117 1730 praecipientis
1152 1682 1330 1729 imperio.
1369 1696 1384 1714 ›

95 1737 213 1783 CuJus
232 1736 286 1773 rei
306 1736 527 1783 exemplum
552 1736 717 1772 habetur
735 1736 775 1772 in
795 1736 979 1780 homine;
1005 1745 1096 1771 nam
1124 1748 1140 1767 ι
1167 1735 1299 1770 anima
1319 1734 1385 1770 do-

96 1790 268 1825 minatur
282 1789 432 1835 corpori
450 1787 646 1835 despotico
663 1788 894 1836 principatu,
914 1788 1005 1834 quia
1022 1787 1193 1834 corporis
1211 1786 1386 1822 membra

96 1843 136 1878 in
161 1840 266 1877 nullo
298 1840 473 1877 resistere
504 1844 666 1887 possunt
699 1841 862 1887 imperio
889 1840 1043 1885 animae,
1080 1839 1145 1875 sed
1183 1839 1316 1875 statim
1338 1838 1385 1875 ad

96 1894 313 1942 appetitum
326 1893 480 1938 animae,
500 1897 678 1929 movetur
696 1903 835 1928 manus
851 1897 889 1928 et
908 1903 974 1939 pes
992 1897 1029 1928 et
1046 1891 1245 1939 quodlibet
1266 1902 1385 1928 mem-

97 1947 224 1992 brum,
245 1945 349 1994 quod
375 1950 509 1982 natum
534 1950 592 1982 est
610 1946 754 1982 moveri
779 1945 995 1981 voluntario
1019 1949 1143 1981 motu.
1165 1944 1386 1981 Intellectus

97 2003 241 2044 autem,
261 2009 328 2035 seu
342 1999 440 2034 ratio
458 1997 815 2045 diciturjprincipari
832 1996 1032 2033 irascibili
1043 2001 1076 2033 et
1089 1996 1389 2043 concupiscibili

98 2052 172 2097 (Ps.
185 2051 298 2098 ibid.)
314 2051 471 2099 politico
491 2051 722 2098 principatu,
742 2051 832 2097 quia
850 2050 1043 2097 appetitus
1058 2049 1249 2086 sensibilis
1269 2048 1386 2086 habet

99 2104 244 2152 aliquid
263 2105 476 2152 proprium.
498 2117 515 2136 a
532 2104 573 2140 P.
592 2104 621 2149 I,
637 2104 706 2145 Qu.
722 2103 874 2148 LXXXI,
891 2103 1007 2139 Artic.
1029 2102 1080 2139 111
1101 2101 1149 2138 ad
1170 2104 1205 2139 2.
1223 2122 1268 2129 —
1289 2102 1384 2138 Hinc

97 2157 254 2193 evidens
261 2161 318 2193 est
325 2157 465 2193 veritas
475 2156 702 2193 Corollarii.
717 2155 868 2191 Etenim
882 2154 1050 2192 Societas
1059 2155 1217 2202 politica
1226 2154 1387 2191 resultat

100 2214 246 2246 remote
262 2220 309 2246 ex
322 2208 557 2255 hominibus,
567 2209 742 2257 proxime
754 2219 800 2244 ex
815 2208 1062 2245 societatibus
1074 2207 1384 2255 particularibus,

101 2272 188 2309 quae
206 2272 322 2298 servae
342 2273 419 2298 non
442 2263 541 2298 fiunt
559 2261 625 2298 sed
646 2261 778 2298 liberae
797 2265 956 2298 manent
982 2261 1020 2296 in
1043 2260 1182 2307 maj0ri
1204 2260 1386 2296 societate

77 2363 79 2365 Ι
102 2315 211 2363 cujus
220 2316 307 2351 viva
325 2315 607 2352 membrasunt.
621 2314 918 2362 —Diciturergo
927 2314 1125 2350 verissime
1141 2313 1386 2360 organismus

105 2369 255 2406 socialis
271 2379 281 2414 3
302 2367 368 2405 sed
384 2367 479 2404 falso
494 2367 644 2404 socialis
661 2367 950 2417 mechanismus,
967 2368 1066 2403 sicut
1084 2366 1199 2414 vulgo
1217 2364 1387 2402 auditur.

245 2445 386 2479 Ζιοιιιιι,
406 2445 521 2474 Summa
538 2443 642 2479 philon.
662 2458 694 2464 -
721 2443 750 2467 τ.
775 2437 826 2465 ΠΙ.
1283 2438 1314 2469 15
