1584 2569
85 151 164 175 ART.
187 150 209 174 1.
230 149 273 174 nr.
290 149 365 174 οη.
386 149 428 174 ιτ
441 149 517 174 mn.
535 148 620 173 nou.
642 148 762 178 Quom
784 147 955 173 coxsnnv.
986 147 1143 172 rnorem
1161 148 1251 172 viras
1302 139 1366 172 157

83 221 223 257 dixisse
242 221 375 265 fertur,
403 219 540 256 invidit
561 233 573 255 :
595 226 673 264 aut,
696 224 738 255 ut
759 218 903 266 aliquid
925 230 994 255 nos
1021 219 1153 255 mitius
1177 219 1365 264 dicamus,

83 273 260 310 erubuit?
291 287 306 306 ι
336 272 441 309 Unde
462 273 657 309 verissime
678 273 768 319 Cap.
800 272 894 307 XXII
927 271 963 307 S.
989 272 1128 308 Doctor
1155 273 1366 319 generatim

20 328 27 332 '
85 327 218 363 asserit
237 337 245 361 ε
271 340 286 358 ι
311 326 348 362 Si
372 326 561 362 rationem
583 325 803 373 diligentius
829 324 1018 367 consulas,
1040 335 1087 359 ne
1108 325 1192 372 ipsa
1212 324 1368 371 quidem

84 380 203 415 animi
239 378 466 426 magnitudo
503 383 603 415 recte
642 379 876 422 nominatur,
911 377 976 414 ubi
1014 378 1174 424 quisque
1204 388 1281 413 non
1311 389 1372 413 va·

84 431 197 467 londo
218 431 392 476 tolerare,
409 431 468 467 vel
479 441 643 478 quaeque
660 441 807 478 aspera,
830 429 888 466 vel
908 430 1032 466 aliena
1044 435 1212 477 peccata,
1232 441 1270 466 se
1291 430 1371 476 ipse

85 485 335 520 interemerit.
361 499 376 517 ι

131 537 174 573 V.
197 537 362 582 Quaestio
383 538 520 573 altera.
539 538 661 573 llomo
683 537 802 584 igitur
821 537 1062 573 strictissimo
1076 540 1224 571 naturae
1246 536 1372 571 officio

86 593 237 626 tenetur
265 600 489 626 conservare
519 590 689 637 seipsum
726 600 734 624 :
773 600 818 625 ex
848 599 923 636 quo
950 589 1124 635 sequitur
1158 589 1372 624 necessario

86 642 257 679 officium
279 642 453 678 naturale
474 643 513 678 in
531 642 612 689 ipso
634 642 790 678 homine
819 641 1059 689 praecavendi
1082 653 1103 677 a
1124 642 1248 677 causis
1269 652 1372 677 mor-

88 700 166 731 tem
190 695 441 731 inferentibus
469 695 557 740 (nisi
583 695 621 730 in
645 695 794 730 casibus
820 706 858 730 n.
887 695 918 730 11
946 695 1199 742 praenotatis),
1224 699 1261 730 et
1286 705 1374 730 con-

88 752 293 795 sequenter
320 749 384 795 jus
409 747 660 795 propulsandi
684 749 762 783 vim
789 748 921 795 injusti
949 748 1182 795 aggressoris
1209 748 1374 795 propriae

88 801 190 836 vitae.
216 800 306 842 Quae
335 800 610 847 consequentia
630 800 676 836 ab
703 800 882 836 omnibus
907 799 1143 844 conceditur,
1171 810 1294 846 neque
1321 810 1375 835 re-

88 863 177 888 vera
204 852 431 888 rationabile
460 852 621 888 dubium
648 851 831 888 admittit.
859 851 1075 888 Ridiculum
1103 853 1205 887 enim
1231 856 1288 887 est
1312 852 1376 898 jus

89 903 341 941 conservandi
367 915 462 948 rem,
488 905 548 940 cui
580 915 796 939 connexum
817 915 894 940 non
924 905 972 939 sit
989 905 1052 951 jus
1072 915 1153 940 rem
1172 905 1294 951 ipsam
1315 904 1376 939 de-

89 956 269 994 fendendi
301 957 348 993 ab
387 957 541 1003 injustis
573 957 874 1004 aggressoribus.
905 957 977 992 Sed
1010 958 1173 1003 quaestio
1200 961 1378 993 movetur

91 1015 221 1046 utrum
237 1009 302 1056 jus
316 1009 544 1045 defendendi
564 1009 760 1056 propriam
781 1009 900 1044 vitam
922 1009 1153 1045 extendatur
1166 1010 1233 1054 ita,
1256 1014 1298 1044 ut
1311 1010 1375 1056 jus

91 1063 141 1098 sit
160 1061 347 1097 inferendi
365 1066 530 1097 mortem
550 1062 765 1108 aggressori
786 1061 944 1108 injusto.

136 1115 198 1151 VI.
214 1115 468 1151 Praenotanda
488 1114 675 1159 quaedam.
693 1114 735 1149 In
754 1114 898 1160 injusta
917 1116 1163 1162 aggressione
1174 1115 1262 1150 vitae
1284 1115 1376 1150 alte-

93 1168 184 1212 rius,
209 1169 256 1211 10,
281 1177 482 1214 aggressor
501 1166 717 1202 voluntarie
737 1165 961 1214 aggreditur
984 1172 1019 1203 et
1041 1172 1320 1214 consequenter
1339 1168 1376 1202 in

93 1219 306 1268 periculum
332 1223 469 1266 sponte
497 1229 578 1255 sese
604 1219 781 1265 conjicit3
810 1224 847 1254 at
881 1224 1015 1256 contra
1041 1220 1102 1255 ille
1135 1221 1200 1266 qui
1233 1220 1379 1267 patitur

93 1273 279 1319 injustam
307 1272 606 1319 aggressionem,
637 1282 714 1307 non
746 1271 961 1307 voluntarie
992 1273 1149 1319 patitur,
1183 1277 1219 1308 et
1248 1283 1378 1308 conse-

93 1329 254 1373 quenter
273 1325 311 1360 in
324 1324 492 1372 periculo
511 1335 588 1360 non
609 1328 743 1371 sponte
764 1335 845 1369 sua,
861 1324 926 1360 sed
942 1325 1167 1361 necessitate
1187 1329 1225 1360 et
1245 1325 1377 1372 injusti

93 1378 327 1426 aggressoris
354 1378 540 1424 pravitate
565 1378 735 1424 ponitur.
756 1398 801 1402 —
821 1380 872 1422 20,
895 1377 936 1413 ln
964 1378 1108 1424 injusta
1131 1378 1377 1425 aggressione

96 1431 258 1468 habetur
282 1430 429 1466 collisio
449 1430 611 1477 jurium,
640 1441 777 1476 nempe
800 1431 864 1477 jus
897 1431 934 1465 in
962 1431 1102 1477 injuste
1137 1431 1268 1466 invaso
1293 1441 1378 1466 con-

94 1483 269 1523 servandi
280 1483 476 1530 propriam
488 1483 607 1518 vitam
629 1483 667 1518 in
679 1482 875 1519 collisione
895 1494 983 1519 cum
990 1484 1077 1530 jure
1098 1484 1136 1519 in
1155 1494 1378 1530 aggressore

95 1534 346 1572 conservandi
357 1535 474 1571 vitam
492 1545 603 1570 suam
626 1546 633 1570 :
652 1546 696 1570 cx
709 1546 784 1582 quo
805 1536 979 1582 sequitur
995 1535 1098 1582 quod
1119 1536 1148 1570 si
1171 1540 1378 1582 utrumque

94 1588 156 1633 Jus
184 1592 313 1635 potest
340 1587 490 1632 salvari,
519 1587 566 1623 ad
587 1586 626 1622 id
647 1592 799 1623 tenetur
818 1588 884 1634 qui
909 1589 1195 1635 aggressionem
1221 1589 1379 1635 patitur.

95 1641 435 1676 Hincmoderamen
447 1640 652 1687 inculpacoe
666 1640 801 1685 tutelae,
818 1651 894 1687 quo
915 1640 1032 1676 homo
1050 1641 1191 1687 injuste
1213 1641 1378 1684 invasus,

96 1693 220 1739 primo
240 1696 393 1728 tenetur
418 1703 494 1728 non
515 1693 571 1728 uti
598 1692 736 1739 majori
756 1693 806 1737 vi,
831 1703 948 1739 quam
973 1693 1022 1728 sit
1046 1694 1305 1729 necessarium
1332 1692 1379 1728 ad

96 1745 396 1792 propulsandam
424 1745 609 1791 inJ'ustam
636 1745 935 1792 aggressionem,
969 1750 1011 1780 ut
1036 1750 1128 1792 puta
1162 1745 1298 1780 vulnus
1326 1746 1382 1779 in-

98 1797 228 1844 ssigere
248 1797 391 1843 injusto
413 1797 594 1841 invasori,
621 1802 658 1832 et
678 1798 805 1843 ipsum
825 1798 970 1832 viribus
994 1797 1042 1833 ad
1069 1797 1286 1833 nocendum
1306 1798 1381 1843 pri-

97 1859 196 1894 vare,
223 1849 351 1896 potius
377 1859 494 1895 quarn
518 1848 712 1893 occidere3
741 1869 785 1875 —
807 1849 969 1885 secundo
999 1860 1076 1884 non
1103 1850 1159 1884 uti
1184 1849 1381 1896 propulsa-

99 1902 200 1937 tione
222 1902 376 1948 inJustae
397 1901 666 1948 aggressionis,
688 1911 775 1936 cum
804 1902 990 1937 occisione
1011 1902 1068 1937 vel
1089 1902 1205 1937 etiam
1224 1902 1381 1937 vulnere

99 1954 231 2001 injusti
252 1954 499 2000 aggressuris,
521 1953 594 1988 nisi
612 1963 657 1988 ex
677 1954 915 1996 necessilace;
935 1958 970 1988 et
992 1958 1269 2000 consequenter
1288 1965 1381 1990 non-

99 2007 170 2042 nisi
191 2008 233 2042 in
255 2011 343 2042 actu
363 2005 619 2053 aggressionis
654 2016 661 2040 :
692 2010 729 2041 et
754 2006 784 2040 si
806 2016 874 2052 per
898 2005 1029 2053 fugam
1059 2010 1124 2042 aut
1156 2006 1230 2042 alio
1263 2005 1379 2042 modo

99 2063 222 2106 potest
248 2059 367 2094 vitam
397 2059 593 2105 propriam
621 2068 856 2102 conservare,
887 2058 934 2094 ad
958 2058 996 2093 id
1022 2062 1173 2094 tenetur
1200 2059 1380 2103 invasus;

100 2132 142 2138 —
162 2113 272 2148 tertio
292 2123 369 2147 non
393 2111 590 2147 intendere
610 2115 775 2146 mortem
796 2115 862 2146 aut
885 2111 1030 2147 malum
1051 2112 1247 2157 invasoris,
1276 2112 1379 2159 quod

98 2169 196 2200 esset
215 2163 383 2200 vindicta
403 2169 440 2200 et
469 2175 546 2200 non
574 2163 756 2208 defensio,
779 2163 843 2199 sed
864 2164 981 2200 vitam
1009 2165 1204 2212 propriam
1232 2175 1380 2201 conser-

60 2240 72 2266 ς
100 2228 205 2262 vare3
228 2237 272 2243 —
295 2222 432 2263 quarto
453 2217 598 2253 bonum
619 2216 721 2263 quod
751 2227 796 2252 ex
825 2216 968 2263 injusta
991 2217 1235 2264 aggressione
1257 2217 1383 2253 defen·

101 2270 205 2305 ditur
220 2270 425 2316 praevaleat
444 2270 547 2306 malo
568 2268 671 2317 quod
691 2269 854 2305 infertur
877 2280 886 2304 :
911 2280 1018 2306 secus
1041 2269 1210 2306 defensio
1238 2269 1381 2306 discor-

101 2323 208 2358 daret
225 2333 247 2357 a
266 2323 427 2367 ratione,
443 2326 480 2358 et
497 2326 774 2369 consequenter
792 2326 889 2358 esset
912 2322 1056 2368 illicita,
1078 2343 1122 2349 —
1143 2325 1192 2367 30,
1209 2323 1377 2364 Quaestio

103 2378 158 2409 est
174 2373 360 2410 exclusive
377 2373 423 2409 de
441 2374 584 2421 injusta
606 2375 873 2421 aggressione·
893 2384 982 2409 nam
1003 2374 1156 2418 quando
1178 2379 1234 2410 est
1251 2375 1377 2420 justa,

137 2458 282 2483 zaemsn.
306 2458 421 2483 Summa
441 2456 645 2492 uhilosophica.
663 2472 696 2476 —
713 2457 744 2484 T.
764 2458 812 2484 111.
1213 2458 1242 2484 ἐι
