1584 2569
343 123 422 152 aar.
442 124 467 149 1.
489 123 533 149 ηε
552 122 741 149 socinum
766 123 957 148 mammosa
986 122 1021 146 m
1050 121 1186 147 emens
1344 112 1409 147 28¹

543 240 795 279 Auricutus
819 238 984 275 ramus

735 321 809 367 (01)

430 403 486 441 De
500 403 677 440 societate
696 404 879 450 religiosa
906 403 948 438 in,
965 403 1108 450 genere.

170 507 198 543 Ι.
223 505 335 542 Notio
362 505 562 541 societatis
587 504 792 549 religiosae.
817 503 1017 538 Hominem
1047 502 1182 539 officiis
1218 502 1413 550 religionis

128 559 338 595 arctissime
357 556 544 604 adstringi
563 556 638 592 late
650 556 896 602 probavimus
916 556 1033 591 Artic.
1056 558 1099 592 32
1117 560 1153 591 et
1169 567 1273 603 seqq.
1298 558 1414 592 Porro

131 612 255 648 officia
274 610 470 659 religionis
490 613 526 646 et
538 610 687 645 interna
702 614 804 654 sunt,
817 612 853 645 et
865 612 1021 645 externa
1041 609 1182 655 (ibid.),
1196 620 1282 656 quae
1299 610 1416 645 homo

130 669 167 700 et
192 667 290 701 recte
321 673 550 710 cognoscere
582 667 619 698 et
646 662 705 709 pie
734 662 942 709 adimplere
970 662 1094 698 debet.
1124 683 1168 688 -
1196 663 1300 698 Sicut
1326 673 1417 709 ergo

127 717 287 753 societas
305 716 424 752 civilis
442 720 497 752 est
515 715 719 751 hominum
735 715 951 758 associatio,
975 718 1016 750 ut
1035 714 1178 750 viribus
1205 716 1324 750 unitis
1344 716 1417 750 sibi

127 770 286 805 invicem
304 779 416 815 opem
441 768 618 812 ferentes,
644 768 744 803 bona
767 772 848 802 tum
868 767 1039 814 corporis
1060 770 1143 802 tum
1165 768 1305 803 animae
1328 768 1417 804 saci-

128 823 201 857 lius
221 827 258 857 et
277 821 482 869 perfectius
501 825 799 867 consequantur,
823 831 908 867 quoe
926 819 995 855 soli
1016 822 1051 855 et
1069 823 1176 856 extra
1198 821 1416 857 societatem

130 874 302 910 obtinere
322 884 399 909 non
423 877 570 920 queunt
591 875 663 918 (50,
690 873 786 918 V11);
807 874 860 908 ita
879 873 1040 909 societas
1072 873 1253 920 religiosa
1272 877 1330 910 est
1350 874 1418 910 lio-

129 927 278 962 minum
300 925 502 962 associatio
528 929 572 961 ut
601 926 746 960 mutuis
779 926 942 969 auxiliis,
978 926 1125 962 facilius
1152 930 1189 961 et
1215 927 1417 973 perfectius

129 989 175 1014 ea
195 988 282 1026 quae
300 981 388 1014 sunt
406 978 602 1022 religionis
624 977 874 1024 adimpleant.
888 999 933 1004 -—
948 979 1036 1014 Haec
1053 983 1108 1014 est
1123 979 1228 1015 notio
1245 981 1418 1027 generica

129 1030 318 1069 societatis
349 1030 557 1077 religiosae,
590 1041 707 1077 quam
735 1030 893 1076 quidem
919 1031 1105 1077 paulatim
1139 1031 1419 1072 declarabimus

132 1088 169 1122 in
190 1086 263 1121 hoc
282 1087 365 1133 ipso
386 1087 562 1123 articulo.

180 1140 226 1175 ΙΙ.
246 1139 364 1175 Homo
388 1144 530 1175 natura
547 1150 617 1175 sua
638 1140 686 1176 ad
707 1142 934 1177 societatem
959 1143 1179 1187 religiosam
1206 1145 1420 1182 ordinatur.

132 1191 284 1226 Etenim
310 1191 428 1227 homo
455 1192 710 1227 essentialiter
731 1192 984 1239 adstringitur
1005 1195 1052 1229 ad
1079 1195 1205 1230 officia
1228 1196 1424 1244 religionis

131 1255 224 1291 erga
244 1245 362 1280 Deum
382 1244 630 1291 adimplenda
651 1246 832 1291 (quorum
857 1246 1095 1293 praecipuum
1117 1252 1173 1282 est
1194 1251 1235 1283 ut
1256 1254 1356 1285 recte
1377 1250 1424 1286 de

133 1298 208 1332 Deo
224 1297 393 1343 sentiat),
410 1302 446 1333 et
464 1302 741 1344 consequenter
756 1298 1011 1344 adstringitur
1028 1300 1075 1335 iis
1090 1301 1272 1336 omnibus
1290 1303 1425 1338 officiis

131 1359 217 1395 quae
237 1354 325 1385 sunt
344 1349 390 1385 de
411 1352 548 1385 natura
570 1350 769 1397 religionis
794 1354 874 1386 tum
897 1352 1087 1387 interioris
1116 1356 1198 1388 tum
1225 1356 1424 1391 exterioris

131 1403 262 1448 (Artic.
287 1404 331 1438 32
351 1407 389 1438 et
408 1405 543 1449 seqq.).
566 1404 682 1449 Atqui
704 1404 822 1439 homo
847 1415 891 1439 ex
913 1405 1038 1451 seipso
1054 1416 1131 1441 non
1154 1411 1278 1452 potest
1301 1419 1424 1455 neque

133 1459 236 1491 recte
253 1455 392 1490 sentire
411 1455 456 1490 de
478 1457 550 1491 Deo
569 1457 642 1500 (33,
658 1455 736 1502 ΙΙΙ),
759 1467 882 1503 neque
901 1457 1111 1504 adimplere
1133 1470 1218 1506 quae
1237 1461 1425 1505 pertinent

134 1507 183 1543 ad
212 1507 438 1554 religionem
470 1511 551 1543 tum
583 1509 806 1544 interiorem
826 1512 908 1544 tum
934 1510 1177 1547 exteriorem.
1210 1513 1313 1548 Sicut
1333 1524 1425 1560 ergo

133 1560 359 1596 necessitate
378 1561 447 1596 sibi
466 1561 694 1608 procurandi
716 1562 986 1608 perfectionem
1009 1564 1222 1599 naturalem
1241 1565 1357 1602 homo
1379 1578 1425 1602 ex

133 1613 301 1658 impulsu
327 1617 475 1649 naturae
495 1614 717 1650 societatem
747 1615 897 1651 civilem
921 1616 1004 1659 init,
1028 1616 1081 1651 ita
1103 1620 1139 1652 et
1160 1622 1280 1653 multo
1303 1621 1426 1666 magis

134 1676 156 1700 a
180 1669 318 1701 natura
347 1666 557 1712 impellitur
579 1667 628 1702 ad
648 1668 870 1704 societatem
892 1669 1127 1716 religiosam,
1158 1681 1179 1705 a
1206 1682 1282 1717 qua
1310 1672 1427 1708 habet

132 1718 261 1754 media
279 1718 328 1754 ad
345 1719 661 1755 satisfaciendum
677 1720 932 1756 nobilioribus
944 1726 981 1757 et
999 1721 1277 1772 difficilioribus
1291 1726 1426 1761 officiis

135 1771 212 1806 suis
231 1771 434 1816 religiosis.
456 1772 611 1818 Nempe,
635 1775 700 1807 aut
714 1774 934 1819 negandum
953 1777 1009 1809 est
1024 1774 1223 1811 hominem
1243 1779 1427 1814 naturali·

133 1826 192 1858 ter
204 1822 252 1858 ad
272 1823 497 1869 religionem
518 1824 707 1872 adstringi
734 1826 853 1872 (quod
874 1827 1125 1872 probavimus
1155 1829 1366 1866 absurdum
1390 1836 1427 1867 et

133 1875 324 1923 impium),
348 1881 416 1911 aut
437 1876 725 1912 concedendum
747 1883 803 1913 est
819 1879 948 1925 ipsum
969 1890 1051 1915 esse
1071 1884 1206 1917 natum
1231 1882 1279 1917 ad
1307 1884 1426 1920 socie-

136 1932 256 1964 tatem
277 1928 513 1974 religiosam.

180 1981 245 2016 111.
261 1981 364 2017 finis
379 1982 579 2018 societatis
590 1983 783 2028 religiosas
798 1987 858 2020 est
871 1986 1141 2030 principaliter
1152 1989 1192 2023 et
1205 1988 1427 2027 immediate

133 2033 298 2070 interior
312 2034 478 2070 hominis
495 2035 682 2079 perfectio
693 2036 734 2072 in
752 2037 885 2073 ordine
899 2038 947 2073 ad
964 2038 1094 2074 Deum.
1115 2039 1201 2074 Haec
1215 2043 1426 2087 propositio

135 2090 261 2132 potest
286 2086 418 2122 haberi
438 2089 479 2121 ut
502 2098 570 2134 per
589 2098 628 2122 se
653 2093 759 2124 nota.
783 2091 878 2125 Nam
903 2090 1095 2126 societatis
1127 2092 1316 2139 religiosa}
1340 2096 1427 2131 finis

135 2138 354 2185 principalis
374 2143 408 2174 et
432 2139 680 2176 immediatus
708 2152 783 2177 non
809 2142 912 2178 aliud
933 2153 1014 2179 esse
1035 2148 1160 2189 potest
1183 2146 1257 2181 nisi
1276 2147 1424 2193 religio,

136 2190 237 2226 unde
262 2191 507 2227 constituitur
527 2194 564 2227 et
591 2193 876 2230 denominatur.
899 2195 972 2231 Sed
1000 2196 1135 2243 religio
1165 2199 1427 2245 principaliter

136 2248 173 2278 et
190 2243 412 2279 immediate
427 2248 484 2280 est
498 2245 534 2280 in
551 2245 782 2292 perfectione
799 2248 972 2284 interiori
987 2248 1154 2285 hominis
1173 2251 1211 2286 in
1226 2251 1359 2287 ordine
1378 2253 1425 2288 ad

140 2296 258 2330 Deum
284 2295 343 2342 (32
374 2302 412 2332 et
440 2298 579 2344 seqq.).
601 2299 672 2334 Iste
694 2310 784 2346 ergo
806 2305 863 2338 est
883 2302 970 2337 finis
992 2301 1214 2350 principalis
1235 2307 1272 2339 et
1292 2304 1425 2341 imme-

138 2347 264 2383 diatus
284 2349 477 2386 societatis
497 2350 699 2397 religiosae.
