1584 2569
193 107 258 139 262
279 115 336 140 Jus
353 116 502 141 iurum:
523 118 593 142 un.
617 119 655 142 u.
678 119 756 145 car.
775 119 811 142 u.
835 119 877 142 ni:
897 118 1087 143 secutum
1108 119 1177 143 ew.
1195 119 1230 143 m
1247 119 1286 143 sn
1303 118 1472 143 specum

194 186 229 221 in
250 188 511 224 monarchiam
529 191 564 224 et
578 189 863 236 polyarcltz'am.
882 189 1024 234 Prima,
1044 190 1325 225 utvoeabulum
1351 190 1475 237 ipsum

194 240 396 285 significat,
430 252 544 276 unam
574 252 780 288 personam
814 242 1012 289 physicam
1039 255 1047 287 3
1082 243 1202 279 altera
1229 253 1316 278 vero
1350 243 1476 288 plures

194 293 369 339 physicas
391 304 588 341 personas,
608 298 649 330 ut
679 295 894 342 subjeetum
914 296 1154 331 auctoritatis
1177 296 1360 341 postulat.

238 346 284 382 11.
305 347 448 383 Formae
467 348 628 383 diversae
642 349 839 393 regiminis
859 349 1109 394 polyarchici.
1130 349 1265 385 Forma
1280 348 1479 395 regiminis

191 399 424 446 polyarchici
446 401 648 436 commode
663 411 749 436 curn
766 402 802 437 S.
821 401 981 443 Thoma,
1004 402 1102 443 1.De
1117 402 1309 448 Reyimine
1324 401 1477 437 Princi-

191 453 1477 500 pum,Cap.I.dividipotestindemocratiametaristocratiam.Regi-

194 515 281 539 men
295 505 587 542 democraticum
601 510 757 542 vocatur
774 507 821 543 ab
835 508 1015 553 Angelico
1030 507 1096 550 ib.‚
1105 512 1322 554 potentatus
1324 506 1476 553 populi,

192 558 344 604 quando
352 558 497 593 scilicet
506 559 673 605 populus
682 559 914 605 plebeiorum
921 562 1202 606 perpotentiam
1216 559 1480 596 multitudinis

192 611 377 656 opprimit
396 611 544 648 divites.
562 613 614 647 Ex
636 623 711 658 quo
732 612 836 648 vides
856 613 1129 649 democratiam
1148 613 1186 648 in
1208 623 1368 660 pravum
1390 623 1478 647 sen-

195 674 278 698 sum
308 665 512 711 usurpari:
539 675 607 700 nec
630 665 734 700 aliud
761 669 873 701 sonat
899 666 1129 701 vocabulum
1156 665 1249 700 illud
1270 665 1308 700 in
1332 676 1396 700 ore
1419 676 1478 700 re-

194 717 314 751 centis
328 717 586 760 radicalis-mi,
604 719 675 754 nisi
685 719 898 764 potentiam
912 718 1175 754 multitudinis
1190 723 1324 754 contra
1334 718 1479 753 bonum

195 770 347 805 sociale.
370 771 551 806 Attamen
571 771 817 807 Democratia
839 772 876 807 in
898 772 998 808 bono
1016 771 1133 807 etiam
1156 782 1267 807 sensu
1287 782 1309 806 a
1329 772 1365 806 S.
1389 771 1480 806 Doc-

195 826 274 858 tore
303 823 489 869 accipitur
508 824 585 859 1-11.
614 824 683 866 Qu.
712 825 783 861 CV.
813 825 930 862 Artic.
953 826 981 861 Ι.
1004 829 1041 860 et
1062 829 1117 860 est
1134 829 1300 871 poteslas
1327 822 1478 870 populi,

194 886 269 911 non
291 876 392 923 leges
414 876 581 921 ferentis,
603 880 644 912 ut
673 878 846 913 moderni
873 878 1024 922 docent,
1056 878 1120 913 sed
1141 881 1330 924 quatenus
1351 887 1396 912 ea:
1410 887 1479 923 po-

193 928 565 975 pularibuspossunt
575 930 886 977 eliyiprincipes,
897 935 929 966 et
939 929 1484 976 adpopulumperlinetelectio

193 983 426 1028 princt'pum.
447 1003 494 1008 —
514 983 550 1018 Si
570 994 657 1019 vero
675 984 891 1030 respublica
918 983 1210 1018 administretur
1237 994 1303 1029 per
1323 992 1478 1029 paucos,

196 1035 382 1070 virtuosos
406 1038 549 1079 tamen,
582 1036 805 1082 hujusmodi
834 1036 1003 1082 regimen
1032 1035 1286 1071 aristocratia
1311 1038 1479 1078 vocatur,

196 1086 233 1121 id
255 1091 309 1122 est
330 1090 551 1133 potentatus
570 1089 738 1135 optimus
754 1088 811 1124 vel
828 1089 1071 1134 optimorum,
1085 1088 1150 1134 qui
1166 1092 1370 1134 propterea
1388 1087 1483 1134 opti-

197 1143 319 1174 mates
338 1139 525 1175 dicuntur.
546 1141 697 1176 Abusus
718 1141 833 1187 hujus
855 1141 1054 1188 regiminis
1070 1144 1228 1176 vocatur
1248 1139 1480 1185 oliyarchia‚

195 1202 260 1227 seu
281 1191 494 1227 dominatio
510 1192 683 1237 divitum,
706 1197 824 1237 etest,
846 1192 999 1239 quando
1011 1192 1135 1238 pauci
1145 1196 1304 1238 propter
1321 1191 1482 1226 divitias

195 1244 417 1290 opprimunt
426 1243 583 1290 plebem,
605 1246 688 1281 sola
706 1245 932 1291 pluralitate
955 1256 979 1280 a
997 1249 1159 1291 tyranno
1182 1244 1408 1290 differentes.

241 1297 309 1332 111.
333 1298 476 1335 Formae
492 1299 691 1345 regiminis
710 1298 959 1335 monarchici.
982 1299 1164 1344 Regimen
1194 1295 1479 1332 monarchieum

197 1350 400 1397 dupliciter
435 1352 618 1387 dividitur
650 1351 777 1398 quoad
813 1362 923 1387 suam
957 1351 1146 1398 originem
1166 1361 1174 1394 ;
1211 1354 1247 1385 et
1282 1349 1487 1396 tripliciter·

196 1403 325 1450 quoad
347 1415 457 1439 suam
476 1405 642 1440 sormam
662 1416 726 1440 seu
747 1404 876 1451 quoad
893 1414 1005 1439 suum
1024 1403 1262 1439 exercitium.
1289 1422 1325 1428 ⁴—
1348 1401 1479 1443 Quoad

197 1456 381 1503 originem
400 1462 456 1492 est
469 1458 758 1493 haereditarium
771 1457 827 1493 vel
841 1456 1046 1493 electivum.
1065 1457 1235 1490 PrImum
1251 1459 1308 1490 est
1327 1454 1480 1500 quando

199 1514 350 1545 mortuo
378 1521 466 1557 rege
492 1511 547 1546 vel
571 1512 814 1556 imperatore.
843 1509 905 1544 ille
933 1509 970 1544 in
996 1519 1114 1554 regno
1149 1507 1330 1552 succedit,
1361 1507 1425 1553 qui
1458 1517 1480 1541 a

200 1562 345 1608 legibus
372 1564 464 1609 ipsis
491 1563 593 1598 illius
618 1564 728 1609 regni
755 1563 811 1598 vel
836 1561 1114 1597 consuetudine
1141 1560 1313 1607 legitima
1336 1558 1482 1605 praede-

201 1615 442 1659 terminatur,
471 1616 548 1651 sive
569 1616 616 1651 sit
637 1616 750 1660 filius,
773 1616 847 1650 sive
869 1615 1102 1661 quicumque
1130 1613 1243 1648 alius.
1264 1632 1309 1638 —
1335 1613 1483 1647 Monar-

198 1668 286 1704 chia
312 1679 399 1703 vero
427 1669 584 1705 electiva
604 1674 693 1704 tunc
707 1669 871 1704 habetur
888 1666 1042 1714 quando
1067 1671 1219 1701 mortuo
1238 1666 1295 1701 vel
1311 1667 1485 1701 cessante

199 1721 424 1765 monarcha,
445 1722 578 1758 electio
593 1733 733 1757 novum
756 1732 886 1768 regem
904 1720 1079 1766 designat
1092 1720 1199 1766 juxta
1211 1719 1314 1765 leges
1329 1720 1484 1765 praesta-

199 1775 337 1809 bilitas.
379 1775 510 1817 Quoad
549 1786 636 1810 vero
678 1775 843 1810 sormam
888 1773 945 1809 vel
987 1772 1221 1816 exercitium,
1262 1770 1483 1807 monarchia

200 1827 379 1862 dividitur
406 1828 442 1862 in
475 1828 701 1872 absolutam,
727 1831 968 1873 temperatam
995 1829 1029 1861 et
1050 1824 1396 1871 repraesentativum
1418 1833 1480 1858 seu

199 1880 556 1917 constitutionalem.
574 1901 620 1907 -
635 1880 819 1916 Absoluta
834 1882 887 1915 est
904 1878 1058 1926 quando
1081 1888 1234 1913 summa
1253 1877 1367 1912 totius
1388 1876 1484 1922 regi-

202 1934 314 1968 minis
337 1945 451 1979 penes
473 1945 590 1970 unum
609 1938 679 1979 est,
703 1934 775 1969 sive
803 1934 849 1968 sit
871 1942 951 1976 rex,
974 1932 1049 1967 sive
1068 1932 1288 1977 imperator,
1308 1929 1364 1964 vel
1385 1939 1485 1975 quo-0

201 1997 365 2032 cumque
392 1987 467 2022 alio
496 1988 652 2022 nomine
679 1990 946 2033 nuncupetur;
984 1985 1038 2020 ita
1072 1993 1209 2029 nempe
1240 1985 1282 2017 ut
1314 1981 1484 2028 plenaria

203 2042 390 2084 potestate
410 2039 576 2087 gaudeat
594 2045 661 2087 p‘er
682 2040 850 2085 seipsum
873 2037 1016 2074 serendi
1038 2037 1140 2083 leges
1162 2035 1200 2070 in
1222 2035 1367 2070 bonum
1390 2034 1485 2070 mul-

203 2091 390 2137 titudinis,
423 2093 502 2128 sine
530 2092 785 2140 dependentia
806 2103 827 2127 a
848 2091 996 2137 legibus
1018 2088 1352 2135 pra‘existentibus
1372 2086 1486 2122 civili-

203 2145 272 2180 bus
298 2144 353 2180 vel
374 2155 561 2181 consensu
589 2146 805 2191 principum
834 2144 1160 2180 subalternorum.
1187 2162 1231 2166 —
1267 2140 1486 2186 Temperata

202 2202 271 2242 est,
300 2198 454 2244 quando
475 2198 680 2234 Monareha
706 2197 939 2245 quibusdam
965 2196 1113 2242 legibus
1133 2192 1486 2229 fundamentalibus

203 2252 307 2297 regni
342 2252 606 2297 obstringitur,
638 2252 776 2297 quibus
802 2253 972 2298 potestas
1002 2249 1083 2295 ejus
1113 2250 1344 2290 coarctatur,
1373 2248 1487 2292 atque

203 2305 356 2351 insuper
375 2305 527 2340 nonnisi
555 2304 709 2341 adscitis
736 2303 971 2351 principibus
993 2300 1237 2343 subalternis,
1261 2310 1293 2335 e.
1325 2310 1376 2346 g.,
1399 2300 1487 2334 Rec-

203 2358 352 2393 toribus
380 2358 665 2405 provinciarum
691 2357 747 2393 vel
778 2357 1092 2404 municipiorum,
1127 2358 1194 2389 aut
1227 2363 1359 2388 eorum
1389 2351 1487 2387 dele-

434 2501 451 2513 a
