1584 2569
199 127 267 162 204
363 135 422 161 ms
441 135 592 161 nitrum
610 132 681 160 mn.
702 135 743 161 n.
765 134 845 160 cn.
865 135 891 160 1.
913 134 957 160 na
977 134 1168 162 SOCIETATE
1194 136 1387 164 nom-:snm

200 206 353 254 quando
375 206 523 242 nullum
549 206 777 242 alimentum
809 205 974 253 amplius
994 206 1110 243 habet
1133 218 1155 244 a
1177 218 1352 255 passione
1373 219 1482 245 amor

199 260 378 308 primitus
398 260 597 296 excitatus.
618 259 741 301 Quam
762 259 963 295 veritatem
979 260 1037 296 vel
1056 260 1136 308 ipse
1151 261 1369 297 Aristoteles
1394 272 1480 308 per-

197 314 322 360 spexit
340 313 377 348 in
398 312 479 348 Lib.
496 311 578 347 VIII
598 311 825 348 Ethicorum
844 311 933 359 Cap.
955 312 1019 348 XII
1040 323 1048 348 :
1077 327 1096 347 «
1120 313 1314 358 Homines,
1341 315 1480 361 inquit,

197 365 422 413 conjugium
453 364 620 401 subeunt
650 375 727 400 non
767 364 891 400 solum
924 366 1211 412 procreationis,
1248 365 1313 403 sed
1347 377 1481 403 eorum

197 420 314 455 etiam
345 418 468 465 gratia
493 427 579 464 quae
609 416 657 453 ad
684 417 808 464 ipsam
835 417 1037 454 conferunt
1058 419 1190 456 vitam.
1218 419 1351 456 Officia
1374 430 1481 456 nam-

197 483 271 518 que
291 471 473 507 continuo
500 474 589 506 sunt
609 469 742 513 divisa,
770 474 886 517 atque
911 470 986 508 alia
1007 472 1092 517 viri,
1119 472 1195 508 alia
1221 476 1310 508 sunt
1335 473 1480 517 uxoris,

197 526 316 572 Opem
346 525 474 570 itaque
502 523 573 559 sibi
597 527 732 559 mutuo
757 522 896 568 serunt,
923 534 982 559 res
1009 525 1183 571 proprias
1210 525 1249 561 in
1277 535 1481 561 commune

197 582 394 625 ponentes.
425 576 666 623 Quapropter
700 575 771 611 hac
799 576 838 611 in
867 577 1037 613 amicitia
1067 578 1212 613 utilitas
1235 578 1333 614 inest
1367 582 1481 624 atque

195 631 383 678 voluptas.
408 629 488 665 Erit
512 633 642 664 autem
659 632 696 664 et
719 628 767 664 ob
788 629 982 675 virtutem,
1007 629 1123 666 etiam
1144 630 1314 666 amicitia
1334 630 1366 666 si
1389 630 1478 666 boni

196 685 301 719 sint:
329 687 385 719 est
417 683 519 718 enim
555 682 752 727 utriusque
785 682 904 718 virtus
941 694 943 696 ·
979 686 1094 728 atque
1125 682 1198 718 hoc
1224 683 1306 730 ipso
1343 682 1480 731 gaude-

196 737 304 772 bunt.
323 749 342 768 »
363 755 406 762 —
426 736 548 781 Atque
562 735 681 770 virtus
697 745 719 770 a
739 734 923 781 religione
947 740 1016 770 est.
1034 735 1078 770 Et
1092 734 1176 770 ideo
1204 735 1336 782 religio
1365 736 1481 771 socie-

196 794 314 825 tatem
333 788 582 824 domesticam
603 792 801 824 conservat
814 792 853 824 et
869 788 1059 835 protegit3
1081 788 1248 835 irreligio
1263 792 1393 824 autem
1409 788 1481 823 (115-

195 842 308 877 solvit
341 845 455 888 atque
490 840 688 876 interimit.
726 840 820 876 Hinc
861 840 1203 887 superexcellentia
1243 841 1479 877 matrimonii

195 894 392 930 christiani
414 904 422 928 :
446 892 549 940 quod
572 903 659 929 cum
684 893 734 928 sit
754 897 1033 929 sacramentum
1048 903 1239 939 magnum,
1261 893 1480 940 significans

195 947 504 994 conjunctionem
535 945 674 982 Christi
694 956 782 982 cum
811 945 989 990 Ecclesia,
1011 950 1069 982 est
1094 945 1209 981 simul
1229 956 1274 982 ex
1294 945 1368 982 hoc
1396 946 1479 992 ipso

195 1000 447 1036 essentialiter
474 999 710 1046 religiosum,
735 998 919 1046 religione
945 998 1099 1044 initum,
1121 999 1305 1046 religione
1327 1009 1479 1034 conser-

196 1053 373 1096 vandum,
395 1051 580 1099 religione
600 1050 890 1098 perficiendum.
916 1051 1105 1087 Praeclara
1125 1051 1189 1087 illa
1206 1056 1295 1087 sunt
1313 1050 1350 1086 S.
1373 1051 1480 1087 Pauli

195 1106 332 1151 Ephes,
354 1105 395 1139 V.
415 1106 459 1140 25
482 1116 489 1138 :
522 1104 618 1148 Viri,
638 1104 792 1150 dilz‘yz‘te
808 1114 943 1139 amores
963 1109 1117 1149 vestras,
1133 1104 1233 1142 sicut
1251 1108 1285 1142 et
1305 1103 1480 1142 Christus

193 1159 328 1194 dilexit
348 1157 574 1200 Ecclesiam,
598 1161 631 1192 et
650 1157 815 1202 seipsum
836 1156 1001 1192 tradidit
1024 1167 1096 1202 pro
1121 1166 1178 1192 ea.

237 1211 301 1247 111.
320 1211 496 1247 Potestas
508 1213 655 1245 mutua.
672 1209 874 1244 Vinculum
889 1209 1127 1244 matrimonii
1142 1219 1273 1245 amore
1287 1209 1481 1257 reciproco

195 1273 336 1299 nexum
366 1262 567 1299 ordinatur
590 1261 637 1297 ad
665 1262 970 1309 procreationem
997 1262 1128 1308 prolis.
1154 1263 1275 1309 Igitur
1300 1273 1398 1298 uxor
1415 1263 1481 1309 jus

196 1316 310 1351 habet
328 1320 370 1351 ut
387 1315 579 1361 concipiat
599 1325 645 1350 ex
660 1324 728 1350 suo
749 1314 842 1358 viro,
865 1319 902 1349 et
920 1315 977 1349 vir
992 1315 1055 1361 jus
1072 1315 1188 1350 habet
1205 1320 1247 1350 ut
1262 1325 1307 1350 ex
1325 1326 1364 1351 se
1385 1326 1478 1350 uxor

195 1379 265 1404 svca
288 1368 387 1403 filios
407 1371 594 1414 procreet.
616 1367 710 1402 Hinc
735 1371 870 1402 mutua
890 1371 1059 1413 potestas
1078 1367 1150 1402 viri
1177 1368 1216 1403 in
1236 1378 1373 1414 corpus
1390 1378 1478 1402 uxo-

195 1421 246 1456 ris
272 1425 308 1456 et
331 1420 461 1456 uxoris
484 1420 522 1454 in
549 1430 686 1466 corpus
706 1419 789 1464 viri,
811 1420 849 1454 in
876 1419 936 1454 his
959 1424 1088 1455 tamen
1109 1430 1196 1466 quae
1221 1425 1311 1455 sunt
1331 1424 1479 1455 tantum

195 1472 240 1509 de
256 1474 332 1509 fine
353 1472 622 1520 generationis,
644 1471 719 1508 hoc
738 1476 793 1507 est
810 1471 858 1507 ad
881 1471 981 1507 filios
1002 1471 1258 1519 procreandos
1280 1483 1288 1507 :
1319 1486 1335 1505 ι
1366 1472 1482 1508 Uxori

195 1526 250 1561 vir
274 1524 447 1560 debitum
472 1524 619 1569 reddat,
647 1524 773 1570 inquit
800 1523 939 1559 Paulus
960 1523 974 1559 1
997 1524 1183 1568 Corinth„
1212 1525 1302 1571 Cap.
1323 1524 1387 1559 VII
1410 1525 1483 1559 :si

194 1578 335 1613 militer
347 1582 475 1613 autem
491 1582 633 1613 etuxor
643 1577 738 1612 viro.
752 1576 884 1611 Mulier
894 1576 952 1611 sui
967 1577 1138 1623 corporis
1158 1581 1385 1623 potestatem
1405 1587 1482 1612 non

194 1630 322 1675 habet,
346 1629 411 1666 sed
424 1631 493 1665 vir.
513 1629 695 1665 Similiter
707 1633 836 1665 autem
857 1633 894 1664 et
913 1629 970 1664 vir
986 1630 1045 1665 sui
1065 1630 1235 1676 corporis
1250 1634 1481 1677 potestatem

194 1694 270 1719 non
291 1683 419 1726 habet,
447 1682 512 1718 sed
539 1682 689 1718 mulier.
718 1682 841 1717 Nolite
868 1681 1044 1718 fraudare
1075 1683 1249 1727 invicem,
1279 1683 1352 1719 nisi
1385 1683 1483 1718 sorte

193 1746 239 1771 ex
256 1746 443 1771 consensu
460 1734 508 1771 ad
535 1740 700 1782 tempus,
729 1740 771 1770 ut
794 1735 935 1770 vacetis
958 1735 1136 1770 orationi.
1164 1749 1179 1768 ›
1202 1755 1245 1762 -
1269 1744 1309 1772 v.
1333 1737 1393 1771 3-5
1436 1756 1481 1761 —

194 1789 285 1829 Quae
308 1788 439 1824 omnia
458 1788 738 1834 sapientissime
757 1787 803 1823 ab
821 1787 1001 1835 Apostolo
1024 1787 1165 1824 tradita
1185 1788 1355 1824 innuisse
1373 1788 1476 1824 suffi-

193 1842 289 1886 ciat3
314 1845 439 1877 cetera
455 1841 503 1876 ad
524 1841 754 1877 moralistaS.
776 1840 830 1876 Ex
854 1840 994 1887 quibus
1011 1841 1258 1888 consequitur
1275 1840 1483 1888 dupliciter

194 1895 376 1941 conjuges
401 1904 571 1941 peccare,
601 1897 833 1941 potestatem
865 1893 923 1929 sui
950 1894 1121 1941 corporis
1147 1894 1231 1929 aliis
1257 1894 1443 1930 tradendo
1471 1905 1481 1939 ς

194 1948 336 1983 scilicet
365 1952 402 1983 et
430 1951 564 1983 contra
592 1947 822 1991 castitatem,
854 1951 890 1982 et
924 1951 1058 1982 contra
1084 1947 1291 1993 J'ustitiam,
1322 1946 1481 1990 utendo,

195 2001 302 2046 quasi
321 2005 417 2036 esset
437 2000 651 2047 proprium,
673 2010 832 2046 corpore
850 1998 952 2046 quod
973 2004 1030 2035 est
1044 1999 1213 2044 alterius,
1233 2010 1370 2046 nempe
1391 2011 1479 2035 con-

141 2056 143 2058 ·
193 2054 309 2099 jugis,
325 2063 412 2088 cum
431 2063 506 2099 quo
521 2053 556 2088 vi
573 2052 811 2088 matrimonii
826 2052 914 2099 jam
931 2062 1007 2088 non
1019 2056 1108 2088 sunt
1121 2052 1196 2088 duo
1208 2052 1272 2088 sed
1285 2063 1363 2090 una
1377 2063 1482 2097 caro,

151 2108 158 2131 Τ
195 2110 238 2142 ut
255 2106 395 2141 dicitur
415 2105 531 2141 Math.
550 2106 641 2150 XIX,
658 2108 691 2142 6.

160 2166 164 2204 j
241 2159 289 2194 IV
303 2159 525 2195 Auctoritas
542 2160 583 2194 in
597 2159 807 2195 domestica
825 2160 1024 2196 societate.
1038 2157 1092 2194 Ex
1107 2157 1356 2194 matrimonio
1374 2169 1484 2194 exur-

156 2213 158 2216 ”
196 2212 251 2259 git
279 2211 448 2248 Societas
481 2211 704 2257 domestica,
727 2212 906 2259 primitus
931 2212 1140 2248 constituta
1157 2221 1202 2246 ex
1229 2211 1376 2246 unitate
1394 2212 1481 2248 vitae

195 2265 300 2300 initae
319 2275 340 2300 a
359 2264 439 2301 viro
460 2274 548 2300 cum
569 2275 700 2300 uxore.
721 2265 878 2301 Necesse
904 2269 961 2301 est
978 2275 1068 2311 ergo
1086 2269 1128 2299 ut
1148 2264 1186 2299 in
1208 2263 1279 2300 hac
1299 2264 1480 2300 societate

196 2328 312 2364 parva
329 2318 367 2353 in
384 2327 437 2361 se,
457 2317 598 2353 virtute
618 2327 773 2364 magna,
793 2318 870 2353 imo
890 2317 1072 2361 maxima,
1091 2316 1181 2363 quia
1201 2327 1320 2363 genus
1347 2315 1481 2352 huma-

197 2381 304 2415 num,
338 2375 378 2406 ut
409 2369 554 2406 dietum
589 2375 657 2406 est.
698 2371 737 2406 in
771 2370 900 2407 radic-⁶,
932 2370 1115 2414 continet,
1153 2369 1283 2405 unicas
1316 2373 1480 2405 auctori-
