1584 2569
163 123 228 159 ¹40
301 134 360 160 Jus
380 135 539 161 NATURAE.
555 136 627 161 ΜΒ.
645 137 670 161 1.
687 137 763 162 cu‘.
779 137 815 161 11.
837 136 881 162 DE
901 137 976 162 051².
999 137 1086 162 ΗΘΜ.
1108 135 1205 164 ERGA
1218 138 1310 164 DEUM

160 205 284 250 bonis,
301 211 337 242 et
357 208 545 255 supplicia
559 209 670 246 malis
686 213 941 255 reservantur,
958 220 1121 258 quaeque
1135 211 1226 258 ipsis
1239 209 1452 247 Gentilibus

161 264 359 306 perspecta
378 260 463 296 fuit.
486 262 574 298 Haec
599 262 750 298 Roselli.

206 311 285 347 vn.
305 312 411 348 NOTA
429 313 475 349 11.
495 314 706 351 Solvuntur
720 315 985 353 difficultates.
1005 315 1175 364 Objectio
1189 316 1335 362 prima.
1353 317 1453 352 Deus

159 375 235 400 non
256 369 342 412 eget
359 365 552 413 obsequiis
572 372 848 404 creaturarum.
869 368 976 416 Ergo
997 368 1122 405 officia
1139 369 1335 416 religionis
1354 379 1453 404 vana

159 421 262 462 sunt,
281 418 434 465 Deoque
449 419 649 466 injuriosa.

205 470 314 516 Resp.
329 471 432 519 Nego
450 475 752 520 consequentiam
766 478 803 510 et
817 474 1056 521 suppositum
1075 486 1150 521 quo
1166 475 1452 522 argumentatio

159 523 308 559 nititur.
338 523 570 562 Stultissime
599 527 701 562 enim
733 526 871 574 aliquis
909 527 982 563 hoc
1015 527 1131 563 modo
1164 528 1451 564 ratiocinatur:

159 575 269 612 Dives
287 587 364 612 non
382 582 468 625 eget
494 579 737 615 restitutione
761 579 892 616 decem
912 584 1150 616 scutatorum
1171 592 1179 626 ;
1201 580 1278 616 Rex
1299 591 1377 616 non
1399 581 1451 616 in-

160 628 264 676 diget
281 640 368 666 mea
389 631 624 678 gratitudine
644 632 693 668 ob
711 637 910 680 acceptum
928 633 1156 669 beneficium
1172 644 1182 678 3
1198 644 1288 680 ergo
1303 633 1452 669 resticu-

161 681 227 724 tio,
258 683 471 729 gratitudo,
496 688 697 731 ceteraque
727 685 952 732 hujusmodi
978 696 1078 721 vana
1098 690 1187 721 sunt
1213 690 1250 721 et
1277 685 1350 721 illis
1372 696 1452 732 per·

159 735 262 770 sonIS
283 735 483 782 injuriosa.
510 737 648 774 Procul
668 738 785 774 dubio
806 738 996 786 desiperet
1019 740 1084 785 qui
1109 739 1182 775 hoc
1202 738 1318 775 modo
1338 739 1452 774 ratio-

159 787 379 833 cinaretur;
405 789 629 836 hujusmodi
659 791 762 827 enim
796 791 924 828 officia
948 802 1025 827 non
1052 802 1098 827 ex
1127 791 1341 839 indigentia
1370 792 1452 838 ejus

159 840 220 875 cui
242 841 480 887 tribuuntur,
499 842 565 879 sed
580 854 626 879 ex
642 844 795 890 justitia
809 844 1027 880 definienda
1040 849 1130 880 sunt
1148 849 1184 880 et
1203 844 1448 892 imponenda.

159 892 257 940 Ergo
277 893 376 929 Deus
396 894 532 931 officiis
549 897 690 932 nostris
710 907 787 932 non
809 897 954 944 indiget
976 907 985 932 :
1004 901 1175 933 attamen
1195 898 1276 943 ipse
1297 897 1452 932 Creator

160 950 290 981 noster
312 951 381 992 est,
400 947 481 994 ipse
499 953 556 984 est
572 953 703 985 noster
719 949 879 984 ultimus
893 949 982 985 finis
998 959 1006 984 :
1026 959 1116 997 ergo
1135 960 1180 985 ex
1195 948 1358 996 justitia
1375 959 1450 984 ser-

160 997 306 1033 vandus
330 1003 387 1034 est
409 1000 515 1043 ordo,
544 1011 620 1047 quo
648 1012 852 1048 operemur
884 1001 1095 1037 secundum
1119 1000 1222 1047 quod
1246 1002 1326 1048 ipse
1352 1001 1451 1037 Deus

159 1055 228 1094 est,
255 1051 465 1088 secundum
492 1053 596 1099 quod
618 1064 688 1090 nos
711 1058 896 1091 creaturae
920 1054 1002 1101 ejus
1027 1065 1185 1090 sumus:
1212 1054 1304 1099 Deo,
1327 1054 1451 1101 inquit

160 1103 196 1138 S.
224 1103 404 1150 Thomas,
437 1116 512 1141 non
547 1106 744 1143 exhibetur
768 1107 923 1154 aliquid
941 1111 1103 1154 propter
1122 1106 1205 1154 ejus
1231 1107 1451 1150 utilitatem,

158 1155 222 1191 ced
243 1162 404 1203 propter
431 1158 513 1205 ejus
540 1159 708 1205 qloriam
736 1159 1006 1206 [extrinsecam
1039 1159 1196 1206 quidem
1224 1160 1315 1204 Deo,
1345 1164 1387 1195 ut
1413 1160 1451 1195 in

159 1208 403 1257 Cosmologia
422 1211 469 1256 (8,
489 1211 548 1256 lv)
572 1211 718 1248 dictum
739 1213 824 1259 est],
846 1217 1016 1248 nostram
1031 1217 1156 1248 autem
1183 1212 1402 1248 utilitatem.

206 1260 376 1308 Objectio
392 1263 569 1299 secunda.
592 1264 738 1311 Religio
763 1269 820 1301 est
839 1265 961 1300 virtus
982 1265 1178 1312 pertinens
1198 1264 1450 1311 adJustitiam

158 1324 243 1358 quoe
271 1315 456 1362 importat
476 1316 751 1363 aequalitatem.
774 1318 889 1364 Atqui
914 1322 1091 1353 creatura
1116 1327 1194 1352 non
1220 1320 1346 1363 potest
1366 1316 1450 1351 red-

158 1365 246 1402 dere
266 1367 342 1403 Deo
366 1367 642 1415 aequalitatem.
665 1368 762 1416 Ergo
784 1380 862 1405 non
886 1374 1011 1417 potest
1035 1379 1157 1415 neque
1178 1373 1330 1405 tenetur
1349 1379 1448 1405 crea-

159 1424 244 1455 tura
263 1420 339 1456 Deo
358 1421 516 1457 reddere
534 1421 661 1458 officia
680 1423 890 1470 religionis.

203 1473 312 1519 Hesp.
342 1473 543 1521 Distinguo
572 1477 782 1511 minorem:
818 1480 991 1511 creatura
1023 1486 1100 1512 non
1132 1479 1258 1523 potest
1288 1474 1446 1511 reddere

157 1525 232 1560 Deo
266 1526 526 1572 aequalitatem
555 1528 786 1572 absolutam,
823 1529 1007 1572 conc-edm
1030 1529 1243 1573 relativam,
1267 1538 1372 1574 neqo.
1401 1528 1446 1563 Et

158 1588 255 1625 nego
283 1589 428 1626 conseq.
457 1599 501 1606 —
528 1580 606 1616 Hoc
628 1581 745 1616 etiam
771 1585 1045 1627 argumentum
1067 1581 1179 1616 inane
1200 1583 1372 1627 apparet,
1400 1580 1445 1623 si,

159 1635 200 1665 ut
222 1631 260 1665 in
285 1631 529 1678 praecedenti,
556 1634 796 1669 consimilem
817 1634 997 1680 ponimus
1020 1634 1355 1669 ratiocinationem
1375 1632 1447 1668 hoc

158 1682 288 1719 modo.
317 1684 520 1721 Restitutio
545 1690 601 1721 est
623 1690 730 1722 actus
763 1686 810 1721 ad
830 1686 1024 1733 Justitiam
1047 1686 1254 1733 pertinens,
1274 1695 1360 1732 quae
1378 1685 1447 1719 im-

158 1740 285 1783 portat
301 1737 576 1782 aequalitatem.
597 1739 712 1785 Atqui
729 1738 849 1774 Titius
869 1749 947 1774 non
967 1743 1093 1786 potest
1114 1737 1272 1774 reddere
1292 1741 1446 1774 centum

157 1793 306 1825 scutata
335 1790 461 1826 Petro.
492 1791 590 1839 Ergo
622 1791 743 1827 Titius
772 1791 868 1826 nihil
897 1795 1049 1827 tenetur
1083 1791 1193 1826 Petro
1230 1790 1446 1834 restituere,

157 1842 307 1878 etiamsi
332 1844 468 1890 viginti
491 1849 652 1889 scutata,
682 1854 768 1891 quae
789 1843 948 1880 reddere
975 1844 1108 1891 possit,
1139 1844 1292 1880 habeat.
1314 1863 1359 1871 —
1378 1843 1449 1878 Ab·

158 1894 275 1931 surda
296 1900 352 1931 est
378 1896 460 1933 haec
489 1898 745 1942 ratiocinatio,
772 1897 836 1933 sed
860 1908 936 1933 non
959 1897 1089 1932 minus
1113 1896 1280 1932 absurda
1305 1900 1360 1931 est
1383 1895 1448 1930 illa

159 1958 244 1993 quae
262 1953 396 1985 contra
415 1950 542 1986 officia
561 1951 758 1997 religionis
779 1954 951 1997 urgetur.
973 1950 1050 1985 Deo
1071 1950 1203 1995 utique
1222 1949 1268 1984 ab
1290 1947 1447 1984 homine

158 2011 235 2037 non
255 2007 382 2050 potest
400 2003 508 2040 reddi
527 2004 731 2051 oequalitas
747 2003 959 2040 secundum
978 2003 1196 2039 absolutam
1216 2002 1448 2049 aequalitatis

92 2083 105 2098 2
158 2055 519 2101 considerationem,
544 2068 610 2094 seu
641 2071 657 2090 ι
687 2068 765 2094 non
790 2061 916 2104 potest
942 2060 1094 2092 tantum
1126 2055 1297 2091 exhiberi
1329 2065 1445 2101 quan-

114 2150 117 2153 *
162 2111 242 2143 tum
268 2108 303 2144 ei
325 2107 499 2154 debetur,
525 2109 591 2146 sed
620 2109 831 2146 secundum
858 2108 1067 2156 quamdam
1099 2107 1445 2144 considerationem

113 2167 115 2170 ·
161 2160 340 2196 humanae
366 2161 572 2207 facultatis,
606 2168 644 2199 et
675 2163 813 2199 divinae
839 2162 1111 2209 acceptationis
1139 2175 1173 2206 ι,
1203 2165 1245 2195 ut
1272 2160 1446 2196 observat

161 2212 197 2249 S.
225 2213 406 2259 Thomu,
440 2214 536 2260 11-11‚
570 2216 639 2257 Qu.
670 2215 822 2260 LXXXI,
854 2216 969 2251 Artic.
987 2214 1030 2258 V,
1055 2213 1102 2250 ad
1132 2215 1166 2249 3.
1185 2212 1292 2249 Unde
1311 2213 1445 2259 religio

159 2271 292 2304 nostra
306 2268 343 2303 in
363 2268 484 2304 Deum
505 2268 632 2304 deficit
652 2268 808 2314 quidem
835 2279 857 2304 a
875 2268 1024 2304 ratione
1044 2266 1230 2303 absolutae
1251 2265 1446 2312 aequalita-

161 2319 222 2364 tis,
244 2320 311 2356 sed
328 2325 451 2357 servat
471 2322 661 2358 rationem
681 2320 813 2366 debiti,
828 2320 982 2368 quando
1005 2321 1082 2356 Deo
1105 2320 1308 2356 tribuimus
1329 2329 1445 2366 quan-

162 2376 244 2408 tum
264 2374 431 2411 tribuere
448 2385 674 2422 possumus:
691 2375 788 2410 sieut
805 2375 995 2410 rationem
1011 2372 1131 2409 debiti
1145 2375 1310 2409 servaret
1323 2372 1444 2407 Titius
