1554 2569
113 108 177 142 100
202 118 340 144 ErfflcA.
355 118 423 145 un.
441 120 477 145 ιι.
490 119 567 146 cir.
584 120 636 146 111.
646 120 690 145 mc
700 120 847 146 ACTIBUS
857 120 942 147 nun.
960 122 997 147 m
1015 122 1096 147 ono.
1109 121 1154 147 An
1168 121 1300 156 renui«,
1315 113 1403 147 Ere.¹

108 189 207 225 ratio
234 190 359 226 finalis
386 191 479 238 legis
504 196 561 228 est
585 191 731 228 bonum
763 203 969 229 commune
997 204 1144 239 eorum,
1171 193 1309 240 quibus
1334 192 1403 237 lex}

107 241 334 288 imponitur.

155 293 264 335 Quod
292 295 323 331 si
349 295 464 332 modo
491 296 753 333 consideretur
784 297 901 333 homo
928 301 970 333 ut
996 309 1084 345 pars
1110 297 1302 334 societatis
1327 296 1404 337 Ιιυ-,’
1439 345 1441 347 ¹

108 356 247 392 manae,
272 347 406 383 eadem
426 348 619 385 conclusio
640 349 815 385 infertur.
836 350 932 385 Nam
952 361 1090 397 corpus
1109 349 1247 386 sociale
1264 360 1310 386 ex
1329 340 1402 387 ho·
1438 350 1442 356 “

107 398 276 435 minibus
293 400 483 445 coalescit,
502 402 568 448 qui
590 412 667 437 non
687 406 730 437 ut
750 401 1024 438 detrimentum
1045 403 1211 450 capiant,
1231 401 1298 438 sed
1314 412 1395 437 ma-
1381 421 1404 450 ‘f
1433 420 1439 447 ς

109 451 165 496 gis
196 455 239 487 ut
273 452 311 488 in
341 454 497 500 propria
530 457 667 490 natura
695 454 955 500 perficiantur,
994 455 1216 491 societatem
1247 455 1391 491 ineunt.

108 503 230 550 Igitur
244 504 305 540 lex
332 515 418 564 quae
441 507 595 554 respicit
619 507 857 551 societatem,
878 507 1024 543 bonum
1043 517 1122 544 non
1139 507 1252 543 unius
1270 507 1329 543 vel
1344 507 1398 543 al·
1399 501 1404 508 '

107 556 225 592 terius
246 558 460 604 proprium,
479 558 544 595 sed
564 569 769 595 commune
787 559 927 595 civium
944 559 1122 607 respiciat
1138 569 1289 595 necesse
1307 563 1393 595 est:

106 608 211 668 quod
231 609 387 656 quidem
405 610 550 647 bonum
568 621 772 647 commune
793 611 1015 647 immediate
1033 612 1107 647 erit
1122 611 1304 659 perfectio
1327 610 1396 646 ho

107 661 235 706 minis,
256 671 344 707 quae
365 673 431 709 per
450 664 671 699 societatem
697 663 823 710 ipsam
848 667 1090 710 procuratur,
1111 663 1277 699 mediate
1306 673 1394 699 vero

105 717 143 749 et
167 714 318 759 ultimo,
343 719 400 751 est
419 715 563 752 bonum
584 726 823 763 supremum,
852 727 919 752 seu
949 716 1109 752 felicitas
1135 726 1288 752 summa
1308 726 1394 764 quae

105 765 143 801 in
163 766 240 801 Deo
257 768 431 803 consistit
448 769 496 814 (6,
516 768 578 813 11).

151 818 215 854 111.
235 819 498 857 corollarium.
517 820 616 868 Ergo
634 821 731 856 ratio
752 820 878 856 finalis
898 820 1180 868 proximalegis
1197 824 1255 857 est
1274 819 1407 856 facere'

105 870 281 906 homines
306 872 507 908 virtuosos.
530 873 639 909 Ratio
665 874 769 909 enim
786 873 912 909 finalis
941 873 1078 909 ultima
1100 873 1194 920 legis
1219 877 1275 908 est
1297 872 1403 923 ordi-J

105 933 195 959 nare
216 923 393 961 homines
412 924 460 960 ad
480 925 615 971 Deum,
636 929 679 961 ut
697 936 789 962 mox
803 926 1009 973 probatum
1026 930 1095 962 est.
1117 925 1190 961 Sed
1207 924 1255 961 ad
1274 925 1396 961 Deum

106 986 181 1011 non
198 976 277 1011 itur
295 986 363 1023 per
379 977 514 1013 vitium
534 977 600 1013 sed
620 988 690 1024 per
706 978 880 1022 virtutes,
901 978 940 1013 in
958 978 1098 1024 quibus
1114 976 1284 1014 colendis
1300 988 1400 1024 prae«

104 1028 214 1074 cipue
242 1029 418 1064 consistit
442 1028 667 1076 imperfecta
685 1029 845 1066 felicitas
865 1029 980 1076 hujus
1000 1029 1089 1065 vitoe
1120 1030 1169 1075 (7,
1199 1028 1274 1074 IV).
1296 1029 1396 1076 Ergo

105 1080 201 1115 ratio
233 1080 360 1117 finalis
389 1082 567 1128 proxima
594 1081 689 1129 legis
717 1086 774 1118 est
807 1082 929 1118 facere
959 1082 1136 1118 homines
1169 1082 1360 1117 virtuosos
1384 1092 1394 1118 :

103 1142 272 1178 quorum
295 1132 380 1169 ideo
398 1137 454 1169 est
474 1133 570 1169 bene
590 1134 702 1170 subdi
719 1134 941 1182 legislatori.

149 1186 210 1221 IV.
238 1186 350 1222 Ratio
371 1186 580 1232 cujuslibet
604 1187 796 1223 individui
821 1196 899 1223 non
921 1190 983 1223 est
1009 1187 1157 1223 factiva
1181 1187 1291 1233 legis.
1321 1187 1397 1223 Lex

105 1247 270 1283 namque
290 1238 409 1274 active
429 1248 495 1274 seu
515 1239 554 1273 in
574 1238 792 1285 legislatore
812 1242 868 1274 est
889 1239 1096 1286 imperium
1113 1250 1122 1284 3
1144 1239 1291 1286 passive
1307 1250 1400 1275 vero

103 1289 246 1325 scilicet
265 1289 304 1325 in
322 1290 387 1326 illo
399 1290 459 1326 cui
473 1290 533 1327 lex
544 1291 761 1338 imponitur
772 1295 830 1327 est
846 1291 1032 1339 obligatio
1054 1301 1062 1326 :
1082 1301 1173 1338 ergo
1190 1291 1229 1327 in
1249 1291 1401 1338 legisla2

104 1346 185 1377 tore
217 1341 447 1378 subauditur
482 1344 695 1379 necessario
732 1343 996 1390 superioritas,
1029 1347 1066 1379 et
1097 1343 1136 1379 in
1165 1354 1209 1379 eo
1239 1344 1300 1379 cui
1332 1343 1394 1383 lex

104 1394 318 1441 imponitur
333 1394 566 1431 interioritas
582 1406 628 1431 ex
649 1405 725 1441 qua
744 1395 923 1431 subditur
942 1395 1123 1443 potestati
1149 1394 1399 1443 legislatoris:

104 1446 219 1482 Porro
240 1446 357 1483 homo
376 1446 595 1483 individuus
614 1448 772 1495 praecise
792 1452 834 1483 ut
852 1447 938 1483 talis
955 1452 1026 1494 est,
1049 1447 1124 1484 dici
1144 1448 1259 1494 nequi
1276 1447 1395 1494 impe-

103 1499 159 1534 rio
179 1499 289 1535 alteri
318 1499 504 1547 superior.
537 1499 637 1548 Ergo
666 1500 764 1536 ratio
794 1500 998 1547 cujuslibet
1026 1499 1213 1536 individui
1240 1511 1317 1536 non
1337 1504 1394 1536 est

103 1551 239 1587 factiva
262 1551 370 1599 legis.
392 1571 439 1578 -
461 1551 606 1588 Deinde
635 1551 681 1588 de
701 1552 849 1588 ratione
873 1552 969 1600 legis
997 1556 1054 1589 est
1085 1551 1262 1588 ordinare
1286 1556 1394 1589 actus

104 1603 294 1639 humanos
313 1603 362 1639 ad
397 1604 543 1640 bonum
563 1613 769 1640 commune
802 1604 920 1640 totius
951 1604 1213 1641 multitudinis
1243 1604 1304 1640 cui
1335 1604 1396 1640 lex

104 1656 329 1703 imponitur.
356 1655 541 1693 OrdInare
564 1660 694 1693 autem
713 1656 859 1703 aliquid
886 1656 924 1692 in
950 1657 1097 1693 bonum
1117 1667 1322 1693 commune
1339 1661 1401 1708 to7

105 1708 178 1744 tius
197 1708 459 1745 multitudinis
478 1719 559 1745 esse
582 1719 661 1745 non
680 1712 807 1757 potest
829 1709 902 1744 nisi
925 1709 1027 1745 illius
1051 1709 1117 1756 qui
1139 1719 1271 1746 curam
1296 1710 1401 1757 gerit

103 1760 220 1797 totius
237 1760 511 1797 multitudinis.
530 1761 630 1808 Ergo
647 1760 810 1798 condere
824 1761 949 1809 legem
959 1771 1038 1798 non
1057 1765 1185 1809 potest
1203 1763 1395 1808 pertinere

103 1812 149 1849 td
181 1813 371 1849 rationem
402 1812 606 1860 cujuslibet
643 1812 845 1857 individui,
875 1812 941 1849 sed
976 1813 1025 1849 ad
1053 1813 1176 1849 solam
1205 1813 1395 1850 rationem

103 1865 203 1901 illius
220 1875 408 1911 personae,
430 1875 518 1912 quae
538 1865 657 1901 totius
676 1865 938 1902 multitudinis
955 1875 1088 1902 curam
1110 1866 1221 1913 gerit.

146 1917 189 1952 V.
205 1917 257 1954 De
275 1918 373 1963 legis
394 1918 719 1963 promulgatione.
746 1918 856 1965 Legis
876 1917 1056 1954 deductio
1074 1918 1114 1953 in
1134 1918 1395 1965 cognitionem

97 1980 234 2005 eorum
254 1971 394 2016 quibus
411 1970 472 2006 lex
492 1971 718 2017 imponitur,
730 1974 891 2006 vocatur
903 1970 1169 2017 promulgatio
1189 1970 1296 2017 leqis.
1315 1970 1398 2012 Qua

100 2032 147 2058 ex
167 2022 392 2059 definitione
412 2022 588 2067 infertur,
610 2022 963 2070 promulgationem
983 2022 1107 2070 ipsam
1127 2032 1208 2058 esse
1229 2033 1398 2058 necessa-

100 2073 198 2109 riam
213 2073 262 2109 ad
279 2073 353 2109 hoc
372 2073 476 2121 quod
496 2074 557 2110 lex
580 2074 720 2110 habeat
739 2083 850 2111 suam
869 2074 1052 2110 virtutem
1076 2078 1114 2109 et
1136 2073 1340 2110 ordinandi
1357 2078 1395 2110 et

100 2125 311 2173 obligandi.
329 2125 374 2161 Et
392 2137 532 2162 revera.
551 2127 627 2163 Lex
651 2127 866 2174 imponitur
885 2126 970 2162 aliis
986 2136 1055 2173 per
1070 2125 1232 2162 modum
1250 2125 1395 2173 regulae

96 2181 137 2215 et
150 2187 356 2223 mensurae,
371 2183 414 2214 ut
431 2189 559 2226 supra.
578 2190 616 2215 n.
639 2179 667 2224 1,
684 2179 831 2216 dictum
848 2183 918 2215 est.
933 2177 1077 2226 Regula
1092 2182 1222 2214 autem
1236 2182 1274 2214 et
1287 2189 1394 2213 men-

100 2240 190 2267 sura
208 2230 423 2278 imponitur
445 2241 513 2278 per
538 2231 622 2276 hoc,
644 2231 749 2279 quod
771 2231 987 2280 applicatur
1007 2230 1081 2275 his,
1107 2240 1193 2277 quae
1219 2230 1394 2277 regulan-

103 2288 165 2318 tur
182 2286 221 2319 et
251 2287 537 2320 mensurantur.
565 2284 678 2331 Ergo,
705 2288 748 2320 ut
779 2284 842 2321 lex
869 2282 1016 2331 regulet
1036 2287 1073 2318 et
1092 2287 1302 2326 mensuret,
1322 2283 1394 2318 vir-

109 2339 302 2384 tutemque
321 2335 462 2375 haheat
482 2336 693 2386 obligandi,
717 2336 823 2385 quod
847 2340 905 2374 est
924 2335 1125 2386 proprium
1150 2334 1258 2385 legis,
1280 2334 1394 2373 debet
