1584 2569
196 121 265 156 284
301 131 359 157 sus
377 131 541 159 NATURAE.
562 133 634 158 un.
656 134 695 159 11.
716 134 792 158 eff.
812 134 864 158 tv.
887 134 930 159 na
947 134 1138 159 SchETATE
1153 134 1270 159 name.
1291 135 1327 159 m·
1345 135 1437 160 sese.

198 203 304 250 gioso
336 204 479 251 populo
512 204 740 250 exhibenda,
772 204 860 241 inde
881 210 917 241 et
938 206 976 240 in
1006 206 1101 253 Lege
1129 206 1247 242 veteri
1273 205 1487 242 sacerdotes

196 256 351 303 regibus
370 256 551 304 leguntur
570 257 687 293 fuisse
711 257 882 305 subjecti.
906 258 979 294 Sed
997 259 1035 295 in
1054 269 1152 295 nova
1173 259 1269 305 Lege
1290 263 1346 294 est
1366 269 1488 294 sacer-

198 309 348 345 dotium
370 310 498 355 altius,
518 322 584 357 per
599 311 703 357 quod
721 312 898 348 homines
908 312 1165 348 traducuntur
1178 311 1226 348 ad
1240 313 1341 348 bona
1360 312 1488 348 cceles-

197 363 263 398 tia.
301 363 405 398 Unde
437 364 474 398 in
511 364 593 410 lege
628 363 764 399 Christi
800 375 906 412 reges
939 364 1079 401 debent
1111 364 1376 401 sacerdotibus
1408 375 1489 400 esse

198 415 372 461 subjecti.
410 417 572 462 Propter
606 416 710 463 quod
742 417 970 453 mirabiliter
1001 429 1047 453 ex
1084 417 1211 453 divina
1248 416 1490 452 Providentia

198 468 343 503 sactum
373 471 443 513 est,
484 472 525 504 ut
557 470 595 505 in
627 471 802 506 Romana
832 471 939 514 urbe,
974 481 1091 518 quam
1129 471 1227 506 Deus
1265 470 1491 516 praeviderat

198 521 404 557 Christiani
425 522 556 569 populi
578 523 827 570 principalem
848 523 978 559 sedem
998 523 1183 568 futuram,
1206 523 1267 559 hic
1287 533 1372 558 mos
1392 532 1489 568 pau-

198 574 309 609 latim
329 574 564 620 inolesceret,
599 579 640 611 ut
666 577 864 612 civitatum
893 581 1057 612 rectores
1079 576 1342 613 sacerdotibus
1367 575 1491 621 subja-

199 631 340 663 cerent.
370 641 386 660 ι
408 648 453 654 -
484 629 569 664 Haec
590 629 871 675 sapientissime
893 630 930 666 S.
957 629 1142 674 Thomas,
1164 633 1201 665 et
1221 639 1287 675 per
1311 629 1395 676 ipsa
1409 628 1491 674 jam

200 690 334 715 sumus
364 681 401 716 in
428 681 598 717 themate
625 682 823 729 religionis
847 682 1058 726 catholica),
1089 682 1135 718 de
1160 692 1237 729 qua
1263 683 1301 718 in
1329 691 1491 725 sequen-

201 733 303 768 tibus
324 734 493 769 articulis
515 745 648 770 sumus
670 734 824 770 dicturi.

590 847 842 883 ARTICULUS
870 847 1104 884 SECUNDUS

813 924 884 969 (62)

609 1005 662 1041 De
687 1005 863 1041 Ecclesia
880 1005 1084 1042 catholica.

249 1100 278 1135 1.
297 1100 467 1135 Ecclesia
486 1100 641 1143 christi,
663 1110 731 1136 seu
748 1101 917 1136 Ecclesia
935 1100 1131 1136 catholica
1147 1108 1279 1135 veram
1293 1099 1495 1135 societatis

204 1156 382 1188 naturam
408 1153 481 1188 sihi
501 1153 688 1189 vindicat.
718 1154 804 1188 Hoec
824 1152 1033 1200 propositio
1058 1154 1156 1188 inter
1176 1152 1386 1188 catholicos
1420 1152 1495 1187 fide

203 1206 416 1241 certissima
435 1206 621 1240 retinetur
640 1208 676 1240 et
696 1205 895 1241 retinenda
912 1209 980 1241 est.
1005 1205 1171 1242 Societas
1192 1206 1296 1241 enim
1317 1205 1492 1251 generice

204 1261 360 1304 accepta
390 1260 446 1293 est
484 1257 687 1294 hominum
720 1258 923 1294 associatio
956 1258 1005 1294 ad
1042 1258 1343 1294 determinatum
1377 1258 1496 1292 finem

203 1310 516 1357 consequendum
547 1311 616 1347 sub
653 1321 732 1346 una
758 1321 941 1358 suprema
966 1311 1195 1346 auctoritate
1225 1309 1429 1345 ordinante
1455 1314 1491 1344 et

206 1362 406 1409 dirigente.
435 1362 507 1399 Sed
540 1363 706 1399 Ecclesia
731 1363 933 1408 catholica,
965 1367 1007 1399 ut
1036 1373 1153 1409 supra
1173 1372 1260 1397 cum
1292 1361 1327 1397 S.
1347 1360 1494 1397 Thoma

204 1417 491 1463 explicavimus,
514 1421 570 1452 est
596 1416 799 1452 hominum
827 1416 1028 1452 associatio
1050 1415 1098 1451 ad
1125 1417 1242 1451 finem
1269 1415 1494 1450 determina·

207 1473 303 1514 tum,
323 1469 386 1515 qui
412 1472 468 1505 est
487 1470 565 1505 vita
589 1474 744 1512 aeterna,
766 1468 1093 1514 consequendum,
1122 1468 1193 1503 sub
1216 1478 1293 1503 una
1316 1477 1494 1513 suprema

207 1523 432 1557 auctoritate
451 1521 604 1567 Christi,
627 1522 786 1568 ejusque
807 1521 845 1556 in
865 1521 977 1556 terris
998 1521 1136 1556 Vicarii
1156 1520 1319 1555 Romani
1340 1520 1493 1555 Pontifi-

206 1576 260 1611 cis
299 1575 501 1610 ordinante
539 1579 575 1610 et
613 1575 813 1621 dirigente.
859 1575 924 1609 Est
961 1584 1050 1621 ergo
1094 1572 1261 1609 Ecclesia
1307 1572 1493 1608 catholica

206 1628 405 1663 verissima
425 1627 601 1664 societas.
628 1648 673 1653 —
701 1628 778 1663 Huc
804 1627 948 1662 faciunt
968 1638 1012 1662 ea
1038 1636 1125 1672 quae
1147 1625 1193 1661 de
1224 1625 1391 1660 Ecclesia
1410 1625 1494 1671 ipsa

208 1681 353 1726 passim
379 1681 559 1727 leguntur
588 1681 626 1715 in
657 1680 780 1715 Sacris
810 1678 1010 1725 Scripturis
1041 1689 1049 1714 :
1080 1693 1096 1711 ‹
1125 1680 1263 1715 Beatus
1289 1689 1342 1722 es,
1371 1678 1495 1724 inquit

209 1734 380 1769 Christus
403 1734 586 1769 Dominus
607 1735 732 1778 Petro,
753 1733 885 1769 Simon
906 1733 1104 1777 Bar-sona,
1128 1732 1220 1779 quia
1240 1741 1329 1767 caro
1349 1735 1385 1766 et
1405 1741 1495 1766 san-

210 1788 294 1833 guis
313 1797 389 1822 non
415 1786 596 1822 revelavit
616 1786 697 1830 tibi,
720 1786 785 1823 sed
808 1787 919 1822 Pater
942 1796 1064 1830 meus,
1086 1785 1153 1832 qui
1179 1785 1217 1821 in
1243 1784 1346 1821 coelis
1366 1786 1433 1820 est.
1453 1785 1498 1819 Et

209 1851 279 1888 ego
311 1840 393 1876 dico
411 1840 491 1883 tibi,
511 1841 602 1887 quia
621 1843 662 1875 tu
683 1851 723 1876 es
742 1840 889 1884 Petrus,
909 1841 945 1874 et
972 1849 1086 1885 super
1110 1837 1208 1874 hanc
1233 1841 1383 1883 petram
1404 1835 1498 1872 aedi-

210 1892 334 1929 ficabo
356 1892 562 1928 Ecclesiam
595 1903 724 1929 meam
757 1892 906 1939 (Matth.
936 1892 1028 1935 XVI,
1065 1892 1134 1935 17).
1168 1910 1214 1916 —
1246 1890 1351 1925 Multi
1378 1899 1498 1925 unum

210 1956 348 1992 corpus
368 1956 502 1981 sumus
522 1946 561 1980 in
579 1945 741 1989 Christo,
765 1944 905 1992 singuli
932 1946 1062 1980 autem
1084 1943 1180 1979 alter
1201 1943 1358 1978 alterius
1380 1952 1499 1977 mem-

212 1999 281 2033 bra
307 1998 478 2043 (Roman.
502 1999 579 2043 XII,
601 1999 648 2044 5).
676 2018 722 2023 —
751 1997 862 2034 Dedit
882 1996 1072 2044 quosdam
1101 1995 1258 2042 quidem
1281 1994 1498 2041 Apostolos,

212 2051 403 2097 quosdam
427 2054 557 2086 autem
588 2051 813 2098 Prophetas,
848 2050 944 2086 alios
976 2059 1063 2084 vero
1095 2048 1372 2095 Evangelistas,
1406 2047 1500 2083 alios

213 2107 342 2140 autem
366 2107 538 2151 pastores
555 2107 590 2139 et
608 2103 795 2147 doctores,
819 2103 867 2139 ad
884 2102 1260 2138 consummationem
1279 2103 1500 2136 sanctorum

213 2158 252 2192 in
273 2167 370 2203 opus
395 2157 611 2197 ministerii.
641 2157 678 2192 in
705 2156 999 2192 aedificationem
1020 2155 1193 2200 corporis
1212 2153 1364 2196 Christi,
1383 2152 1504 2188 donec

214 2219 460 2244 occurramus
481 2220 615 2245 omnes
633 2210 671 2244 in
696 2210 882 2245 unitatem
906 2207 1007 2252 fidei,
1029 2212 1066 2243 et
1087 2206 1294 2253 agnitionis
1322 2205 1403 2241 Filii
1424 2205 1501 2249 Dei,

214 2264 253 2297 in
267 2263 391 2297 virum
406 2262 677 2308 perfectum...,
696 2262 828 2308 utjam
847 2272 922 2297 non
939 2261 1058 2296 simus
1070 2259 1218 2306 parvuli
1234 2259 1462 2294 fluctuantes
1487 2272 1501 2290 ›

216 2315 432 2361 (Ephesior.
454 2315 512 2355 1v‚
544 2316 675 2359 11-14).
703 2315 789 2350 Haec
812 2315 964 2361 aliaque
990 2314 1194 2348 innumera
1214 2321 1299 2359 quae
1323 2312 1503 2346 Doctores

215 2368 445 2413 exscribunt,
468 2372 598 2415 aperte
617 2368 881 2404 demonstrant
904 2366 1107 2402 Ecclesiam
1136 2364 1273 2400 Christi
1297 2373 1424 2399 veram
1447 2373 1503 2397 so·
