1584 2569
208 129 276 163 240
293 138 355 164 sus
374 137 537 164 numus.
555 139 625 164 mn.
644 138 684 165 11.
703 139 778 164 cn.
796 139 832 164 11.
849 139 893 165 ne
904 134 1092 166 socmufss
1106 139 1179 167 ew.
1198 141 1235 167 m
1251 142 1292 167 st.
1310 142 1480 169 specu-m

210 211 337 247 Status
371 210 555 258 potentia.
582 230 624 236 —
654 210 856 246 Multitudo
891 211 1040 247 socialis
1073 222 1150 248 non
1182 216 1238 248 est
1262 213 1482 259 proprietas

210 263 350 308 Status,
378 273 464 310 quae
489 263 608 310 possit
633 273 770 309 nempe
793 261 840 298 ad
866 261 997 300 Status
1022 264 1222 301 arbitrium
1248 265 1403 302 alienari
1422 266 1481 302 vel

209 316 351 351 destrui
370 326 378 351 :
399 326 506 352 secus
531 316 632 351 bona
651 319 688 351 et
711 315 788 351 vita
813 316 896 362 ipsa
917 316 1057 352 civium
1081 321 1204 353 essent
1229 318 1298 353 sub
1324 326 1480 353 Domino

207 369 351 412 Statuit,
376 379 452 403 non
479 378 585 404 secus
611 378 654 403 ac
677 377 768 414 grex
793 367 996 415 pecudum,
1023 369 1080 405 vel
1104 369 1275 416 lapidum
1302 381 1477 414 acervus;

207 421 271 457 sed
301 422 378 456 imo
408 421 579 467 potentia
601 420 733 456 Status
764 420 1015 456 essentialiter
1039 420 1239 457 ordinatur
1264 422 1308 457 ad
1337 423 1480 458 bonum

210 473 440 522 reipublicae,
463 478 620 521 propter
641 471 744 519 quod
768 474 879 509 unice
903 473 1051 510 meliori
1069 478 1106 509 et
1127 474 1284 510 faciliori
1306 476 1366 510 via
1388 476 1482 511 ohti-

209 528 377 565 nendum
403 531 540 562 natura
568 525 730 573 impellit
759 525 934 562 homines
956 525 1003 562 ad
1028 527 1247 563 societatem
1273 528 1481 564 efforman-

208 582 309 618 dam.
337 581 391 616 En
418 580 529 624 ratio,
557 589 603 615 en
626 584 776 623 natura,
804 589 850 614 en
878 589 1015 626 scopus
1047 579 1212 627 politicae
1246 581 1479 616 socialitatis.

205 635 303 682 Ergo
324 634 377 670 sic
397 633 525 669 Status
545 642 590 667 ex
607 631 773 667 naturali
794 631 920 667 officio
946 636 1097 668 tenetur
1118 633 1391 679 rempublicam
1413 645 1479 680 gu-

205 688 378 731 bernare,
396 690 439 722 ut
458 684 648 721 naturalia
666 684 755 731 jura
780 684 919 720 civium
940 695 1016 720 non
1043 684 1212 721 destruat
1236 684 1300 721 sed
1326 696 1480 722 conser-

205 744 319 775 vetet
337 740 459 774 soveat
480 741 669 784 quantum
692 740 829 784 potest,
852 736 949 772 sicut
969 741 1006 773 et
1028 737 1153 773 officia
1172 748 1217 773 ex
1239 738 1376 784 qnibus
1393 740 1479 784 Jura

205 792 270 828 illa
296 791 537 838 proveniunt.
557 788 665 831 Quod
691 794 820 825 autem
841 789 976 825 officiis
996 789 1248 837 adstringitur
1275 801 1365 837 erga
1392 801 1480 826 vera

205 850 242 880 et
276 844 392 880 realia
428 844 516 890 J'ura
556 842 725 886 alterius,
764 852 842 878 non
885 846 1010 890 potest
1053 853 1132 879 esse
1175 843 1282 890 origo
1320 847 1357 878 et
1395 843 1479 879 sons

206 897 379 933 omnium
404 896 565 943 jurium,
591 899 634 931 ut
658 905 704 931 ex
733 894 906 931 terminis
935 899 1050 942 patet.
1078 895 1189 942 Ergo,
1217 896 1288 931 nisi
1314 896 1412 931 cives
1439 896 1479 931 in

205 952 287 997 ipsa
320 950 501 985 societate
538 957 727 995 ponamus
767 946 980 995 expoliatos
1020 948 1125 983 omni
1155 949 1241 994 jure
1278 952 1314 983 et
1351 948 1476 984 officio

204 1001 383 1047 naturali,
413 1001 486 1037 hoc
513 1004 583 1045 est,
613 999 816 1036 destitutos
849 999 1102 1044 humanitate,
1136 999 1367 1046 impossibile
1399 1011 1479 1036 om-

205 1056 295 1090 nino
321 1059 377 1090 est
400 1058 442 1089 ut
466 1052 696 1099 Reipublicae
723 1051 851 1087 Status
870 1052 919 1087 sit
939 1052 1111 1087 omnium
1137 1052 1283 1097 jurium
1309 1052 1415 1099 origo
1441 1057 1479 1088 et

205 1108 301 1143 fons.

250 1161 311 1196 v1.
331 1160 592 1196 corollarium.
615 1157 712 1204 Ergo
734 1157 772 1192 in
791 1156 942 1203 Syllabo
959 1157 1015 1192 Pii
1033 1156 1092 1201 lx,
1114 1157 1250 1193 merito
1273 1157 1477 1194 damnatur

204 1212 415 1260 propositio
447 1210 587 1246 XXXIX
615 1220 623 1245 :
661 1223 676 1241 ι
707 1209 936 1256 Reipublicae
967 1209 1108 1253 Status,
1141 1213 1273 1256 utpote
1305 1210 1476 1246 omnium

200 1266 345 1312 jurium
364 1264 471 1311 origo
486 1267 523 1299 et
536 1262 634 1307 fons,
646 1263 732 1309 Jure
749 1261 917 1307 quodam
935 1261 1052 1308 pollet
1065 1260 1177 1297 nullis
1194 1262 1476 1310 circumscripto

202 1319 402 1354 limitibus.
426 1333 441 1349 »

248 1372 327 1408 VII.
344 1370 536 1415 Principia
553 1378 638 1415 quae
652 1368 890 1414 legislationi
908 1368 1078 1413 politicae
1096 1369 1301 1413 praesidere
1322 1369 1474 1405 dehent.

203 1425 339 1462 Omnia
356 1433 574 1472 percurrere
591 1431 677 1469 quae
694 1421 742 1457 ad
757 1421 967 1456 humanam
986 1421 1264 1468 legislationem
1283 1421 1475 1469 politicam

202 1478 394 1526 pertinent
432 1474 631 1512 excederet
672 1474 813 1510 limites
849 1474 1028 1520 praefixos
1068 1474 1178 1520 Operi
1221 1478 1369 1509 nostro.
1412 1474 1477 1509 Hic

202 1532 332 1578 igitur,
353 1528 560 1576 suppositis
579 1527 624 1562 iis
645 1526 824 1562 omnibus
847 1536 933 1571 quae
952 1525 998 1561 de
1015 1530 1153 1561 natura
1175 1526 1280 1573 legis,
1304 1537 1374 1562 nec
1398 1537 1475 1562 non

202 1583 247 1620 de
269 1583 416 1630 legibus
445 1579 624 1616 humanis
652 1578 743 1614 alibi
771 1578 976 1613 statuimus
1004 1579 1063 1622 (22
1080 1582 1117 1613 et
1136 1580 1209 1622 25),
1231 1578 1474 1614 solummodo

202 1635 389 1683 principia
409 1632 601 1681 generalia
614 1641 699 1678 quae
714 1631 753 1666 in
768 1630 923 1677 politica
939 1630 1176 1677 legislatione
1196 1631 1399 1677 praesidere
1415 1631 1475 1667 de-

201 1691 304 1734 bent,
326 1687 593 1724 indicabimus.
614 1704 659 1711 —
678 1684 724 1719 Et
743 1684 782 1718 in
799 1688 1038 1719 antecessum
1058 1684 1299 1730 Legislatoris
1316 1683 1474 1720 humani

201 1742 371 1779 officium
391 1744 447 1776 est
469 1738 658 1775 rationem
684 1735 865 1772 humanae
890 1735 1110 1772 socialitatis
1135 1746 1361 1783 cognoscere
1381 1747 1388 1771 :
1413 1737 1477 1772 illa

201 1795 303 1831 enim
328 1793 476 1830 ratione
503 1792 691 1838 ignorata,
713 1788 811 1825 nihil
836 1793 935 1824 recte
960 1788 1076 1824 statui
1102 1788 1248 1835 legibus
1276 1793 1401 1835 potest
1428 1789 1475 1825 ad

200 1847 451 1884 socialitatem
486 1845 610 1891 ipsam
638 1841 850 1890 pertinens.
880 1841 989 1877 Ratio
1019 1846 1147 1877 autem
1179 1841 1400 1877 socialitatis
1430 1852 1475 1878 ex

199 1902 275 1936 fine
300 1899 419 1947 ipsius
444 1896 638 1934 societatis
663 1894 878 1931 desumitur
904 1904 913 1929 ε
941 1894 1006 1941 qui
1033 1894 1120 1929 finis
1146 1898 1202 1929 est
1229 1898 1271 1929 ut
1301 1893 1476 1930 homines

199 1951 375 1989 associati
403 1949 519 1986 simul
546 1949 642 1984 bene
669 1947 821 1983 vivant:
843 1946 941 1994 Ergo
969 1945 1196 1994 legislatoris
1224 1946 1392 1982 officium
1418 1951 1475 1982 est

199 2016 287 2042 suas
305 2005 407 2051 leges
427 2004 481 2038 ita
501 2007 727 2048 temperare,
746 2003 789 2035 ut
804 2009 872 2046 per
892 1999 993 2046 ipsas
1017 1998 1192 2034 homines
1212 1998 1362 2034 valeant
1380 1999 1474 2034 bene

198 2059 336 2094 vivere.
364 2057 441 2092 Hoc
466 2059 596 2091 autem
622 2053 792 2089 officium
820 2052 892 2087 tria
917 2052 1126 2087 necessario
1153 2056 1190 2087 et
1216 2051 1374 2098 positive
1399 2052 1473 2086 im-

200 2114 328 2157 portat
346 2122 355 2146 :
389 2111 424 2144 1⁰
440 2112 483 2144 ut
499 2108 538 2142 in
554 2106 726 2152 subjecta
745 2104 992 2140 multitudine
1006 2104 1149 2140 bonam
1162 2104 1282 2139 vitam
1300 2104 1474 2139 instituat

198 2161 429 2210 Legislator3
465 2161 502 2195 20
527 2164 568 2194 ut
593 2159 810 2194 institutam
835 2160 1053 2201 conservet3
1089 2157 1127 2191 3⁰
1146 2161 1188 2192 ut
1213 2161 1472 2192 conservatam

199 2215 246 2252 ad
266 2214 426 2251 meliora
445 2217 681 2260 promoveat.

243 2266 441 2304 Institutio
462 2264 566 2300 bonoe
586 2264 684 2300 vitoe.
704 2262 760 2299 Ad
777 2263 918 2298 bonam
937 2262 1055 2297 vitam
1077 2260 1335 2297 multitudinis
1354 2262 1473 2298 socia-

197 2321 243 2356 lis
271 2316 548 2355 instituendam
574 2317 647 2351 tria
671 2316 919 2362 requiruntur
945 2325 953 2349 :
988 2316 1024 2349 1⁰
1053 2318 1095 2349 ut
1117 2314 1199 2360 ejus
1224 2314 1363 2359 unitas,
1391 2315 1472 2350 sine

199 2383 274 2420 qua
292 2371 452 2408 societas
474 2368 579 2406 nulla
600 2368 804 2409 consistere
826 2371 951 2404 notest
969 2371 1006 2403 et
1022 2375 1109 2413 quae
1130 2376 1211 2412 pax
1235 2367 1472 2412 nominatur,
