1554 2569
203 117 281 142 Am.
300 116 352 141 m.
374 115 417 140 nn
433 115 480 140 ns
503 114 581 144 QUAE
599 113 878 144 consuouumua
899 114 1007 139 ,serus
1029 115 1197 140 nummos
1217 115 1292 140 arc.
1369 107 1412 142 83

130 190 166 225 S.
184 189 364 233 Thomas,
382 187 481 234 quod
494 187 595 222 Deus
612 197 686 222 non
697 186 846 222 haberet
857 196 989 222 curam
1003 187 1048 222 de
1062 186 1208 223 actibus
1220 187 1410 223 humanis.

127 242 270 286 -1-11,
290 241 360 283 Qu.
379 240 471 284 XXI,
492 239 609 275 Artic.
631 239 691 275 IV.

173 295 234 330 XI.
245 293 362 329 NOTA.
377 292 589 328 Solvuntur
601 292 866 328 difficultates.
883 311 928 317 —
943 291 1113 338 Objectz'o
1125 293 1271 327 Prima.
1290 293 1411 328 Homo

127 347 276 383 actibus
295 345 372 380 suis
389 343 486 380 nihil
506 344 596 380 boni
611 344 784 390 nihilque
810 344 901 379 mali
928 344 1067 380 addere
1087 344 1163 380 Deo
1181 349 1320 391 potest.
1341 346 1412 381 Sed

127 399 176 435 ad
194 399 383 434 rationem
401 396 529 432 meriti
547 397 755 442 requiritur
774 396 876 442 quod
892 396 1009 432 homo
1031 397 1180 432 actibus
1195 398 1272 432 suis
1292 398 1329 432 in
1350 399 1413 433 bo-

127 463 222 488 num
240 451 299 487 vel
316 450 461 486 malum
486 450 642 485 alterius
662 453 764 496 agat.
783 449 882 496 Ergo
903 449 1020 485 homo
1042 451 1175 496 nequit
1197 451 1334 486 mereri
1356 452 1415 486 vel

128 503 314 540 demereri
334 502 435 550 apud
455 502 588 538 Deum.

173 557 281 603 Resp.
307 555 508 602 Distinguo
527 554 713 601 majorem
735 565 742 589 ε
770 555 890 590 Homo
914 555 1062 590 actibus
1090 556 1168 590 suis
1200 555 1295 590 nihil
1325 556 1413 591 boni

127 608 299 655 nihilque
315 608 408 643 mali
439 606 579 643 addere
602 607 678 643 Deo
700 611 824 654 potest
851 611 1040 654 quantum
1067 612 1123 643 est
1154 618 1199 643 ex
1221 612 1329 655 parte
1348 609 1414 643 Dei

129 661 287 698 concedo
303 672 311 707 3
330 665 520 708 quantum
546 664 601 695 est
622 670 668 695 ex
689 664 796 707 parte
817 660 935 707 ipsius
950 660 1132 705 hominis,
1149 671 1254 706 ⁷1er.
1275 662 1413 696 Procul

129 714 246 750 dubio
275 727 291 746 ‹
320 723 387 760 per
406 717 536 748 actum
562 712 731 748 hominis
756 712 832 749 Deo
857 712 1066 749 secundum
1095 724 1133 748 se
1160 714 1256 748 nihil
1290 718 1416 761 potest

129 776 353 810 accrescere,
385 765 444 801 vel
469 764 667 812 deperire3
699 764 765 801 sed
790 769 919 801 tamen
946 765 1077 810 homo,
1107 771 1296 812 quantum
1321 767 1360 802 in
1377 778 1415 803 se

129 823 197 863 est,
216 817 362 865 aliquid
376 817 568 853 subtrahit
586 817 676 862 Deo,
692 818 750 852 vel
765 818 798 853 ei
819 817 983 862 exhibet,
1004 828 1091 853 cum
1109 823 1247 863 servat,
1263 819 1321 854 vel
1338 830 1416 855 non

129 875 252 908 servat
277 869 466 914 ordinem,
495 880 609 916 quem
638 870 735 905 Deus
762 870 941 905 instituit.
963 884 978 902 ι
1006 869 1106 906 Ibz'd.
1130 870 1177 905 ad
1202 873 1232 906 1.
1261 871 1305 906 Et
1327 871 1417 907 hinc

129 928 184 960 est
204 922 308 971 quod
330 936 346 955 ι
365 922 464 958 Deus
486 932 532 957 ex
553 922 664 958 bonis
684 923 824 958 nostris
845 933 921 958 non
944 923 1083 968 quaerit
1105 924 1327 969 utilitatem,
1351 924 1415 959 sed
1462 938 1465 940 “

129 976 306 1024 gloriam,
322 974 360 1010 id
375 978 431 1010 est
451 973 802 1010 manifestationem
821 985 899 1010 suae
917 975 1102 1010 bonitatis
1120 976 1223 1021 quod
1238 977 1355 1012 etiam
1371 988 1416 1013 ex

129 1029 206 1064 suis
221 1027 400 1076 operibus
420 1027 559 1073 quaerit
577 1027 630 1071 (C.
655 1028 689 1072 8,
711 1027 772 1071 11).
795 1026 848 1062 Ex
870 1027 943 1063 hoc
959 1032 1089 1062 autem
1105 1028 1207 1074 quod
1227 1040 1314 1064 eum
1330 1030 1418 1065 coli-

130 1092 228 1124 mus,
250 1080 348 1116 nihil
379 1079 412 1115 ei
441 1080 634 1123 accrescit,
656 1079 722 1116 sed
749 1080 885 1124 nobis,
905 1083 941 1115 et
971 1079 1056 1115 ideo
1078 1085 1248 1117 meretur
1268 1082 1415 1128 aliquid

131 1145 151 1169 a
179 1134 270 1178 Deo,
293 1142 371 1169 non
398 1132 508 1179 quasi
540 1143 586 1168 ex
606 1132 747 1168 nostris
767 1132 948 1180 operibus
989 1132 1122 1179 „liquid
1146 1135 1179 1169 ei
1213 1140 1416 1178 accrescat,

129 1185 200 1222 sed·
229 1186 460 1232 inquantum
498 1189 656 1231 propter
688 1185 771 1231 eJus
806 1185 968 1232 gloriam
1009 1197 1228 1232 operamur.
1264 1202 1279 1219 ι
1316 1187 1415 1223 Ibid.

129 1240 199 1280 Qu.
227 1238 345 1274 CXIV.
366 1237 481 1273 Artic.
501 1237 529 1275 1.
548 1236 596 1273 ad
616 1239 651 1274 2.
736 1279 743 1285 ¹

178 1290 347 1338 objectio
360 1290 493 1326 altera.
512 1290 814 1326 Instrumentum
826 1290 921 1326 nihil
934 1296 1103 1328 meretur
1116 1297 1290 1339 respectu
1305 1304 1418 1340 agen-

130 1345 179 1379 tis
196 1342 300 1391 quod
318 1342 575 1378 instrumento
600 1343 733 1379 utitur.
756 1344 870 1389 Atqui
899 1343 1015 1380 homo
1037 1349 1093 1380 est
1117 1345 1417 1382 instrumentum

129 1396 207 1432 Dei.
225 1395 328 1431 Nihil
347 1406 437 1442 ergo
458 1394 560 1442 apud
581 1395 700 1431 Deum
716 1395 833 1431 homo
854 1400 1037 1432 meretur.

176 1450 284 1494 Resp.
300 1448 501 1495 Distinguo
518 1447 703 1494 majorem
719 1459 727 1483 ε
745 1448 1049 1484 Instrumentum
1066 1461 1206 1497 purum
1228 1444 1324 1486 nihil
1341 1463 1417 1487 me-

130 1506 245 1543 retur,
262 1500 441 1545 conced03
461 1501 774 1545 instrumentum,
794 1501 897 1548 quod
915 1506 1044 1538 tamen
1059 1502 1175 1538 libere
1186 1502 1354 1550 disponit
1372 1504 1418 1540 de

131 1554 289 1600 propria
307 1553 470 1598 actione,
488 1553 586 1589 nihil
602 1558 785 1599 meretur,
807 1565 914 1600 neyo.
936 1555 981 1589 Et
1008 1556 1327 1592 contradistincta
1346 1557 1418 1592 mi-

129 1607 220 1642 nori
232 1606 271 1641 in
284 1605 356 1641 hoc
372 1616 498 1650 sensu,
518 1617 615 1653 nego
636 1617 781 1654 conseq.
799 1626 846 1633 —·
862 1621 877 1639 ‹
896 1608 1018 1644 Homo
1033 1608 1086 1644 sic
1102 1614 1279 1644 movetur
1293 1620 1315 1645 a
1326 1610 1416 1653 Deo,

81 1683 91 1685 ἡ
129 1663 172 1693 ut
204 1659 518 1703 instrumentum,
547 1659 651 1705 quod
678 1663 807 1695 tamen
835 1670 911 1695 non
935 1660 1117 1705 excludit,
1146 1662 1239 1708 quin
1266 1667 1419 1697 moveat

128 1711 296 1758 seipsum
318 1721 385 1758 per
409 1710 575 1747 liberum
604 1711 823 1757 arbitrium,
857 1716 898 1747 ut
919 1723 965 1748 ex
999 1724 1116 1760 supra
1137 1714 1248 1749 dictis
1271 1714 1351 1759 (Qu.
1374 1715 1416 1757 X,

127 1764 242 1799 Artic.
265 1764 324 1808 lv)
341 1767 445 1810 patet
467 1764 520 1808 (T.
539 1766 595 1808 30,
618 1764 647 1798 X
668 1766 678 1809 )
696 1775 705 1810 ;
727 1769 763 1800 ct
784 1764 869 1800 idco
889 1776 956 1812 per
973 1776 1085 1801 suum
1106 1770 1234 1802 actum
1250 1771 1420 1802 meretur

129 1816 188 1851 vel
206 1815 424 1851 demeretur
441 1815 543 1862 apud
564 1816 697 1851 Deum.
725 1831 740 1848 ι
762 1816 863 1852 [bid.
885 1818 955 1858 Qu.
983 1818 1070 1863 XXI,
1093 1819 1208 1854 Artic.
1232 1819 1290 1863 1V,
1314 1818 1361 1854 ad
1382 1821 1416 1855 2.

177 1867 349 1915 objectio
371 1869 497 1903 tertia.
520 1868 714 1914 Quidquid
736 1870 774 1904 in
794 1869 951 1905 homine
975 1875 1044 1914 est,
1067 1882 1090 1906 a
1109 1871 1184 1906 Deo
1207 1876 1264 1906 est
1285 1876 1321 1907 et
1341 1872 1417 1907 Deo

129 1920 300 1956 debetur.
325 1920 425 1967 Ergo
444 1920 560 1955 homo
583 1921 679 1955 nihil
700 1925 869 1956 moretur
890 1921 992 1968 apud
1012 1922 1151 1957 Deum.

175 1975 282 2019 Resp.
296 1973 497 2019 Distinguo
512 1983 657 2019 conseq.
675 1973 795 2008 Homo
812 1973 907 2009 nihil
924 1979 1093 2010 meretur
1109 1976 1152 2010 de
1166 1976 1356 2022 condigno
1373 1988 1418 2012 ex

130 2027 256 2073 rigore
272 2026 448 2071 justitiae,
465 2026 646 2070 007z.cedo;
669 2025 764 2060 nihil
785 2031 954 2061 meretur
968 2027 1011 2062 de
1032 2038 1200 2074 congruo
1217 2033 1254 2063 et
1271 2029 1314 2065 de
1334 2040 1417 2065 con-

128 2079 329 2125 diqnitace,
352 2089 458 2125 neqo.
478 2099 522 2104 -
541 2079 697 2114 Justitia
728 2080 880 2126 proprie
898 2079 1000 2115 dicta
1032 2085 1088 2116 est
1107 2082 1208 2117 inter
1232 2083 1416 2128 aequalem

128 2132 305 2168 absoluta
331 2136 459 2167 autem
489 2132 688 2178 aequalitas
714 2143 790 2167 non
820 2137 945 2180 potest
974 2144 1052 2169 esse
1073 2134 1174 2170 inter
1198 2135 1417 2171 Creatorem

129 2189 167 2220 et
183 2188 398 2220 creaturam
416 2195 423 2220 :
443 2189 613 2220 attamen
634 2189 759 2232 potest
787 2196 867 2221 esse
884 2187 1085 2232 aequalitas
1100 2187 1311 2223 secundum
1334 2200 1417 2235 pro-

129 2237 361 2284 portionem,
383 2236 614 2282 inquantum
633 2237 774 2272 scilicet
795 2242 878 2273 tum
900 2238 998 2273 Deus
1019 2243 1101 2274 tum
1121 2239 1238 2275 homo
1261 2251 1417 2287 operan-

133 2295 192 2324 tur
211 2288 421 2324 secundum
439 2289 598 2324 modum
627 2300 751 2326 suum.
784 2289 916 2325 Modus
938 2295 1067 2326 autom
1090 2296 1125 2326 ot
1151 2303 1331 2328 mensura
1352 2293 1416 2328 hu-

131 2351 256 2377 manae
276 2341 427 2377 virtutis
448 2342 485 2376 in
507 2341 664 2378 homine
684 2347 739 2378 est
760 2353 782 2378 a
798 2344 898 2382 Deo:
923 2343 1023 2379 unde
1046 2345 1230 2380 meritum
1248 2344 1417 2382 hominis
