1554 2569
156 133 200 166 80
225 141 364 166 ETHICA.
386 141 457 166 Lm.
476 142 515 166 11.
533 142 608 167 ch‘.
625 143 665 168 11.
686 142 730 167 DE
744 142 886 167 ACTIBUS
900 142 1057 168 numms
1073 142 1110 167 m
1131 141 1275 177 ORDINE,
1294 141 1370 167 mc.

156 213 235 259 agit
258 213 296 247 in
323 213 535 260 profectum
552 214 611 250 vel
636 218 912 250 nocumentum
938 214 1107 250 alterius.
1130 213 1236 250 Unde
1257 213 1438 249 meritum

154 268 212 299 est
229 265 323 300 ordo
338 265 385 301 ad
401 267 691 302 retributionem
709 266 1119 313 secundumjustitiam
1135 277 1315 302 enascens
1329 276 1375 301 ex
1394 276 1438 301 eo

156 317 257 362 quod
279 318 423 364 aliquid
444 319 486 354 fit
507 319 545 354 in
567 319 722 355 alterius
741 319 991 355 commodum
1010 319 1071 356 vel
1090 323 1439 355 nocumentum.—

154 369 254 405 Ibz‘d.
273 371 388 406 Artic.
412 371 474 407 111.

201 423 280 458 VII.
305 424 566 461 corollarium.
597 425 717 472 lgItur
739 425 871 470 h0m0‚
895 425 1158 461 consideratus
1187 425 1375 460 exclusive
1398 428 1440 459 ut

154 475 359 522 singularis
385 482 421 511 et
452 478 600 523 privata
628 488 802 524 persona,
837 477 933 512 nihil
967 478 1119 525 proprie
1157 477 1228 512 sibi
1256 480 1436 513 meretur.

154 528 309 563 Justitia
324 529 426 563 enirn
454 530 606 575 proprie
635 534 790 575 accepta
809 533 865 564 est
894 529 942 565 ad
972 530 1136 565 alterum
1158 540 1235 565 non
1264 528 1312 564 ad
1343 529 1438 574 seip-

155 590 239 614 sum
259 590 268 622 ;
291 581 391 616 unde
413 586 450 616 et
468 586 524 616 est
541 581 587 617 ad
609 582 772 617 alterum
791 582 992 618 retributio
1016 581 1226 618 secundum
1244 581 1438 628 justitiam

155 643 200 667 ex
218 634 355 668 merito
379 634 616 680 proveniens.
638 655 683 660 —
701 634 802 670 Ibid.

200 686 297 721 VIII.
314 686 557 723 Conditiones
572 688 619 723 ad
639 688 820 723 meritum
833 689 896 724 vel
913 689 1154 724 demeritum.
1168 688 1298 723 Plures
1311 698 1438 723 recen-

155 742 287 772 sentur
314 739 553 774 conditiones
583 745 623 774 ut
656 741 754 775 ratio
783 741 911 775 meriti
938 741 996 775 vel
1025 740 1201 776 demeriti
1229 739 1437 783 habeatur;

155 790 443 837 principaliores
460 797 547 827 sunt
567 803 574 827 ε
599 795 632 828 1⁰
657 793 760 839 quod
777 794 876 829 actio
904 804 926 829 a
949 794 1124 829 libertate
1144 792 1348 840 procedat3
1373 792 1438 827 ubi

155 843 256 877 enim
274 843 430 879 libertas
453 844 593 889 deficit,
616 845 744 881 deficit
768 846 851 892 ipsa
867 845 1078 890 moralitas,
1103 850 1140 881 et
1160 849 1439 891 consequenter

156 895 238 941 ipsa
256 896 421 942 justitia,
446 907 562 943 quam
587 898 768 934 meritum
792 898 850 934 vel
879 898 1109 933 demeritum
1134 898 1371 944 important3
1394 918 1438 923 —

154 949 192 982 20
214 947 317 994 quod
343 949 441 984 actio
462 949 571 985 cedat
598 951 635 985 in
659 951 964 986 emolumentum
986 950 1141 986 alterius
1158 950 1215 986 vel
1232 960 1438 986 nocumen-

155 1005 251 1044 tum,
270 1005 312 1035 ut
332 1001 577 1037 manifestum
598 1007 655 1038 est
675 1013 719 1037 ex
738 1002 880 1038 tradita
900 1003 1018 1049 ipsius
1039 1003 1164 1039 meriti
1186 1003 1343 1038 notione
1365 1013 1373 1037 ε
1393 1022 1437 1028 —-

156 1055 192 1087 30
223 1053 326 1099 quod
344 1054 442 1089 actio
474 1054 512 1089 in
539 1054 671 1090 ordine
693 1055 739 1090 ad
764 1055 1069 1091 emolumentum
1096 1055 1252 1091 alterius
1272 1066 1349 1091 non
1376 1055 1437 1090 de-

155 1105 240 1140 beat
261 1106 351 1152 poni
371 1117 416 1141 ex
439 1107 621 1153 peculiari
647 1111 845 1143 contractu
867 1118 875 1143 :
905 1119 994 1143 nam
1018 1108 1057 1143 in
1084 1108 1158 1143 hoc
1183 1119 1272 1144 casu
1286 1108 1436 1154 justitia

154 1168 219 1192 seu
246 1158 459 1204 aequalitas:
486 1159 524 1194 in
545 1170 621 1205 qua
648 1160 830 1195 meritum
851 1160 1047 1204 fundatur,
1066 1164 1108 1195 ut
1137 1171 1182 1195 cx
1203 1170 1295 1195 mox
1315 1159 1439 1195 dicen-

154 1209 212 1245 dis
232 1211 390 1256 patebit,
418 1212 566 1247 actione
587 1212 668 1258 ipsa
689 1213 858 1258 ponitur,
886 1213 978 1259 quin
998 1217 1107 1248 aetus
1127 1212 1174 1248 ad
1195 1212 1310 1248 aliam
1330 1213 1438 1247 retri-

156 1263 353 1298 butionem
373 1275 418 1299 ex
443 1264 594 1310 Justitia
615 1264 814 1300 ordinetur
835 1276 843 1300 ε
866 1276 974 1301 secus
994 1265 1165 1301 abiretur
1184 1265 1223 1300 in
1242 1265 1436 1300 infinitum

156 1317 192 1349 in
216 1315 349 1351 ordine
373 1317 599 1352 meritorum
629 1321 666 1352 ct
692 1317 1005 1353 retributionum.
1024 1337 1069 1345 -
1092 1318 1236 1359 Quibus
1257 1317 1435 1353 omnibus

157 1369 376 1413 praemissis,
404 1370 614 1415 quaerimus
634 1374 764 1405 utrum
786 1370 903 1406 homo
928 1371 1048 1417 possit
1069 1371 1207 1406 mereri
1229 1374 1311 1405 tum
1335 1369 1436 1417 apud

154 1420 247 1455 alios
268 1421 456 1465 homines,
479 1427 561 1456 tum
582 1422 683 1468 apud
698 1423 933 1468 societatem,
957 1428 1039 1458 turn
1061 1422 1161 1469 apud
1176 1423 1310 1458 Deum.

199 1473 259 1508 IX.
279 1474 396 1510 Homo
407 1475 559 1510 actibus
573 1475 652 1510 suis
661 1478 791 1520 potest
806 1476 947 1511 mereri
961 1477 1025 1511 vel
1039 1476 1227 1512 demereri
1236 1478 1320 1511 tum
1334 1476 1434 1520 apud

153 1527 248 1561 alios
271 1527 456 1572 homines,
481 1531 566 1564 tum
588 1529 688 1573 apud
714 1529 952 1564 societatem.
974 1529 1164 1564 Probatur
1184 1528 1316 1575 prima
1336 1539 1433 1574 pars

155 1580 494 1625 propositionis.—
513 1580 666 1616 Justitia
679 1581 788 1627 ponit
802 1582 1062 1627 aequalitatem
1078 1581 1177 1616 inter
1187 1581 1363 1616 homines
1373 1593 1382 1626 3
1394 1586 1435 1616 ut

153 1631 293 1666 scilicet
314 1631 432 1667 homo
455 1643 577 1678 neque
602 1633 687 1679 plus
713 1644 835 1680 neque
861 1634 989 1669 minus
1016 1633 1155 1669 habeat
1177 1645 1293 1680 quam
1323 1633 1436 1670 debet

153 1683 305 1719 habere.
327 1685 441 1730 Atqui
459 1695 502 1720 eo
524 1685 606 1731 ipso
628 1685 731 1732 quod
751 1686 903 1732 aliquis,
928 1690 1021 1732 puta
1041 1687 1188 1731 Petrus,
1212 1686 1330 1722 libere
1356 1687 1435 1733 agit

153 1735 190 1770 in
214 1735 360 1771 bonum
385 1736 553 1781 alteriuS,
577 1748 610 1772 v.
634 1748 668 1784 g.
697 1737 804 1772 Pauli
828 1739 935 1784 (quin
958 1738 1007 1774 ad
1032 1738 1127 1774 illud
1154 1738 1345 1786 agendum
1373 1750 1433 1785 pe-

152 1787 285 1823 culiari
317 1789 550 1836 obligatione
578 1790 739 1836 justitiae
774 1791 978 1835 teneatur),
1018 1791 1158 1826 Paulus
1194 1791 1310 1826 habet
1350 1792 1434 1838 plus

152 1850 268 1887 quarn
289 1840 400 1876 debet
418 1841 579 1886 habere3
600 1846 636 1877 et
653 1853 696 1878 eo
724 1843 805 1889 ipso
827 1842 929 1889 quod
948 1843 1046 1879 actio
1064 1844 1165 1879 Petri
1189 1844 1308 1879 libera
1325 1843 1434 1880 cedat

154 1893 191 1927 in
211 1893 357 1929 malum
380 1894 552 1941 ejusdem
576 1895 695 1940 Pauli,
718 1896 779 1931 hic
804 1896 931 1931 minus
956 1896 1070 1931 habet
1097 1907 1212 1943 quam
1234 1896 1346 1933 debet
1369 1897 1434 1932 ha-

153 1945 253 1981 bere.
272 1945 370 1993 Ergo
390 1947 488 1982 sieut
508 1948 546 1983 in
563 1947 636 1983 hoc
652 1948 817 1984 secundo
832 1959 922 1984 casu
938 1949 1071 1984 Petrus
1091 1953 1243 1985 tenetur
1255 1960 1433 1997 compen-

152 2008 235 2034 sare
254 1998 396 2035 damna
414 2000 531 2036 Paulo
549 2001 655 2037 illata
666 2005 702 2037 et
719 2002 918 2036 restituere
928 2001 1120 2047 justitiam
1132 2002 1278 2047 laesam,
1295 2007 1331 2038 et
1345 2013 1432 2038 con-

152 2056 354 2096 sequenter
375 2051 591 2088 demeretur
612 2053 713 2100 apud
735 2054 917 2099 Paulum3
940 2054 994 2089 ita
1019 2064 1064 2089 ex
1090 2054 1238 2090 ratione
1258 2055 1431 2102 opposita

151 2103 291 2139 Paulus
319 2105 504 2151 recipiens
530 2106 674 2141 bonum
703 2117 748 2142 ex
780 2107 929 2142 actione
961 2106 1081 2142 libera.
1105 2107 1205 2142 Petri
1238 2107 1431 2154 (peculiari

152 2155 385 2202 obligatione
403 2169 479 2193 non
502 2157 658 2203 debita),
685 2163 835 2195 tenetur
858 2159 1057 2194 restituere
1079 2159 1338 2205 aequalitatem
1351 2160 1432 2207 jus-

153 2209 248 2244 titiae
268 2210 592 2256 recompensando
611 2212 767 2247 Petrum
788 2212 854 2258 qui
876 2211 953 2258 egit
974 2211 1012 2246 in
1030 2212 1334 2247 emolumentum
1359 2213 1430 2257 sui,

153 2266 189 2296 et
209 2262 274 2308 qui
297 2267 575 2309 consequenter
595 2268 765 2300 meretur
781 2264 881 2311 apud
905 2265 1047 2310 ipsum.
1068 2285 1113 2289 —
1137 2265 1213 2300 Hoc
1230 2276 1431 2312 argumen-

154 2318 235 2349 tum
254 2315 384 2361 paueis
402 2315 625 2362 complexus
645 2321 701 2352 cst
717 2316 930 2352 &Thomas
943 2316 1023 2361 1-11,
1039 2316 1110 2357 Qu.
1130 2317 1249 2362 CXIV,
1265 2318 1379 2354 Artic.
1402 2318 1429 2352 1.

154 2378 171 2399 ι
193 2367 383 2412 Meritum,
413 2367 551 2415 inquit,
573 2372 610 2405 et
638 2380 782 2405 merces
808 2369 855 2404 ad
879 2369 980 2404 idem
1014 2369 1242 2405 reseruntur.
1266 2369 1306 2405 ld
1327 2370 1428 2406 enim
