1554 2569
102 103 169 141 134
190 104 248 129 'US
264 104 417 130 NATURE.
434 105 507 130 LIB·
529 106 554 131 1.
574 105 650 131 CAP.
662 106 687 130 1.
703 105 746 130 DE
765 105 849 130 JURE
866 106 908 131 ET
925 106 1001 132 ΟΠ.
1018 106 1224 132 GENERATIM
1241 108 1384 133 SUMPTIS

96 176 149 210 ita
187 180 229 211 ut
259 186 391 212 revera
411 177 547 214 officiis
581 188 672 225 erga
708 178 773 213 illa
806 177 982 214 homines
1008 178 1286 215 devinciantur.
1315 180 1384 216 Cui

94 228 301 274 quaestioni
321 230 536 277 respondeo
557 242 565 266 :

139 281 186 317 11.
205 282 325 318 Bruta
339 284 502 328 aliaeque
514 287 704 321 creaturae
720 284 968 321 irrationales
981 295 1065 321 esse
1078 289 1278 331 nequeunt
1298 286 1384 322 sub-

91 334 194 379 jecta
213 336 368 381 jurium,
388 341 670 382 consequenter
686 338 793 373 nullo
811 337 936 374 officio
954 339 1252 385 adstringuntur
1264 339 1384 375 homi-

92 396 159 422 nes
180 397 271 433 erqa
284 389 364 424 illa.
386 389 587 425 Probatur.
600 390 667 425 Jus
683 394 720 425 et
742 389 913 425 officium
934 394 1023 426 sunt
1043 390 1241 427 facultates
1258 402 1383 427 essen-

95 440 235 476 tialiter
247 441 425 487 morales,
439 446 480 478 ut
494 453 539 479 ex
554 442 664 478 dictis
676 442 1029 490 in'praeoedentibus
1044 444 1215 480 articulis
1228 443 1383 480 abunde

91 497 254 529 constat.
276 493 469 531 Moralitas
496 500 625 531 autem
646 506 668 531 a
687 495 864 531 libertate
885 499 928 531 ut
948 506 970 532 a
989 507 1104 533 causa
1126 497 1384 533 essentialiter

91 547 276 593 requisita
294 547 468 594 procedit
489 550 537 593 (9,
561 548 640 593 III),
661 559 683 584 a
703 559 779 595 qua
795 549 913 584 etiam
933 548 1129 586 derivatur
1147 550 1383 597 imputabili-

91 602 148 634 tas
184 600 394 645 actionum,
431 601 606 647 ratioque
642 601 767 636 laudis
801 601 859 636 vel
892 602 1072 649 vituperii
1105 602 1179 638 illis
1218 602 1379 640 adnexa.

89 652 203 698 Atqui
225 652 357 688 bestiae
378 658 510 689 carent
530 654 707 690 libertate
725 654 816 700 quia
836 659 966 690 carent
989 655 1138 691 ratione
1166 666 1212 691 ex
1239 666 1315 702 qua
1340 661 1383 691 ut

90 715 112 739 a
129 714 244 741 causa
264 707 387 741 oritur
405 706 562 742 libertas
582 707 654 752 (Ps.
674 708 708 751 4,
732 707 793 752 ΙΙ).
824 707 924 755 Ergo
946 708 1079 744 bestiae
1103 712 1235 745 carent
1257 718 1383 745 mora-

89 757 208 803 litate,
248 763 285 793 et
305 760 748 806 consequenterjuribus
765 765 803 796 et
821 759 968 796 officiis.

134 810 295 846 Aliunde
329 811 475 857 bestiae,
498 812 828 849 consentientibus
860 812 1100 859 adversariis,
1131 824 1208 850 non
1238 814 1382 850 habent

90 862 216 899 officia
233 875 324 912 erga
343 875 425 900 nos.
451 865 488 900 Si
511 866 630 913 igitur
652 877 722 901 nos
745 870 963 902 teneremur
989 867 1124 903 officiis
1151 878 1242 914 erga
1266 868 1380 914 ipsas,

90 917 181 963 ipsis
223 917 355 953 bestiis
395 919 657 955 inveniremur
695 919 906 955 inferiores.
958 919 1066 961 Quod
1102 925 1291 966 quantum
1332 921 1382 956 sit

90 969 315 1015 absurdum,
336 981 449 1007 nemo
472 982 548 1007 non
566 971 682 1007 videt.
705 993 750 997 —
775 972 958 1019 Denique,
984 977 1027 1008 ut
1048 973 1239 1020 sapienter
1264 973 1382 1009 ratio-

87 1023 238 1058 cinatur
252 1023 454 1071 Taparelli‚
468 1024 614 1071 Sayqz'o
631 1027 803 1061 teoretz'co
812 1025 856 1061 di
867 1025 1003 1061 diritto
1018 1026 1208 1071 naturale,
1222 1026 1379 1062 Dissert.

88 1075 117 1111 1.
139 1075 229 1123 Cap.
251 1075 294 1114 V.
323 1081 416 1112 nota
436 1077 594 1114 XXVIII.
625 1088 738 1113 omne
766 1077 936 1114 officium
959 1079 1082 1114 oritur
1104 1089 1150 1114 ex
1177 1078 1380 1115 universali

89 1128 308 1175 principio:
338 1129 487 1165 Bonum
513 1135 565 1166 est
591 1130 815 1176 faciendum
843 1132 914 1175 (12.
944 1131 1029 1176 III);
1048 1132 1080 1166 si
1107 1131 1226 1179 igitur
1246 1131 1380 1168 officiis

90 1181 373 1218 devinciremur
396 1193 488 1230 erga
518 1183 645 1227 bruta,
676 1187 895 1219 teneremur
919 1194 1054 1220 eorum
1075 1184 1221 1220 bonum
1248 1195 1381 1232 procu·

91 1245 186 1270 rare.
214 1235 328 1281 Atqui
361 1235 507 1272 bonum
543 1236 753 1272 bestiarum
786 1241 842 1272 est
875 1247 1007 1272 earum
1040 1237 1141 1283 finis,
1175 1238 1241 1285 qui
1271 1238 1309 1273 in
1336 1248 1381 1274 eo

91 1288 265 1323 consistit
304 1292 346 1323 ut
380 1289 482 1325 bono
510 1290 630 1336 ipsius
665 1289 834 1325 hominis
873 1290 1114 1337 procurando
1149 1290 1379 1326 deserviant.

89 1341 186 1388 Ergo
215 1341 388 1377 officium
414 1343 452 1377 in
479 1342 620 1378 bestias
640 1354 770 1379 revera
791 1348 889 1379 esset
910 1343 1080 1379 officium
1102 1344 1140 1378 in
1167 1344 1293 1390 ipsum
1314 1343 1379 1380 ho-

88 1394 246 1429 minem.
266 1394 358 1429 Aliis
378 1395 503 1429 verbis
524 1406 536 1430 .·
557 1394 738 1430 dominus
759 1406 835 1431 non
855 1395 1110 1442 obstringitur
1133 1395 1268 1431 officiis
1289 1406 1380 1443 erga

85 1457 238 1483 servum
267 1452 308 1482 uc
334 1447 524 1483 exclusive
553 1458 681 1483 servus
719 1453 784 1493 est,
806 1449 897 1494 quia
917 1459 1048 1484 servus
1068 1453 1108 1484 ut
1135 1449 1227 1485 talis
1263 1448 1379 1484 habet

86 1499 191 1545 quod
212 1500 261 1535 sit
282 1500 320 1534 in
344 1500 490 1535 bonum
512 1500 691 1546 alterius;
715 1500 818 1547 quod
840 1502 871 1536 si
902 1501 1083 1537 dominus
1106 1501 1222 1537 habet
1248 1501 1376 1538 officia

86 1562 178 1599 erga
202 1563 357 1597 servos,
387 1553 504 1589 habet
532 1564 609 1589 non
633 1558 823 1600 quatenus
849 1554 911 1589 isti
935 1554 1036 1590 servi
1061 1559 1163 1598 sunt,
1193 1554 1258 1590 sed
1288 1565 1379 1600 qua·

87 1609 196 1640 tenus
216 1609 305 1640 sunt
323 1605 512 1641 homines.
533 1607 647 1653 Atqui
669 1606 911 1643 irrationales
928 1611 1114 1642 creaturae
1134 1607 1173 1642 in
1194 1607 1378 1643 relatione

86 1657 134 1693 ad
155 1657 354 1694 hominem
375 1670 452 1694 non
474 1659 616 1695 habent
636 1659 740 1695 aliud
761 1670 879 1706 quam
900 1659 1003 1707 quod
1025 1660 1174 1696 homini
1193 1661 1377 1705 serviant,

86 1711 177 1757 quia
197 1711 235 1746 in
257 1711 329 1747 hoc
349 1716 406 1747 est
425 1722 558 1747 earum
578 1713 665 1748 finis
688 1724 697 1758 3
725 1723 816 1760 ergo
835 1712 952 1749 homo
987 1713 1122 1749 officiis
1157 1713 1273 1749 nullis
1297 1713 1380 1749 ads·

87 1764 270 1811 tringitur
288 1775 380 1811 erga
399 1770 593 1801 creaturas
609 1765 870 1801 irrationaleS.
895 1786 941 1791 —
961 1765 1015 1801 Cf.
1045 1766 1084 1801 P.
1108 1766 1136 1802 Ι.
1158 1766 1227 1807 Qu.
1256 1766 1377 1804 XCVI.

84 1817 163 1851 Art.
187 1817 215 1861 Ι,
236 1821 272 1852 et
291 1817 394 1861 II-II,
419 1818 488 1859 Qu.
508 1818 628 1863 LXIV,
648 1819 763 1854 Artic.
784 1819 811 1854 Ι.

131 1870 197 1906 ΙΙΙ.
219 1870 323 1905 Nom
345 1870 372 1905 1.
395 1871 446 1906 De
467 1872 640 1916 antiquis
667 1872 922 1908 Romanorum
948 1872 1111 1917 legibus.
1140 1872 1266 1909 Refert
1292 1869 1378 1908 Tul-

86 1922 171 1967 lius,
190 1923 269 1958 Lib.
293 1923 343 1959 111
364 1924 419 1959 De
435 1923 656 1970 Republica,
675 1924 765 1972 Cap.
788 1925 848 1969 XI,
869 1924 972 1971 quod
992 1938 1007 1956 α
1026 1936 1147 1961 non...
1167 1924 1380 1962 mediocres

85 1976 155 2011 viri
173 1975 238 2011 sed
247 1977 455 2013 maximiet
472 1976 835 2025 docti,Pythag0ras
844 1982 880 2013 et
894 1977 1156 2024 Empedocles,
1171 1989 1379 2013 unamom·

83 2029 194 2064 nium
215 2030 473 2065 animantium
494 2030 750 2066 conditionem
772 2030 883 2077 juris
915 2040 995 2066 esse
1029 2030 1378 2076 denuntiant301a-

84 2086 268 2128 mantque
300 2082 551 2129 inexpiabiles
586 2093 721 2131 poenas
758 2083 980 2131 impendere
1001 2083 1060 2128 iis,
1083 2094 1106 2119 a
1125 2084 1264 2130 quibus
1298 2085 1379 2118 vio-

84 2134 206 2170 latum
226 2135 275 2170 sit
293 2136 449 2171 animal.
476 2136 604 2172 Scelus
631 2140 687 2172 est
707 2136 827 2184 igitur
848 2147 984 2172 nocere
1004 2135 1150 2172 bestiae.
1172 2151 1188 2169 ι
1216 2156 1262 2162 -
1286 2136 1374 2172 Haeo

85 2186 220 2224 deliria
235 2188 477 2236 Pythagorae,
502 2188 757 2236 Empedoclis,
782 2189 1023 2236 aliorumque
1046 2199 1092 2225 ex
1119 2188 1264 2225 Graecia
1290 2188 1374 2236 phi-

84 2240 336 2288 losophorum
388 2241 598 2278 faventium
652 2242 996 2290 metempsychosi,
1049 2252 1220 2279 romanae
1273 2242 1378 2290 leges

86 2299 347 2340 susceperunt,
386 2295 425 2330 in
461 2299 608 2343 partem
639 2295 749 2342 juris
782 2301 933 2331 naturae
968 2295 1191 2331 hominibus
1229 2295 1376 2344 proprii

86 2347 227 2387 bestias
248 2347 513 2384 adsciscentes.
534 2348 575 2384 In
596 2349 734 2394 quibus
753 2348 902 2395 legibus
922 2348 1021 2384 mira
1041 2359 1131 2384 sane
1149 2352 1206 2385 est
1226 2352 1374 2385 contra—
