1554 2569
151 163 170 193 f.
183 161 196 193 t
211 165 553 194 ETfflCA.L13.¹1.CAP
563 180 573 190 .
590 164 615 192 1.
629 163 672 189 nn
683 162 830 188 Aci-iens
846 162 982 187 numm.
995 163 1028 187 ix
1042 153 1170 187 seipsis
1182 162 1436 190 cousin-emin.—

149 240 356 279 committat
383 237 618 273 adulterium
641 239 705 278 est,
727 235 804 280 {per
827 243 867 268 se
895 233 1101 279 loquendo,
1126 234 1251 280 maqis
1284 236 1439 272 adulter

149 303 262 341 quam
276 293 357 338 fur.

196 345 244 380 Ut
252 348 381 380 autem
395 343 431 378 S.
448 342 614 378 Thomas
623 339 851 375 determinet
860 342 987 373 utrum
995 340 1136 385 species
1147 339 1344 386 bonitatis,
1354 352 1443 388 quoel

149 403 198 435 est
217 408 262 434 ex
277 397 364 444 fine,
386 395 627 431 contineatur
650 391 719 427 sub
741 390 863 436 specie
888 401 972 436 quoe
1000 395 1051 426 ese
1080 402 1124 426 ex
1148 391 1306 438 objecto,
1335 394 1443 429 sicut*

149 451 218 487 sub
231 459 361 496 yenere
386 447 442 483 vel
469 458 487 482 e
517 455 705 487 converso,
742 442 813 478 hac
841 443 964 478 utitur
1001 443 1272 490 pulcherrima,
1311 446 1436 482 solida

151 509 188 540 et
225 501 393 538 dilucida
426 497 779 546 argumentatione:
813 509 828 527 ‹
866 495 1066 542 ObJectum
1106 498 1306 533 exterioris
1329 504 1436 534 actus

152 555 354 603 dupliciter
374 556 500 600 potest
522 562 560 586 se
582 551 721 586 habere
746 548 794 583 ad
829 549 947 583 finem
960 549 1183 585 voluntatis.
1208 549 1289 586 Uno
1304 551 1434 595 modo,

151 610 248 644 sicut
262 617 334 653 per
361 617 399 641 se
419 604 640 640 ordinatum
664 601 713 637 ad
743 602 884 647 ipsum,
903 601 1001 639 sicut
1011 601 1106 637 bene
1122 613 1293 649 pugnare
1311 614 1378 651 per
1398 615 1437 640 se

153 660 353 696 ordinatur
372 658 419 694 ad
428 655 730 693 victoriam.Alio
748 653 864 689 modo
879 654 1144 699 peraccidens,
1163 656 1437 703 sicutaccipere

153 724 233 749 rem
254 712 419 748 alienam
449 720 517 756 per
545 707 720 744 accidens
741 705 942 741 ordinatur
955 706 1003 741 ad
1023 706 1195 742 dandum
1231 707 1437 756 eleemosy-

153 777 256 801 nam.
279 765 436 810 Oportet
448 766 590 805 autem,
613 764 655 795 ut
669 757 925 805 Philosophus
937 758 1029 794 dicit
1049 759 1160 794 inVlI
1172 759 1437 807 Metaphysic.‚

155 817 258 864 quod
279 815 505 852 differentiae
523 812 734 848 dividentes
772 810 928 857 aliquod
952 820 1072 858 genus
1092 816 1129 847 et
1163 813 1438 850 constituentes

156 870 322 917 speciem
351 868 451 903 illius
479 866 629 913 generis
650 875 717 912 per
740 874 778 899 se
800 863 971 899 dividant
1001 864 1096 899 illud
1117 866 1194 909 (seu
1216 865 1295 901 sint
1332 866 1438 913 diffe-

154 923 287 959 rentiae
306 920 534 963 essentiales,
555 928 632 954 non
654 916 941 961 accidentales):
962 917 992 951 si
1015 921 1143 952 autem
1161 928 1228 964 per
1251 918 1437 963 accidens,

156 987 233 1011 non
253 978 355 1011 recte
381 971 553 1021 procedit
579 970 727 1006 divisio.
760 969 869 1013 Puta,
890 969 922 1004 si
944 970 1029 1015 quis
1050 969 1176 1005 dicat:
1205 970 1437 1007 Animalium

157 1027 260 1064 aliud
275 1025 475 1066 rationale,
489 1023 592 1060 aliud
608 1021 827 1058 irrationale
839 1033 848 1066 3
862 1026 899 1057 et
912 1021 1139 1057 animalium
1159 1023 1439 1060 irrationalium

157 1080 261 1117 aliud
278 1079 437 1122 alatum,
456 1076 559 1113 aliud
581 1087 657 1111 non
675 1075 834 1110 alatum.
855 1074 1011 1109 Aeacum
1028 1075 1130 1110 enim
1146 1080 1182 1111 et
1201 1086 1277 1112 non
1292 1076 1438 1113 alatum

157 1145 234 1169 non
262 1137 350 1168 sunt
379 1141 448 1178 per
473 1140 513 1165 se
545 1128 839 1164 determinativa
869 1127 965 1173 ejus,
996 1127 1100 1173 quod
1118 1132 1175 1163 est
1205 1129 1438 1166 irrationale.

157 1187 315 1232 Oportet
329 1188 458 1220 autem
478 1183 531 1217 sic
542 1181 730 1216 dividere:
760 1179 994 1214 Animalium
1021 1179 1124 1215 aliud
1145 1180 1290 1217 habens
1312 1181 1438 1229 pedes,

158 1237 261 1274 aliud
281 1247 357 1272 non
384 1236 528 1270 habens
560 1232 705 1280 pedes;
733 1236 770 1267 et
796 1232 1021 1267 habentium
1054 1232 1171 1279 pedes
1189 1233 1299 1279 ,aliud
1328 1234 1443 1271 habet

158 1291 267 1334 duos,
283 1288 387 1325 aliud
408 1292 585 1334 quatuor,
620 1284 722 1320 aliud
744 1284 899 1319 multos,
925 1284 1013 1320 Haec
1029 1285 1132 1320 enim
1159 1296 1227 1332 per
1256 1297 1295 1322 se
1321 1286 1442 1323 deter-

158 1344 307 1378 minant
333 1341 500 1388 priorem
535 1337 803 1373 differentiam.
835 1337 895 1372 Sic
921 1337 1039 1384 igitur
1064 1337 1217 1384 quando
1249 1339 1442 1385 objectum

159 1406 234 1430 non
250 1398 306 1430 est
323 1404 391 1440 per
409 1403 447 1427 se
469 1390 688 1427 ordinatum
701 1389 749 1425 ad
766 1390 896 1433 finem,
913 1388 1129 1426 differentia
1144 1391 1335 1437 specifica,
1358 1403 1443 1438 quae

159 1452 217 1483 est
245 1458 290 1482 ex
329 1446 493 1492 objecto,
524 1454 600 1478 non
635 1447 692 1478 est
726 1452 794 1488 per
824 1452 862 1476 se
903 1442 1196 1479 determinativa
1229 1444 1325 1490 ejus,
1359 1455 1444 1491 qum

160 1504 218 1535 est
238 1510 284 1534 ex
304 1499 393 1542 fine,
412 1508 481 1532 nec
502 1507 521 1531 e
540 1505 735 1531 converso.
748 1493 853 1529 Unde
874 1505 952 1530 una
968 1495 1130 1530 istarum
1143 1496 1356 1543 specierum
1368 1508 1445 1533 non

161 1556 216 1587 est
236 1551 305 1587 sub
327 1551 423 1594 alia3
446 1548 512 1584 sed
533 1553 624 1583 tunc
656 1552 762 1582 actus
779 1547 936 1582 moralis
951 1551 1009 1582 est
1030 1548 1101 1583 sub
1123 1548 1275 1584 duabus
1306 1550 1445 1597 specie-

161 1605 232 1640 bus
258 1603 369 1649 quasi
396 1601 616 1648 disparatis.
649 1598 754 1634 Unde
787 1598 952 1634 dicimus
974 1599 1077 1645 quod
1107 1600 1169 1635 ille
1200 1601 1265 1647 qui
1298 1601 1449 1637 furatur

161 1662 202 1691 ut
223 1655 449 1698 moechetur,
473 1652 682 1689 committit
713 1651 807 1686 duas
827 1651 995 1686 malitias
1015 1652 1053 1686 in
1072 1663 1147 1687 uno
1166 1657 1266 1688 actu.
1300 1653 1337 1688 Si
1357 1665 1446 1689 vero

162 1709 355 1754 objectum
384 1717 452 1753 per
477 1716 517 1741 se
547 1704 746 1740 ordinetur
774 1703 821 1739 ad
850 1705 981 1748 finem,
1010 1715 1087 1739 una
1115 1703 1306 1740 dictarum
1343 1705 1447 1741 diffe-

162 1761 374 1796 rentiarum
394 1762 450 1794 est
470 1768 538 1804 per
558 1768 597 1792 se
627 1756 921 1791 determinativa
933 1755 1110 1791 alterius:
1130 1756 1231 1792 unde
1260 1768 1337 1793 una
1359 1758 1447 1793 ista-

163 1824 248 1848 rum
261 1812 474 1859 specierum
495 1809 757 1845 continebitur
777 1808 846 1843 sub
865 1808 999 1844 altera.

213 1879 227 1897 ‹
253 1862 583 1900 Considerandum
593 1865 721 1896 autem
733 1864 852 1896 restat
867 1871 953 1906 quae
964 1861 1035 1896 sub
1053 1863 1200 1907 qua(an
1216 1862 1361 1898 scilicet
1373 1874 1450 1909 spe-

164 1919 237 1954 cies
252 1928 333 1963 quoe
351 1921 403 1952 est
422 1926 466 1951 ex
475 1915 549 1961 sine
569 1914 808 1950 contineatur
826 1912 894 1948 sub
914 1913 1036 1959 specie
1051 1925 1134 1960 quoe
1151 1919 1203 1949 est
1222 1925 1267 1950 ex
1291 1914 1449 1962 objecto,

164 1971 219 2006 vel
235 1970 396 2013 contra).
419 1967 473 2002 Ad
504 1967 614 2013 cujus
639 1966 871 2002 evidentiam
883 1966 1013 2011 primo
1040 1966 1362 2003 considerandum
1395 1973 1452 2003 est

165 2021 437 2069 quod,quanto
448 2020 575 2066 aliqua
593 2018 809 2054 differentia
832 2018 1000 2053 sumitur
1019 2029 1040 2053 a
1062 2018 1318 2066 formamagis
1337 2020 1452 2066 parti-

165 2075 296 2119 culari,
316 2077 423 2109 tanto
434 2073 558 2119 magis
574 2076 633 2107 est
647 2071 836 2118 specifica.
848 2070 1034 2114 Secundo,
1050 2070 1167 2116 quod,
1181 2076 1324 2116 quanto
1335 2082 1451 2119 agens

166 2131 222 2162 est
242 2126 366 2171 magis
393 2124 617 2167 universale,
649 2127 755 2158 tanto
780 2134 824 2158 ex
852 2133 896 2157 eo
923 2126 982 2157 est
1002 2121 1127 2157 forma
1155 2123 1277 2169 magis
1305 2124 1453 2158 univer-

168 2178 269 2214 salis.
298 2177 436 2220 Tertio,
458 2175 574 2222 quod,
599 2180 742 2221 quanto
764 2175 900 2221 aliquis
918 2175 1004 2209 finis
1031 2179 1090 2210 est
1109 2175 1312 2221 posterior,
1345 2180 1452 2211 tanto

167 2230 352 2277 rependet
367 2229 494 2275 agenti
516 2228 782 2263 universaliori
799 2238 807 2271 ;
828 2227 926 2262 sicut
936 2227 1104 2270 victoria,
1121 2237 1206 2273 quae
1216 2231 1274 2262 est
1291 2227 1451 2262 ultimus

167 2284 255 2318 finis
276 2282 479 2325 exercitus,
502 2285 558 2316 est
579 2281 666 2315 finis
696 2280 866 2315 intentus
891 2290 913 2314 a
944 2290 1094 2314 summo
1117 2279 1230 2323 duceg
1262 2279 1453 2315 ordinatio

169 2340 297 2371 autem
318 2334 433 2380 hujus
450 2334 543 2368 aciei
557 2333 615 2368 vel
638 2332 738 2367 illius
761 2337 819 2367 est
839 2333 927 2367 finis
951 2333 1119 2367 intentus
1137 2332 1183 2366 ab
1211 2331 1339 2378 aliquo
1361 2331 1454 2367 infe-

169 2389 314 2424 riorum
329 2387 483 2423 ducum.
501 2387 544 2421 Et
556 2397 602 2421 ex
622 2386 708 2421 istis
729 2385 902 2421 seouitur
915 2384 1017 2423 Quod
1038 2387 1257 2432 differentia
1277 2384 1455 2434 specifica
