1584 2569
224 144 303 169 ΛΒΤ.
325 143 348 167 1.
368 142 412 167 DE
431 141 505 167 ΟΠ.
524 141 565 166 ΕΤ
585 141 659 166 JUl't.
681 141 847 165 PAClFIClS
875 140 997 165 GENTIS
1020 141 1063 164 AD
1085 140 1222 165 GENTEH
1327 131 1390 166 273

118 214 268 263 praesati
301 217 542 255 contractum
573 229 618 237 -
646 215 685 246 20
716 211 818 258 quod
853 221 983 246 revera
1013 211 1158 246 bonum
1192 222 1393 248 commune

118 267 279 314 propriae
300 265 491 302 societatis
510 264 618 300 unice
638 265 768 311 praesit
788 263 1003 299 sanciendis
1029 264 1150 310 pactis
1173 264 1392 299 internatio-

118 320 293 364 nalibus;
321 328 391 355 nec
412 318 587 364 princeps
614 321 680 352 aut
706 321 862 363 propter
892 327 1003 351 suam
1029 316 1269 362 personalem
1297 317 1394 352 utili-

120 377 252 414 tatem,
276 374 342 408 aut
366 374 522 418 propter
542 370 747 406 utilitatem
769 369 1020 416 peculiarium
1041 379 1307 416 personarum,
1330 377 1387 405 aut

118 425 269 461 favendi
292 423 401 460 alteri
421 422 569 459 nationi
590 433 719 465 causa,
740 422 985 469 propriorum
1009 421 1249 460 subditorum
1271 422 1388 468 digni-

117 483 249 522 tatem,
276 475 627 524 independentiam,
661 475 718 510 vel
752 476 868 511 etiam
899 475 1192 522 prosperitatem
1218 485 1389 510 commu-

118 541 204 567 nem
233 530 359 566 laedat.
388 530 471 564 Non
491 529 593 564 enim
613 528 776 574 principi
806 527 896 563 data
923 532 980 563 est
1012 531 1182 573 potestas
1210 528 1248 562 in
1279 527 1389 563 detri-

118 585 304 625 mentum,
332 580 398 617 sed
430 581 467 616 in
504 580 809 616 emolumentum
842 580 1049 623 societatis,
1085 580 1146 615 cui
1175 584 1324 627 praeest.
1352 601 1390 607 —-

121 635 264 678 Quibus
284 634 506 681 praemissis,
529 633 703 668 dicamus
720 633 860 679 primo,
883 632 928 668 de
948 632 1208 668 contractibus
1230 632 1296 679 qui
1316 643 1392 668 mu·

121 694 228 724 tuam
245 686 522 723 conviventiam
536 697 545 730 ;
560 685 735 730 secundo,
756 685 801 721 de
813 685 1072 721 contractibus
1087 685 1153 731 qui
1165 686 1393 731 prosperita-

122 748 196 776 tem
216 739 454 775 materialem
476 738 696 785 respiciunt.

167 792 300 838 Quoad
327 796 496 827 mutuam
515 790 801 827 conviventiam.
829 791 883 825 Ex
913 790 1100 837 principio
1122 795 1266 825 mutuae
1288 791 1393 826 dilee-

122 845 235 882 tionis
252 855 371 892 quam
388 844 564 880 nationes
584 843 709 879 fovere
730 847 921 887 tenentur,
944 845 1173 878 enascuntur
1192 842 1278 889 jura
1297 854 1393 879 com-

120 897 341 935 municandi
366 897 465 931 inter
496 906 554 940 se,
588 899 623 931 et
656 895 781 931 officia
813 894 1012 931 adhibenti
1041 895 1168 931 media
1198 896 1337 941 quibus
1362 900 1394 932 et

120 949 265 986 facilius
282 952 318 985 et
338 947 529 984 efficacius
548 947 770 994 hujusmodi
793 947 1014 983 amicabiles
1031 949 1395 985 communicationes

119 1003 297 1038 existant.
321 1001 414 1036 Hinc
434 1000 563 1047 leyatz‘,
581 1000 639 1035 vel
659 1001 798 1043 nuntii,
814 1000 870 1034 vel
890 1000 1117 1035 administri
1136 1001 1191 1035 vel
1210 1011 1395 1046 quocum-

119 1066 192 1103 que
211 1055 285 1090 alio
305 1053 461 1089 nomine
481 1056 751 1098 nuncupentur
770 1062 945 1099 personae
970 1052 1043 1088 illae
1064 1064 1148 1099 qua:
1176 1053 1223 1088 ab
1244 1064 1321 1088 una
1349 1055 1396 1090 ad

121 1107 237 1144 aliam
257 1110 409 1153 gentem
430 1105 648 1148 mittuntur,
672 1109 711 1140 ut
725 1105 880 1151 negotia
900 1105 1056 1140 nomine
1078 1108 1115 1140 et
1134 1115 1296 1151 persona
1312 1116 1396 1142 aue-

122 1159 286 1196 toritatis
306 1157 472 1205 politicae
491 1168 512 1192 a
531 1168 608 1204 qua
631 1157 837 1193 mittuntur
856 1157 1091 1200 immediate,
1112 1160 1297 1204 quantum
1318 1159 1398 1194 fieri

123 1216 261 1260 potest,
288 1214 530 1258 pertractent.
560 1211 677 1245 Porro
712 1209 934 1256 hujusmodi
966 1209 1145 1254 ministri,
1178 1221 1243 1246 seu
1269 1211 1396 1257 legati,

121 1264 210 1312 quia
231 1273 435 1310 personam
454 1261 650 1309 principis,
666 1272 741 1297 non
761 1261 958 1309 propriam
977 1266 1269 1309 repraesentant,
1284 1263 1399 1309 juris-

122 1316 275 1353 dictioni
295 1316 418 1363 gentis
438 1325 553 1362 penes
573 1325 690 1362 quam
719 1314 943 1362 delegantur
964 1325 1040 1351 non
1067 1315 1333 1362 subjiciuntur,
1353 1319 1399 1351 si-

120 1375 183 1406 cut
203 1380 272 1406 nec
298 1367 499 1415 subjicitur
518 1378 681 1415 persona
706 1367 902 1414 principis,
930 1367 997 1405 sed
1030 1368 1198 1415 gaudent
1224 1368 1400 1405 libertate

121 1425 157 1458 et
176 1421 476 1463 inviolabilitate‚
510 1431 586 1456 non
603 1420 689 1467 jure
710 1424 859 1456 naturae
887 1419 954 1456 sed
981 1420 1153 1467 gentium
1178 1432 1185 1456 :
1210 1422 1283 1457 nisi
1304 1422 1399 1458 forte

121 1485 276 1511 munere
298 1473 453 1521 proprio
473 1484 645 1520 perverse
667 1473 880 1518 abutenteS,
905 1474 1112 1520 perniciem
1140 1474 1256 1520 genti,
1285 1485 1400 1520 penes

122 1538 239 1574 quam
268 1527 455 1570 resident,
491 1525 629 1562 inferre
668 1526 951 1562 machinentur.
995 1527 1072 1562 Hoc
1109 1528 1211 1562 enim
1244 1527 1280 1562 iu
1310 1538 1399 1564 casu

124 1581 220 1617 sicut
237 1590 259 1615 a
278 1591 367 1626 rege
384 1580 482 1626 ipso,
501 1579 555 1614 ita
576 1583 614 1615 et
634 1579 681 1615 ab
701 1579 784 1625 ejus
802 1579 929 1626 legato
952 1590 1043 1627 gens
1067 1579 1150 1627 ipsa
1170 1591 1250 1616 sese
1269 1579 1401 1616 defeu-

124 1634 212 1669 dere
231 1636 370 1680 potest,
392 1632 485 1668 etin
505 1632 632 1679 ipsum
648 1631 812 1678 juridice
834 1632 1151 1668 animadvertere.

171 1685 302 1731 Quoad
313 1684 546 1721 materialem
557 1684 863 1731 prosperitatem.
881 1683 938 1720 Ad
949 1684 1048 1720 hanc
1062 1685 1253 1731 pertinent
1263 1688 1402 1721 tracta-

124 1741 184 1774 tus
204 1737 502 1781 commerciales,
523 1739 560 1772 et
579 1737 696 1772 etiam
714 1739 912 1780 tractatus,
934 1737 989 1772 uti
1008 1740 1158 1782 vocant,
1180 1737 1402 1773 extraditio-

123 1791 185 1826 nis
206 1789 508 1833 malefactorum,
529 1789 593 1836 qui
608 1789 761 1824 sceleris
781 1789 921 1834 patrati
942 1789 1213 1836 impunitatem
1226 1796 1403 1837 quaerunt

125 1847 234 1879 extra
253 1842 463 1878 nationem.
484 1861 529 1866 —
550 1841 680 1877 Solent
697 1841 798 1877 enim
816 1841 992 1877 nationes
1012 1842 1111 1877 inter
1130 1853 1167 1877 se
1184 1846 1402 1879 contractus

126 1896 221 1931 inire
239 1897 281 1930 ut
301 1893 573 1929 commercium
594 1893 768 1929 florescat
791 1903 859 1939 per
877 1893 1191 1940 importationem
1212 1898 1248 1929 et
1271 1905 1402 1941 expor-

126 1947 309 1983 tationem
336 1946 522 1982 mercium
549 1945 595 1981 de
624 1955 702 1980 una
727 1945 766 1980 in
795 1944 955 1981 alteram
983 1950 1157 1991 gentem;
1181 1950 1221 1981 ut
1239 1946 1340 1983 bona
1357 1946 1401 1983 de

126 2000 265 2047 quibus
285 2009 363 2034 una
382 1997 552 2034 abundat
573 1997 682 2034 alteri
702 1996 916 2044 participet.
938 1998 995 2033 Ad
1016 1998 1119 2045 quod
1141 1999 1295 2045 quidem
1316 2010 1403 2036 cum

127 2053 254 2087 stricto
271 2051 357 2098 jure
380 2051 554 2087 nationes
579 2050 680 2086 inter
702 2061 741 2086 se
768 2061 846 2086 non
869 2050 1099 2097 obligentur,
1128 2062 1208 2086 sese
1232 2052 1404 2099 obligant

129 2104 350 2141 voluntariis
369 2103 627 2140 contractibus
647 2114 655 2138 :
677 2102 743 2149 qui
763 2106 851 2138 sunt
872 2102 1087 2139 bilaterales
1107 2105 1175 2147 (14,
1198 2105 1260 2148 Ill)
1280 2109 1317 2140 et
1338 2116 1404 2141 ne-

127 2162 289 2204 queunt,
321 2156 418 2192 sicut
454 2159 491 2192 et
523 2158 741 2191 contractus
776 2165 930 2199 omnes,
969 2156 1151 2200 rescindi,
1193 2158 1403 2202 generatim

128 2208 335 2255 loquendo,
372 2208 445 2244 nisi
483 2208 676 2244 voluntate
712 2208 909 2254 utriusque
940 2207 1215 2244 contrahentis.
1257 2210 1309 2243 De
1345 2209 1404 2245 liis

129 2271 240 2308 agere
261 2264 435 2297 nostrum
467 2260 637 2296 officium
671 2271 748 2296 non
773 2263 842 2305 est,
872 2260 937 2296 sed
963 2260 1178 2297 oeconomice
1200 2260 1401 2306 politicae:

129 2313 306 2350 addimus
332 2313 574 2350 solummodo
610 2313 876 2349 auctoritatem
911 2313 1107 2360 politicam
1140 2313 1177 2348 in
1206 2313 1310 2349 hisce
1342 2314 1403 2349 fir-

130 2365 282 2402 mandis
323 2365 584 2402 contractibus
627 2364 819 2402 discedere
860 2376 936 2401 non
979 2365 1116 2402 debere
1153 2375 1175 2401 a
1208 2365 1403 2414 principiis
