1584 2569
166 110 226 141 878
628 112 726 136 umex
747 109 993 135 urnam-teus

210 186 262 217 IV.
275 201 314 207 -
325 184 484 216 Potestas
498 179 623 218 civilis,
640 180 685 211 M.
697 179 748 211 51.
766 177 861 219 (Vide
872 177 1108 220 Auctoritas.)
1121 193 1161 203 —·
1171 178 1221 212 De
1231 181 1401 221 potestate
1411 182 1458 214 le-

208 229 378 273 qislativa
403 227 521 261 civilis
546 225 784 263 auctoritatis,
806 226 851 257 M.
871 225 924 257 52.
944 242 985 248 -
1006 224 1057 258 De
1069 228 1243 267 potestate
1261 229 1459 261 exsecutiva

209 275 430 311 auctoritatis
439 274 578 307 socialis
586 274 629 306 M.
640 272 690 305 53.
699 290 726 296 -
735 272 786 305 De
790 271 1176 314 potestatejudiciaria
1178 273 1336 315 politicoe
1342 279 1460 308 aucto-

210 324 340 363 ruatis,
356 324 402 356 M.
421 322 475 355 54.
488 322 693 353 -Potestas
710 318 899 360 judiciaria
918 327 937 351 a
957 322 1129 360 potestate
1148 320 1347 362 legislativa
1360 326 1399 355 ut
1418 324 1460 355 ab

212 371 416 405 immediato
435 377 500 401 suo
518 367 687 408 principio
711 365 855 405 derivat,
880 366 923 399 11.
941 383 983 390 —
1001 367 1177 406 Attamen,
1198 368 1312 409 quoad
1331 371 1462 403 exerci-

210 420 310 457 tium,
326 420 479 458 potestas
490 413 686 455 legislativa
701 416 736 446 et
747 417 900 454 potestas
910 413 1098 454 judiciaria
1107 415 1287 455 postulant
1301 415 1463 450 distincta

212 466 380 506 subjecta,
400 463 461 495 111.
477 479 515 485 -
529 461 693 493 Jusinest
709 460 857 501 politicae
876 460 1072 493 auctoritati
1083 461 1276 502 judiciariae
1295 464 1463 504 puniendi

212 520 314 554 poena
333 509 470 551 capitali
493 516 569 541 reos
592 507 824 549 quorumdam
847 506 1045 547 criminum,
1065 507 1105 540 X.
1127 512 1161 541 et
1179 509 1233 541 XI.
1254 527 1294 534 —
1308 510 1357 543 De
1376 510 1467 552 ossi-¹

211 560 275 593 ciis
282 562 314 591 et
318 556 467 599 juribus
473 554 698 588 subditorum
704 562 791 596 erqa
794 553 980 595 politicam
985 557 1204 596 potestatem,
1215 556 1260 588 M.
1268 557 1462 599 55.-(Vide

211 607 293 644 Lex,
319 603 534 646 Tyrannus.)
549 619 588 625 —
600 602 758 634 Potestas
772 600 883 634 civilis
897 601 995 634 nulla
1007 606 1061 634 est
1075 610 1180 643 super
1198 603 1374 637 vinculum
1385 613 1462 637 ma-

212 651 419 690 trimoniale,
437 651 481 683 M.
493 650 545 688 44,
562 648 632 681 VII.
653 648 748 689 (Vide
773 647 1072 689 Matrimonium.)
1092 666 1132 672 —
1153 649 1195 682 de
1206 653 1380 690 potestate
1398 652 1464 684 Ec-

214 698 420 737 clesiasez'ca,
442 698 486 730 M.
507 697 562 728 63.
583 713 623 719 —
643 696 799 728 Potestas
817 694 1052 728 ecclesiastica
1069 694 1105 728 in
1125 696 1281 730 Romano
1302 698 1464 731 Pontifice

214 752 253 779 ut
271 747 305 777 in
324 745 480 785 subjecto
495 743 650 776 residens
669 746 721 775 est
740 745 864 775 natura
878 750 941 775 sua
957 741 1101 775 omnino
1117 742 1359 785 independens
1372 754 1391 778 a
1408 755 1465 787 po-

214 797 337 826 testate
352 790 456 830 civili,
475 790 504 822 11
528 794 561 822 et
581 789 641 823 111.
660 806 700 813 -
721 790 795 821 Imo
814 793 971 830 potestas
991 789 1102 822 civilis
1124 789 1241 831 aliquo
1264 792 1369 825 modo
1384 792 1465 825 sub-

213 841 305 881 jecta
327 842 379 871 est
399 837 563 879 potestati
583 835 754 877 spirituali
775 835 808 868 S.
828 835 1015 876 Pontificis,
1039 836 1094 869 IV.
1116 852 1155 861 -
1174 837 1328 871 Ecclesia
1342 839 1466 880 plenis·

218 887 305 919 sime
328 885 457 927 gaudet
478 883 643 917 facultate
662 882 809 916 docendi
831 882 1107 924 independenter
1127 893 1147 916 a
1171 889 1341 926 potestate
1363 885 1465 925 civili,

215 934 257 965 V.
278 950 317 957 -—
340 930 615 972 Independentia
642 929 826 971 potestatis
854 929 1097 963 ecclesiasticae
1127 931 1322 964 extenditur
1345 937 1468 965 nat-ura

218 989 282 1013 sua
301 979 344 1012 ad
362 977 582 1019 temporalia,
600 981 772 1018 quatenus
788 977 856 1009 ista
872 976 1071 1016 iudicantur
1087 977 1283 1010 necessaria
1302 978 1345 1011 ad
1362 979 1467 1012 finem

217 1025 434 1068 spiritualem
455 1023 753 1065 consequendum,
773 1022 830 1055 VI.
844 1040 886 1046 —
903 1023 938 1056 S.
958 1023 1113 1056 Pontifex
1133 1028 1248 1065 potest
1267 1033 1344 1058 esse
1363 1025 1467 1058 etiam

219 1083 289 1112 rex,
316 1081 376 1105 seu
400 1072 527 1104 habere
556 1069 750 1103 dominium
777 1069 980 1110 temporale,
1006 1070 1077 1102 imo
1100 1070 1197 1103 decet
1217 1079 1256 1103 ac
1284 1072 1388 1104 etiam
1408 1081 1467 1105 ne-

220 1129 315 1153 cesse
335 1123 388 1151 est
412 1123 449 1150 ut
468 1118 608 1155 habeat,
632 1116 719 1148 VIII.

179 1179 421 1219 Praeceptum.
442 1175 487 1207 M.
503 1175 556 1207 22.
575 1174 631 1206 VI.
655 1191 694 1199 -
710 1175 759 1207 De
774 1175 960 1216 praeceptis
981 1175 1151 1208 contentis
1170 1175 1209 1208 in
1225 1176 1298 1218 leqe
1315 1180 1469 1218 naturoe,

221 1225 266 1257 M.
284 1225 335 1262 24,
360 1223 403 1255 11.
425 1239 464 1246 —
487 1223 701 1261 Praeceptum
723 1224 911 1262 posmvum
933 1224 966 1253 et
980 1226 1179 1263 negativum
1201 1232 1208 1253 =
1231 1227 1401 1264 praecepta
1415 1233 1469 1256 ne-

221 1270 336 1312 gativa
355 1269 511 1310 obligant
530 1277 667 1309 semper
690 1272 723 1300 et
742 1267 790 1299 ad
805 1276 963 1309 semper·;
977 1268 1125 1309 positiva
1146 1277 1240 1308 vero,
1257 1278 1391 1311 semper
1410 1271 1470 1303 sed

221 1327 292 1350 non
302 1317 350 1349 ad
362 1324 510 1357 semper,
522 1316 566 1347 M.
579 1315 630 1353 30,
646 1315 682 1346 V.
696 1331 734 1337 -—
744 1314 844 1346 Nulla
859 1315 1049 1347 necessitas
1064 1315 1183 1348 eximit
1194 1315 1237 1349 ab
1247 1316 1470 1358 adimplendo

224 1370 396 1407 praecepto
428 1362 590 1405 negativo
620 1361 706 1403 legis
736 1361 917 1401 naturalis,
949 1362 1002 1394 VI.
1026 1380 1066 1386 —-
1088 1363 1281 1396 Necessitas
1306 1368 1471 1404 extrema,

223 1412 275 1444 vel
301 1411 405 1444 etiarn
428 1410 542 1452 gravis
565 1408 685 1441 eximit
707 1408 750 1441 ab
773 1408 888 1441 officio
914 1409 1125 1450 adimplendi
1152 1415 1364 1451 praeceptum
1384 1411 1471 1452 legis

224 1458 392 1491 naturalis
412 1458 623 1499 positivum3
643 1455 834 1488 dummodo
853 1456 1024 1497 exemptio
1039 1456 1080 1488 ab
1097 1456 1212 1489 officio
1226 1457 1388 1498 praecepti
1410 1467 1469 1498 po-

224 1506 315 1538 sitivi
340 1513 410 1537 non
429 1503 582 1536 involvat
599 1502 911 1544 transgressionem
933 1507 1096 1544 prtecepti
1116 1504 1279 1545 negativi,
1302 1504 1360 1538 VI.
1384 1520 1423 1529 -·
1441 1507 1468 1538 Α

224 1551 356 1585 fortiori
364 1550 541 1584 conclusio
552 1549 751 1591 praecedens
765 1549 1001 1590 applicaturin
1010 1558 1093 1582 casu
1104 1550 1190 1591 legis
1202 1550 1370 1592 positivae,
1383 1551 1472 1584 VIII.

185 1613 527 1651 Praedeterminatio
547 1613 674 1645 divina.
692 1614 727 1644 T.
751 1613 804 1652 24,
827 1612 880 1652 X;
900 1613 952 1652 31,
972 1613 1025 1645 VI.

185 1672 452 1708 Praedicabilia.
471 1673 506 1704 L.
527 1672 560 1710 4,
581 1671 631 1702 lv.

185 1732 488 1769 Praedicamenta,
521 1731 557 1762 L.
590 1730 622 1768 6,
655 1729 681 1762 1.
709 1745 748 1753 --
778 1728 962 1762 Distincti0
991 1733 1080 1762 inter
1106 1730 1414 1771 praedicamentum
1444 1735 1477 1764 et

226 1778 460 1821 praedicabile,
486 1777 530 1810 11.
551 1793 591 1801 -
612 1776 885 1811 praedicamenta
908 1776 1139 1818 explicantur,
1158 1778 1229 1810 VII.

187 1836 406 1872 Praedicatio
423 1836 458 1868 in
479 1844 585 1868 sensu
606 1840 697 1868 recto
718 1837 800 1867 etin
820 1843 926 1868 sensu
945 1835 1101 1876 obliquo,
1116 1836 1152 1868 L.
1175 1835 1226 1875 18,
1251 1835 1277 1868 Ι.
1300 1836 1348 1868 Cf.
1370 1838 1406 1869 L.
1424 1837 1475 1869 20.

188 1896 444 1930 Praefficatum.
468 1895 505 1927 L.
526 1894 577 1933 18,
600 1895 628 1926 Ι.
656 1909 695 1918 -
710 1893 759 1925 De
779 1894 980 1926 extensione
1001 1893 1180 1935 praedicati
1204 1893 1240 1926 in
1267 1894 1477 1936 propositio-

227 1944 330 1976 nibus
351 1941 481 1983 reguloe
505 1944 539 1973 et
557 1939 789 1981 exceptiones,
811 1940 847 1971 L.
866 1940 919 1979 22,
940 1939 967 1971 V
986 1944 1020 1972 et
1042 1939 1097 1972 VI.
1116 1957 1157 1964 —-
1176 1941 1224 1972 De
1247 1941 1476 1983 comprehen-

229 1991 323 2023 sione
344 1987 522 2031 praedicati
541 1987 575 2020 in
598 1986 908 2028 propositionibus,
930 1986 1004 2019 VII.

189 2047 396 2082 Praemissa.
420 2048 455 2079 L.
478 2047 530 2086 31,
552 2046 594 2085 11,

190 2105 385 2140 Praemotio
405 2105 559 2147 physica.
587 2121 629 2128 —
657 2104 748 2136 Deus
774 2104 917 2145 physice
940 2108 1128 2145 praemovet
1155 2113 1278 2138 causas
1306 2105 1478 2138 secundas

230 2154 356 2242 llibzras
390 2152 434 2240 a)d
463 2151 649 2193 agendum,
690 2151 820 2183 intacta
855 2159 976 2183 earum
1012 2151 1179 2190 libertate,
1220 2152 1256 2183 T.
1289 2151 1340 2190 33,
1379 2151 1477 2192 (Vide

250 2210 272 2232 n
303 2208 397 2233 ustus
418 2221 427 2230 .

191 2256 443 2293 Praescientia.
482 2258 531 2290 De
565 2256 688 2288 divina
717 2256 945 2297 praescientia
982 2256 1209 2297 futurorum.
1248 2257 1285 2295 T,
1317 2257 1355 2288 24
1382 2257 1476 2299 (Vide

232 2305 420 2384 ῗοὶεηίἱαὶῇ
437 2304 543 2383 -ige
558 2302 745 2336 concordia
758 2303 888 2335 divinoe
901 2303 1135 2344 proescientiae
1160 2312 1239 2336 cum
1259 2303 1417 2336 humana
1438 2305 1477 2336 li-

255 2355 378 2392 ertate,
424 2374 434 2391 ,
