1584 2569
171 168 239 203 202
310 177 369 202 sus
394 177 552 202 NATunAE.
582 177 647 201 Lm.
677 176 712 200 n.
742 176 816 200 car.
846 175 868 200 1.
898 175 939 199 DE
964 174 1147 199 socnzmrn
1173 173 1361 197 confisum

171 258 301 302 nium3
322 257 416 293 nihil
438 268 528 304 ergo
550 255 676 303 quoad
701 256 773 291 hoc
796 255 911 292 habet
930 259 1097 293 statuere
1120 256 1312 294 societatis
1337 259 1454 297 civilis

170 311 390 355 auctoritas,
413 315 455 346 ut
475 310 680 357 probatum
707 313 776 344 est.
800 308 872 344 Sed
900 313 1037 345 natura
1057 311 1201 357 pariter
1225 312 1360 348 statuit
1385 312 1455 349 im-

169 363 391 411 pedimenta
421 363 521 399 inter
552 373 734 410 personas
769 361 1037 399 contrahentes
1071 364 1384 411 matrimonium,
1418 372 1453 403 at

171 427 248 452 non
262 427 414 463 semper
427 416 558 451 omnia
573 415 830 459 determinate,
846 414 911 450 sed
925 415 1104 461 quaedam
1118 417 1226 452 modo
1242 417 1452 454 indetermi-

170 474 272 505 nato.
286 469 384 516 Ergo
400 469 607 504 auctoritas
621 467 742 504 civilis
756 471 883 515 potest
896 467 1147 505 determinare
1161 480 1204 505 ea
1218 480 1304 517 quae
1319 476 1455 508 natura

172 522 459 558 indeterminate
490 521 677 568 praecipst,
708 525 748 556 at
776 520 963 556 exclusive
995 521 1033 556 in
1065 521 1198 558 ordine
1231 522 1278 558 ad
1309 524 1451 562 bonum

171 585 390 619 commune,
418 573 521 620 quod
547 578 604 610 est
630 574 740 610 limes
766 574 884 621 ipsius
911 575 1150 611 auctoritatis
1172 586 1179 610 :
1200 575 1303 622 quod
1324 577 1354 612 si
1375 578 1455 625 ipsa

171 628 305 663 statuit
336 637 421 673 quae
452 637 474 662 a
502 630 639 662 natura
670 626 948 674 praecipiuntur
978 631 1044 662 aut
1074 627 1341 674 prohibentur,
1375 629 1457 667 haec

171 690 249 716 non
269 690 292 716 a
311 680 474 727 positiva
499 679 599 715 civili
626 679 867 723 auctoritate,
889 678 954 714 sed
972 689 994 714 a
1010 679 1092 726 lege
1116 686 1264 717 naturae
1286 682 1457 730 vigorem

172 732 314 769 habent
335 734 407 777 (25,
430 732 539 776 VIII).
562 752 606 757 -
627 732 697 768 Ubi
715 742 802 768 vero
823 732 1117 768 matrimonium
1139 743 1215 769 non
1236 738 1362 781 potest
1379 746 1458 772 esse

170 784 319 820 validus
355 789 574 820 contractus
615 785 688 820 nisi
727 785 776 820 sit
813 790 1117 830 sacramentum,
1156 785 1228 822 hoc
1267 791 1324 822 est
1360 788 1457 825 inter

171 838 414 881 christianos,
439 837 612 884 regulare
638 836 918 884 impedimenta
943 841 999 873 est
1021 838 1084 885 jus
1114 839 1346 875 exclusivum
1373 841 1457 877 reli-

171 891 297 938 gionis
313 901 378 926 seu
398 890 574 926 Ecclesiae
591 889 811 927 Catholicae.

219 942 388 990 Objeetz'o
413 943 591 980 secunda.
619 943 905 979 Matrimonium
932 954 1048 990 quam
1075 944 1243 981 maxime
1266 945 1394 982 influit
1419 947 1459 984 in

172 995 347 1032 ordinem
367 996 560 1033 socialem.
582 995 681 1043 Ergo
698 995 876 1032 subditur
894 996 993 1031 civili
1016 997 1234 1033 auctoritati
1253 998 1396 1034 sociali.

216 1050 325 1096 Resp.
354 1048 622 1095 Retorquendo
655 1054 928 1096 argumentum
961 1059 968 1084 :
1005 1050 1299 1087 matrimonium
1332 1052 1457 1098 quoad

172 1113 284 1138 suum
329 1103 445 1137 finem
487 1101 757 1149 principalem,
799 1112 935 1148 nempe
976 1103 1094 1148 prolis
1138 1105 1458 1150 procreationem,

171 1156 296 1202 magis
334 1154 462 1190 instuit
496 1155 534 1189 in
570 1154 744 1190 ordinem
779 1155 973 1200 socialem,
1007 1165 1124 1201 quam
1166 1157 1459 1193 matrimonium

173 1210 300 1255 ipsum
326 1207 455 1255 prouti
481 1212 538 1242 est
560 1206 723 1254 simplex
749 1207 840 1242 unio
867 1207 1093 1254 conjugum.
1118 1207 1217 1255 Ergo
1244 1211 1457 1257 procreatio

173 1260 292 1307 prolis
314 1260 517 1307 subjicitur
542 1260 722 1306 potestati
750 1259 862 1305 civili,
884 1260 939 1296 ita
959 1270 1096 1307 nempe
1119 1266 1162 1296 ut
1182 1262 1303 1298 civilis
1330 1268 1459 1300 aucto—

173 1314 265 1349 ritas
281 1314 345 1360 Jus
360 1313 498 1348 habeat
516 1312 803 1359 praescribendi,
821 1313 1050 1360 conjugibus
1068 1323 1273 1350 numerum
1291 1315 1460 1351 filiorum

173 1366 513 1414 procreandorum.
525 1386 570 1392 —
582 1366 674 1407 Quae
689 1366 963 1412 consequentia
979 1366 1145 1402 absurda
1159 1371 1214 1402 est
1229 1371 1265 1403 et
1280 1367 1459 1415 ridicula3

173 1420 292 1466 igitur
308 1423 344 1454 et
364 1418 530 1454 absurda
547 1419 726 1465 obJ'ectiO.
747 1438 792 1444 —
810 1418 1026 1465 Respondeo
1046 1419 1213 1455 secundo
1231 1430 1239 1456 :
1262 1421 1461 1457 matrimo-

173 1473 280 1507 nium
308 1471 434 1506 inssuit
459 1471 496 1506 in
519 1471 742 1507 societatem
765 1471 915 1507 civilem
943 1471 1034 1517 quia
1054 1476 1119 1517 est,
1142 1477 1178 1507 et
1200 1473 1323 1519 ipsam
1344 1475 1461 1510 socie-

174 1529 293 1559 tatem
322 1524 472 1560 civilem
502 1528 640 1559 natura
663 1534 733 1559 sua
761 1523 961 1570 praecedit.
991 1524 1088 1570 Ergo
1116 1525 1409 1562 matrimonium
1441 1538 1461 1562 a

173 1577 354 1612 societate
379 1576 479 1611 civili
510 1586 586 1612 non
615 1575 774 1623 pendet,
799 1576 871 1611 nisi
898 1576 936 1611 in
964 1575 1022 1611 his
1055 1586 1141 1622 quae
1175 1583 1460 1624 consequuntur

173 1634 347 1665 eaecernas
377 1629 580 1664 relationes
607 1628 841 1664 familiarum
874 1630 1143 1675 exui-gentium
1171 1640 1215 1664 ex
1250 1631 1330 1677 ipso
1366 1642 1459 1678 prae·

174 1682 362 1717 existente
381 1678 637 1716 matrimonio.

223 1733 392 1780 Objectio
416 1734 541 1769 tertia.
567 1732 738 1769 Nimium
761 1738 1012 1780 augmentum
1033 1735 1091 1770 vel
1111 1735 1230 1771 nimia
1257 1735 1462 1772 diminutio

174 1786 307 1834 populi
335 1791 498 1833 vergunt
528 1785 728 1822 manifeste
755 1786 794 1821 in
825 1786 1010 1822 damnum
1040 1787 1256 1833 societati53
1286 1788 1331 1824 ad
1360 1789 1463 1836 quod

175 1838 450 1877 removendum
477 1838 627 1874 socialis
657 1839 865 1874 auctoritas
893 1838 1035 1875 nedum
1057 1840 1121 1886 jus
1151 1840 1266 1876 habet
1291 1840 1356 1877 sed
1381 1840 1463 1877 offi-

174 1893 297 1928 cium.
329 1892 443 1938 Atqui
477 1902 553 1927 non
586 1894 712 1939 potest
743 1902 920 1938 reparare
955 1891 1140 1928 damnum
1175 1892 1268 1929 illud
1295 1894 1368 1929 nisi
1398 1899 1462 1930 aut

175 1943 415 1991 prohibendo
430 1948 498 1980 aut
517 1943 742 1991 imperando
764 1945 1024 1980 matrimonia.
1041 1945 1139 1992 Ergo
1158 1946 1197 1981 in
1215 1947 1463 1983 matrimonia

175 1999 259 2044 ipsa
274 1998 337 2043 jus
356 1997 470 2032 habet
487 1997 696 2033 auctoritas
713 1997 876 2033 socialis.

221 2050 330 2096 Resp.
347 2049 495 2085 Omissa
508 2049 573 2085 sed
589 2060 665 2085 non
680 2060 858 2085 concessa
873 2051 998 2097 prima
1012 2055 1119 2097 parte
1136 2051 1314 2097 majoris,
1333 2051 1463 2087 distin·

177 2113 252 2149 guo
269 2103 429 2137 alteram
447 2112 455 2136 ε
477 2101 525 2137 ad
546 2101 819 2138 removendum
841 2101 1026 2138 damnum
1044 2102 1138 2138 illud
1168 2103 1318 2139 socialis
1336 2108 1463 2139 aucto-

177 2155 270 2192 ritas
285 2155 349 2201 jus
373 2154 486 2189 habet
509 2154 664 2200 directe,
686 2165 800 2201 ne903
823 2155 1019 2198 indirecte,
1042 2155 1215 2191 concedo.
1237 2156 1463 2202 Argumenti

175 2212 306 2245 autem
325 2207 509 2243 minorem
524 2219 620 2254 nego
636 2208 822 2244 absolute.
840 2228 885 2234 -
902 2207 1011 2245 Sicut
1029 2209 1066 2244 in
1082 2209 1215 2244 ceteris
1236 2209 1361 2253 rebus,
1378 2219 1463 2256 quoe

177 2260 223 2297 de
242 2260 325 2308 lege
347 2265 495 2297 naturae
516 2264 617 2305 sunt,
643 2260 794 2297 socialis
818 2261 1026 2297 auctoritas
1050 2265 1193 2297 tenetur
1220 2261 1348 2297 media
1376 2261 1464 2297 civi-

176 2314 248 2350 bus
267 2323 485 2361 procurare,
507 2313 646 2359 quibus
666 2318 815 2350 naturae
836 2313 963 2350 officia
982 2318 1019 2349 et
1037 2313 1241 2361 perfectius
1259 2319 1295 2350 et
1318 2314 1463 2351 facilius

177 2366 444 2414 adimpleant:
474 2370 510 2402 et
536 2366 574 2401 in
598 2365 672 2402 hoc
701 2377 813 2402 sensu
843 2367 926 2413 ipsa
955 2365 1138 2403 indirecte
1172 2366 1299 2402 influit
1330 2367 1367 2402 in
1398 2377 1463 2402 na-

180 2424 274 2455 turae
292 2419 418 2466 leges3
440 2420 494 2455 ita
518 2419 558 2454 in
583 2418 716 2455 ordine
737 2418 785 2455 ad
808 2420 1101 2455 matrimonium
1122 2430 1160 2455 sc
1185 2430 1313 2466 gerere
1337 2418 1462 2456 debet.
