1584 2569
429 170 509 195 Am.
533 170 572 195 ιι.
591 170 634 194 m:
662 170 854 195 ammona
879 170 1061 196 mrmuom
1330 163 1388 197 241

106 238 338 276 restituendo
359 239 640 288 quinquaginta
656 245 816 286 scutata,
839 242 1014 287 quamvis
1029 252 1106 277 non
1126 245 1395 289 assequeretur

49 310 54 315 ·
102 292 310 341 perfectam
330 292 605 340 aequalitatem.
622 314 665 320 —
686 293 783 338 11-11‚
806 294 875 335 Qu.
897 294 1031 337 LXXX,
1052 294 1168 330 Artic.
1186 295 1288 330 unic.

486 405 744 441 ARTICULUS
773 405 1010 441 SECUNDUS

715 490 788 534 (33)

502 571 557 607 De
581 571 767 617 relz’yione
800 570 992 607 interiori.

149 670 177 705 1.
204 670 484 707 Praenotamen.
513 667 766 706 Distinximus
793 670 883 706 alibi
912 672 969 716 (16
996 674 1033 706 et
1055 671 1112 715 17)
1136 675 1243 707 actus
1260 672 1393 707 huma-

104 732 174 757 nos
200 723 239 757 in
259 723 403 759 elicitos
422 727 457 759 et
481 723 519 758 in
547 724 751 769 imperatos
778 734 800 759 a
825 723 1036 759 voluntate.
1065 723 1182 758 Primi
1208 723 1329 759 latent
1355 724 1393 759 in

104 775 188 822 ipsa
214 775 370 821 anima3
391 775 456 812 alii
480 786 569 812 vero
597 776 713 812 etiam
740 776 974 812 extrinsecus
1006 780 1151 823 patent,
1179 776 1234 811 illi
1257 787 1395 823 nempe

101 827 171 879 qui
202 837 270 874 per
301 828 565 875 organismum
598 831 798 864 externum
832 828 1004 875 corporis
1039 832 1277 864 exercentur.
1300 829 1394 864 Cum

101 872 224 927 igitur
234 879 368 927 religio
382 880 564 927 importet
576 891 620 916 or
622 880 746 916 dinem
761 880 929 916 hominis
945 880 997 916 ad
1006 880 1139 922 Deum,
1156 891 1307 917 necesse
1324 886 1394 925 est,

101 931 153 968 ad
178 931 413 969 enucleatius
438 932 664 980 explicanda.
689 943 775 980 quoe
800 933 973 980 generice
994 934 1033 968 in
1058 932 1289 980 praecedenti
1307 934 1394 969 arti-

104 984 190 1021 culo
219 984 389 1021 stabilita
422 990 524 1030 sunt,
552 990 594 1021 ut
629 986 734 1033 prius
764 996 924 1033 agamus
954 985 1000 1022 de
1034 985 1168 1021 ordine
1195 986 1243 1022 ad
1275 987 1394 1022 Deum

105 1036 232 1084 quoad
261 1038 463 1074 interiores
491 1041 598 1075 actus
622 1037 804 1082 hominis,
836 1038 976 1084 quibus
1002 1039 1252 1074 constituitur
1274 1039 1396 1075 cultus

99 1078 205 1144 :inter
207 1101 291 1136 nus,
310 1094 443 1138 postea
461 1091 501 1126 in
519 1091 695 1137 sequenti
714 1090 876 1127 articulo
895 1090 941 1127 de
962 1090 1124 1127 ordine
1115 1102 1198 1138 ipso
1216 1091 1264 1127 ad
1275 1092 1395 1127 Deum

100 1142 233 1203 'quoad
256 1147 362 1179 actus
385 1144 605 1188 exteriores,
635 1143 775 1190 quibus
801 1144 1050 1180 constituitur
1066 1144 1188 1180 cultus
1208 1149 1394 1180 eaelernus.

101 1182 220 1232 Actus
244 1199 375 1231 autem
401 1196 602 1232 interiores
629 1196 798 1232 hominis
822 1201 911 1232 sunt
939 1197 1130 1244 praecipue
1154 1198 1280 1244 coquit
1287 1199 1322 1232 io
1352 1209 1397 1232 ex

105 1252 214 1296 parte
239 1248 466 1293 intellectus,
493 1253 532 1284 et
551 1259 659 1284 amor
684 1260 730 1284 ex
753 1253 860 1296 parte
888 1249 1111 1285 voluntatis.
1130 1250 1228 1297 Ergo
1250 1256 1291 1285 ut
1312 1251 1397 1286 reli-

107 1300 231 1348 gionis
256 1310 322 1336 seu
348 1300 472 1336 cultus
499 1301 692 1338 interioris
719 1301 845 1337 officia
868 1301 939 1337 rite
968 1306 1200 1346 statuantur,
1223 1303 1328 1349 prius
1352 1302 1396 1337 de

100 1352 240 1398 ‘ordine
259 1352 428 1389 hominis
457 1352 505 1389 ad
531 1354 653 1389 Deum
674 1364 741 1401 per
760 1354 1035 1401 cognitionem,
1058 1355 1145 1390 dein
1165 1365 1252 1391 vero
1271 1354 1317 1390 de
1338 1366 1397 1390 or-

107 1405 195 1442 dine
213 1406 297 1452 ipso
318 1416 386 1452 per
404 1417 575 1442 amorem
594 1410 651 1442 est
669 1406 887 1442 dicendum.
910 1406 966 1442 Sit
983 1408 1102 1454 igitur
1121 1418 1129 1442 :

153 1458 199 1495 II.
217 1458 336 1495 Homo
349 1460 548 1505 religionis
564 1459 689 1496 officio
702 1462 873 1505 tenetur,
887 1464 1075 1505 quantum
1088 1462 1128 1496 in
1150 1471 1189 1497 se
1207 1464 1278 1505 est,
1290 1465 1397 1497 recte

100 1511 153 1548 'de
172 1512 247 1548 Deo
271 1512 429 1548 sentire.
447 1512 537 1549 Dico
556 1516 744 1559 quantum
765 1513 804 1548 in
824 1523 864 1549 se
888 1517 957 1558 est,
980 1517 1023 1548 ut
1042 1513 1154 1561 culpa
1173 1513 1398 1549 excludatur

100 1558 140 1614 Jsi
160 1563 277 1600 homo
297 1564 517 1612 ignorantia
537 1564 762 1601 invincibili
781 1565 933 1612 ignoret
950 1564 1130 1611 quaedam
1148 1566 1399 1612 exquisitiora

101 1617 173 1653 'Dei
189 1616 389 1662 attributa,
411 1621 477 1652 aut
497 1617 597 1653 circa
613 1617 754 1653 horum
772 1622 950 1654 naturam
971 1618 1100 1654 minus
1124 1623 1224 1654 recte
1244 1619 1396 1654 sentiat.

106 1689 152 1696 -—
175 1668 365 1705 Probatur
387 1670 614 1717 propositio.
637 1670 759 1706 Homo
784 1669 981 1718 religionis
1003 1670 1128 1707 officio
1150 1675 1303 1707 tenetur
1322 1671 1398 1706 Deo

100 1721 286 1758 ‘exhibere
305 1721 479 1758 debitum
505 1722 707 1759 honorem.
731 1724 846 1770 Atqui
873 1722 1025 1759 debitus
1044 1723 1170 1759 honor
1189 1735 1266 1759 non
1296 1724 1398 1760 exhi-

106 1775 220 1810 betur
234 1774 325 1819 Deo,
342 1775 374 1810 si
394 1774 440 1810 de
456 1775 533 1810 Deo
552 1786 629 1810 non
657 1779 758 1811 recte
777 1776 978 1811 sentiatur.
1000 1776 1099 1823 Ergo
1117 1776 1234 1812 homo
1250 1777 1400 1823 religio-

107 1828 167 1862 nis
185 1826 311 1862 osficio
332 1830 497 1869 tenetur,
519 1831 709 1873 quantum
730 1828 769 1862 in
797 1838 836 1864 se
860 1832 929 1873 est,
959 1833 1059 1864 recte
1080 1828 1126 1863 de
1146 1829 1222 1864 Deo
1245 1829 1398 1864 sentire.

110 1900 151 1907 --
180 1879 370 1915 Probatur
386 1878 514 1915 minor
546 1889 555 1915 ε
587 1880 717 1915 Honor
737 1880 840 1915 enim
870 1891 948 1916 non
969 1880 1073 1917 aliud
1095 1885 1150 1916 est
1170 1891 1287 1927 quam
1317 1881 1399 1917 laus

101 1932 167 1975 ,vel
185 1932 409 1976 reverentia,
424 1932 483 1968 vel
502 1931 626 1968 cultus
644 1931 753 1968 alteri
780 1932 974 1968 exhibitus
995 1938 1153 1981 propter
1173 1934 1255 1981 ejus
1272 1935 1400 1982 cogni-

101 1980 189 2021 'tam
209 1984 489 2021 excellentiam.
508 1984 631 2032 Igitur
647 1996 724 2020 non
742 1989 844 2021 recte
868 1985 1009 2021 sentire
1030 1985 1076 2021 de
1096 1986 1256 2022 veritate
1279 1987 1400 2023 excel-

107 2037 238 2073 lentiae
264 2036 403 2074 divinae
435 2037 648 2074 necessario
674 2037 788 2073 insert
815 2038 853 2073 in
874 2037 1030 2074 homine
1058 2039 1303 2086 negationem
1334 2043 1400 2075 aut

108 2089 407 2126 diminutionem
424 2089 559 2126 saltem
581 2089 740 2126 honoris
771 2090 847 2126 Deo
868 2089 1000 2136 debiti,
1022 2094 1060 2126 et
1078 2090 1186 2127 laedit
1200 2091 1399 2138 justitiam

105 2142 229 2201 ipsius
257 2142 468 2190 religionis,
493 2147 656 2179 autnon
680 2142 875 2179 reddendo
898 2142 976 2179 Deo
1001 2142 1105 2189 quod
1132 2144 1205 2191 ipsi
1225 2143 1398 2183 debetur

105 2189 177 2231 aut
207 2195 336 2231 minus
365 2206 482 2242 quam
521 2195 695 2232 debetur.
725 2216 770 2221 —
800 2196 894 2232 Hinc
928 2196 1066 2232 merito
1100 2195 1137 2232 S.
1165 2197 1400 2244 Augustinus

109 2247 190 2283 Lib.
210 2247 307 2291 1‚De
324 2247 442 2284 libero
459 2248 625 2284 arbitrio
648 2248 737 2294 Cap.
760 2248 806 2292 11,
828 2259 866 2284 n.
886 2251 919 2294 5,
942 2249 1026 2285 ait:
1050 2249 1237 2295 Optime
1261 2249 1304 2285 de
1323 2249 1399 2285 Deo

110 2298 330 2336 existimare
346 2300 585 2337 verissimum
599 2276 820 2347 estpietalis
835 2301 1046 2337 exordium

156 2352 223 2388 111.
238 2351 289 2388 Ut
307 2355 439 2389 autem
450 2353 564 2390 homo
584 2356 691 2389 recte
711 2356 751 2389 et
766 2363 853 2389 cum
867 2353 997 2390 dehita
1014 2355 1252 2390 certitudine
1266 2355 1311 2391 de
1325 2355 1400 2390 Deo

111 2408 266 2452 sentiat,
292 2406 524 2450 necessaria,
537 2406 771 2442 necessitate
791 2406 940 2451 morali,
959 2409 1020 2442 est.
1040 2407 1170 2444 divina
1186 2407 1399 2444 revelatio.

144 2483 290 2512 ῑωιιΔιΑ.
314 2487 429 2514 Summa
454 2487 662 2521 philosophica.
677 2502 711 2508 -
724 2489 754 2514 T.
773 2489 824 2516 111.
1298 2489 1330 2516 Μ
