1584 2569
482 125 563 151 aar.
591 126 631 152 11.
659 124 704 152 οε
727 124 897 153 Eccmsm
921 126 1120 154 unacum
1381 123 1448 158 287

159 200 383 237 societatem
397 205 561 245 eamque
574 197 790 243 coelestem;
810 197 929 235 habes
943 199 1060 236 finem
1075 208 1298 247 supremum
1316 203 1448 251 ipsius,

159 251 438 289 beatitudinem
458 260 595 299 nempe
616 251 913 299 sempiternam;
934 251 1052 289 habes
1079 253 1325 301 designatum
1346 258 1449 304 prin-

158 306 282 351 cipem
306 303 371 351 qui
390 307 500 350 regat
521 303 721 340 visibiliter
743 302 844 340 hanc
869 304 1116 352 societatem3
1143 305 1264 343 habes
1285 307 1448 356 denique

159 355 457 405 amplitudinem
480 357 684 404 potestatis
711 356 1004 404 independentis
1031 368 1053 394 a
1073 369 1319 408 quocumque
1341 364 1448 409 prin—

158 411 257 458 cipio
278 414 464 454 humano,
486 412 523 445 et
549 409 619 446 soli
644 410 720 446 Deo
743 409 966 447 immediate
987 411 1180 459 subjectae.
1204 433 1249 440 —
1269 414 1383 452 Plura
1403 416 1448 453 de

161 463 233 500 hac
260 474 300 500 re
327 463 532 511 scriptores
560 463 818 507 ecclesiastici,
841 474 927 510 quae
954 467 1181 502 summatim
1211 466 1326 504 refert
1351 470 1449 505 Emi-

158 516 408 554 nentissimus
438 514 623 552 Camillus
651 516 834 563 Tarquini
864 517 903 553 in
934 517 1011 553 suis
1041 517 1152 555 Juris
1181 520 1449 560 Ecclesiastici

155 569 308 618 publici
335 567 645 606 institutionibus
671 569 751 605 Lib.
778 571 807 614 Ι,
834 570 922 616 Cap.
948 571 976 615 I,
1006 571 1102 607 Sect.
1131 572 1176 614 11,
1204 574 1320 610 Artic.
1346 576 1373 612 Ι.
1402 597 1447 603 —-

158 623 213 660 Cf.
240 621 452 659 Cardinalis
478 622 650 669 Cajetani
674 622 1011 670 praeclarissimam
1030 625 1311 672 expositionem
1335 639 1448 677 super

158 677 276 713 cit-ata
294 675 411 711 verba
427 685 473 711 ex
492 675 697 722 Evangelio
720 676 756 711 S.
779 676 964 721 Matthaei,
990 677 1029 714 in
1053 679 1132 713 suis
1157 678 1448 719 Commentariis

159 728 394 766 litteralibus
415 728 458 765 in
477 733 644 775 quatuor
661 728 892 776 Evanyelia.

204 783 265 819 Ἦ.
281 782 398 818 Nori.
415 781 462 817 11.
478 781 530 817 De
546 781 669 818 forma
685 782 886 828 regiminis
898 783 940 819 in
958 783 1130 822 Ecclesia
1147 787 1352 824 catholica.
1371 789 1448 824 Dis-

159 836 345 871 tinximus
381 833 473 870 alibi
511 833 681 871 diversas
718 835 918 882 regiminis
950 836 1094 873 formas
1127 838 1167 873 in
1201 840 1449 878 societatibus

158 888 340 925 humanis
374 888 446 933 (56,
474 887 490 922 I
518 890 556 923 et
582 887 728 935 seqq.);
757 888 850 935 quia
877 899 965 925 vero
996 892 1033 925 et
1063 890 1231 928 Ecclesia
1258 893 1449 932 catholica

157 951 256 978 verae
288 943 404 988 atque
436 939 614 988 perfectae
647 941 842 977 societatis
874 945 1056 979 naturam
1095 943 1226 986 habet.
1263 947 1449 992 quaeritur

158 1003 340 1042 quaenam
369 993 419 1030 sit
448 994 574 1029 torma
601 993 802 1041 regiminis
830 994 1091 1032 ecclesiastici.
1127 996 1257 1034 Solent
1287 1000 1450 1047 quidam

158 1048 353 1084 affirmare
372 1045 540 1082 formam
560 1045 667 1081 illam
690 1056 772 1082 esse
796 1046 1064 1084 monarchiam
1088 1053 1344 1097 temperatam
1366 1058 1450 1091 tum

159 1099 403 1136 aristocratia
431 1098 655 1146 episcopali,
689 1101 773 1135 tum
802 1099 1039 1137 democratia
1069 1101 1242 1139 fidelium
1274 1107 1450 1143 omnium

159 1156 350 1201 quatenus
383 1161 518 1187 omnes
552 1150 684 1187 fideles
718 1153 863 1188 assumi
897 1157 1059 1200 possunt
1087 1155 1137 1191 ad
1171 1155 1450 1197 ecclesiasticas

159 1206 382 1254 dignitates.
399 1205 570 1247 Quorum
585 1203 744 1251 quidem
762 1207 953 1242 sententia
972 1211 1040 1243 aut
1059 1209 1256 1255 aequivoca
1271 1215 1343 1256 est,
1362 1223 1449 1249 meo

156 1259 316 1306 judicio,
333 1259 400 1294 aut
414 1266 587 1294 erronea.
606 1256 715 1298 Quod
733 1258 836 1293 enim
855 1258 1020 1295 Ecclesia
1039 1260 1230 1297 catholica
1250 1263 1449 1302 Pontificia

161 1311 398 1359 gubernetur
435 1310 679 1354 auctoritate,
717 1310 874 1346 adscitis
914 1312 954 1347 in
992 1316 1145 1359 partem
1182 1314 1449 1354 sollicitudinis

157 1363 364 1413 pastoralis
402 1362 518 1399 officii
552 1362 753 1410 episcopis,
793 1374 889 1410 quos
925 1364 1086 1410 Spiritus
1123 1367 1283 1405 Sanctus
1322 1372 1450 1417 posuit

157 1427 288 1465 regere
315 1415 524 1452 Ecclesiam
545 1415 625 1460 Dei,
654 1418 690 1451 et
710 1416 777 1462 qui
798 1426 844 1452 ex
871 1416 1046 1454 fidelibus
1069 1420 1265 1466 omnibus,
1288 1422 1386 1458 sicut
1414 1428 1451 1460 et

157 1471 264 1518 Papa
282 1469 377 1516 ipse⁷
395 1467 485 1514 eligi
501 1471 675 1515 possunt,
691 1467 853 1505 libenter
872 1470 1106 1507 conceditur.
1124 1472 1197 1508 Sed
1217 1473 1301 1510 haeo
1320 1477 1451 1513 omnia

158 1533 237 1559 non
260 1521 500 1558 constituunt
524 1520 598 1557 nisi
623 1521 817 1568 aequivoce
842 1522 1018 1570 regimen
1038 1525 1330 1563 monarchicum
1356 1532 1450 1564 tem-

158 1578 337 1624 peratum
363 1573 601 1610 aristocratia
631 1572 690 1609 vel
716 1573 969 1611 democratia.
996 1577 1161 1623 Etenim,
1189 1582 1232 1614 ut
1256 1589 1326 1627 ego
1356 1582 1449 1616 exis-

158 1629 269 1672 timo,
302 1630 394 1663 tunc
422 1626 549 1662 solum
579 1625 744 1663 habetur
773 1627 999 1665 monarchia
1029 1633 1260 1678 temperata,
1296 1634 1449 1682 quando

159 1681 286 1718 existit
294 1679 498 1728 potestatis
517 1678 673 1724 divisio,
691 1680 788 1716 sicut
802 1680 958 1727 quando
976 1682 1053 1718 sive
1068 1682 1302 1721 elementum
1317 1687 1448 1723 aristo-

158 1734 343 1772 craticum
371 1733 448 1767 sive
473 1731 776 1768 democraticum
797 1734 1071 1771 auctoritatem
1095 1736 1277 1774 socialem
1298 1740 1448 1786 partici-

160 1789 226 1834 pat
247 1795 409 1831 eamque
430 1784 619 1830 complet3
637 1788 679 1819 ut
694 1784 831 1821 accidit
851 1786 1007 1832 quando
1028 1798 1104 1824 non
1124 1789 1250 1825 solum
1273 1801 1318 1826 ex
1331 1802 1450 1839 popu-

159 1838 319 1881 laribus,
336 1836 401 1873 sed
416 1836 580 1884 populus
592 1836 653 1883 jus
670 1835 788 1872 habet
803 1837 967 1885 eligendi
982 1840 1189 1887 principes,
1202 1852 1269 1878 seu
1286 1843 1370 1880 illos
1384 1847 1452 1892 qui

159 1893 246 1928 voto
260 1889 508 1927 deliberativo
523 1889 706 1935 potestati
720 1890 838 1937 regiae
859 1891 1046 1928 assistunt
1063 1892 1137 1939 (56,
1154 1894 1230 1940 ΙΙΙ).
1248 1896 1364 1932 Porro
1378 1889 1453 1934 hoc¹

159 1943 299 1980 veriori
321 1951 437 1979 sensu
457 1944 612 1988 accepta
633 1941 860 1979 monarchia
880 1946 1108 1991 temperata,
1128 1945 1200 1982 dici
1225 1958 1301 1984 non
1324 1953 1451 1996 potest

160 1997 327 2032 formam
358 1994 559 2042 regiminis
588 1995 626 2030 in
662 1994 829 2031 Ecclesia
864 1996 929 2032 Dei
958 2007 1039 2033 esse
1072 1999 1340 2036 monarchiam
1373 2012 1448 2038 non

161 2048 393 2092 absolutam,
415 2056 502 2094 quae
521 2046 631 2082 unice
654 2048 692 2082 in
718 2048 823 2094 Papa
850 2049 912 2094 sit,
938 2049 1005 2085 sed
1034 2054 1307 2095 temperatam.
1333 2054 1450 2101 quue

161 2100 363 2138 manifeste
385 2100 674 2136 demonstratur
690 2103 773 2136 tum
790 2111 815 2136 a
832 2101 965 2147 priori
982 2104 1064 2138 tum
1087 2113 1109 2139 a
1123 2106 1348 2150 posteriori.

206 2154 236 2191 A
260 2153 406 2200 priori.
433 2153 479 2189 Ut
505 2153 606 2189 enim
632 2154 917 2200 sapientissime
942 2156 1196 2193 ratiocinatur
1222 2158 1258 2194 S.
1285 2159 1449 2197 Thomas

162 2209 201 2245 in
229 2207 276 2242 IV
305 2206 449 2243 Contra
477 2204 653 2249 Gentiles,
681 2207 770 2253 Cap.
797 2207 944 2252 LXXVI,
967 2219 1005 2245 n.
1035 2209 1054 2246 3
1077 2220 1084 2245 ;
1115 2223 1131 2243 ι
1158 2210 1258 2247 Nulli
1286 2212 1447 2250 dubium

160 2270 244 2297 esse
273 2258 386 2294 debet
419 2258 512 2305 quin
541 2258 715 2295 Ecclesiae
746 2260 918 2306 regimen
947 2262 998 2298 sit
1031 2263 1174 2310 optime
1210 2263 1445 2312 ordinatum,

162 2315 293 2359 utpote
326 2321 395 2358 per
425 2321 514 2347 eum
546 2311 790 2359 dispositum,
826 2323 894 2360 per
925 2325 1041 2361 quem
1072 2316 1186 2363 Reyes
1212 2323 1386 2364 reynant,
1415 2327 1447 2357 ec

161 2365 284 2411 lequm
301 2363 514 2401 conditores
531 2364 643 2412 justa
663 2365 877 2402 decernunt.
902 2367 1098 2416 Optimum
1119 2371 1249 2406 autem
1276 2371 1448 2418 regimen
