1584 2569
134 142 215 167 Aur.
233 141 300 165 vu.
322 140 365 165 DE
380 140 455 165 OFF.
473 141 512 164 ET
526 140 601 164 JUR.
618 139 842 164 sunnrrontm
861 137 952 163 ERGA
968 138 1082 163 1‘0L1T.
1099 138 1322 163 POTESTATEM
1351 129 1414 162 2²37

135 213 185 249 sit
209 212 337 250 activa
365 213 583 248 resistentia
614 212 653 247 in
680 211 842 247 subditis
874 213 1008 246 contra
1037 210 1164 256 ipsum
1196 214 1416 256 tyrannum,

136 269 190 302 ita
208 270 250 301 ut
271 265 328 301 vel
348 276 465 312 regno
486 265 671 311 expoliari
698 275 720 300 a
740 263 901 300 subditis
922 264 1056 310 possit,
1079 262 1134 299 vel
1151 263 1268 299 etiam
1296 267 1417 298 morte

136 319 262 365 plecti.
291 320 332 354 In
362 318 433 354 hac
459 318 669 364 quaestione
702 317 882 353 solvenda
908 326 987 364 prae
1014 316 1132 352 oculis
1159 316 1339 352 habenda
1365 319 1419 352 est

136 371 312 407 doctrina
331 370 528 406 catholicae
547 370 733 407 Ecclesiae.
755 370 797 405 In
817 369 977 405 concilio
1004 380 1095 416 ergo
1124 370 1419 412 Constantiensi‚

136 425 236 460 sess.
253 425 345 461 VIII.
363 429 399 459 et
414 423 690 460 Constitutione
705 423 853 459 Martini
864 423 904 465 V,
917 423 1021 459 Inter
1031 427 1199 467 cunctas,
1215 423 1420 457 damnatur

136 477 217 512 hoec
252 477 461 524 propositio
507 487 594 524 quae
627 480 683 512 est
714 477 806 511 XVII
835 487 880 512 ex
910 476 996 512 XLV
1022 475 1194 511 articulis
1224 475 1381 510 Wiclesfi
1413 486 1420 509 :

139 545 155 561 ι
192 530 400 577 Populares
431 534 592 576 possunt
622 529 670 565 ad
706 539 819 564 suum
849 528 1050 564 arbitrium
1079 528 1264 563 Dominos
1300 527 1421 563 delin-

137 587 297 630 quentes
323 583 526 629 corrigere.
550 597 565 615 ι
588 604 632 608 -
651 584 696 618 Et
717 583 815 619 Sess.
835 582 894 617 XV
932 582 980 617 ab
1001 581 1146 617 eisdem
1168 581 1357 625 Patribus,
1387 585 1422 616 et

138 647 161 671 a
188 636 305 672 Paulo
334 637 374 681 V,
405 636 605 672 Constitut.
636 635 738 672 Cura
770 635 968 671 Dominicz·
997 634 1141 680 Greyts,
1169 635 1248 669 XIV
1280 635 1422 669 Janua-

138 689 183 724 rii
203 690 366 732 MDCXV,
393 689 646 735 proscribitur
666 688 748 725 haec
770 688 943 724 doctrina
971 699 978 723 ε
1007 702 1025 720 «
1053 688 1219 729 Quilibet
1240 692 1424 734 tyrannus

139 744 264 788 potest
289 746 327 778 et
349 741 461 778 debet
486 742 586 778 licite
619 745 654 778 et
680 742 876 778 meritorie
901 741 1019 777 occidi
1049 751 1117 787 per
1143 751 1424 786 quemcumque

141 795 345 831 vassallum
366 805 493 839 suum,
514 806 581 831 seu
599 795 809 838 subditum,
833 795 949 830 etiam
971 804 1039 841 per
1057 793 1311 829 clancularias
1332 794 1425 828 insi-

145 846 234 891 dias,
263 851 300 882 et
332 847 488 883 subtiles
517 847 739 892 blanditias,
768 847 824 882 vel
851 846 1107 890 adulationes,
1140 856 1216 882 non
1249 846 1426 881 obstante

141 910 382 946 quocumque
415 901 586 947 praestito
621 900 838 946 juramento
873 910 936 935 seu
972 899 1280 934 confederatione
1318 898 1427 934 factis

141 963 226 988 cum
248 963 306 996 e0‚
329 963 404 988 non
425 956 625 999 expectata
649 953 838 988 sententia
859 952 915 987 vel
936 952 1120 987 mandato
1140 951 1277 998 judicis
1298 952 1427 998 cujus-

140 1015 318 1053 cumque.
353 1020 369 1038 »
404 1027 447 1031 —
474 1005 527 1041 Cf.
562 1005 703 1041 Roselli
732 1005 886 1049 Eclzz‘ca,
925 1005 994 1047 Qu.
1028 1005 1112 1050 ult.,
1142 1005 1257 1040 Artic.
1287 1005 1329 1043 V.
1364 1003 1427 1039 ubi

139 1058 257 1098 etiam
278 1057 391 1094 refert
422 1058 661 1094 definitiones
683 1058 839 1094 Concilii
865 1057 1037 1093 Toletani
1066 1058 1106 1092 V.
1139 1077 1184 1082 —
1210 1057 1428 1104 Tyrannici-

141 1111 248 1147 dium
269 1121 359 1158 ergo
391 1111 539 1156 privata
566 1111 792 1147 auctoritate
818 1113 1082 1158 perpetratum
1111 1110 1286 1146 illicitum
1313 1112 1370 1145 est
1393 1113 1429 1145 et

142 1163 410 1200 detestandum
433 1175 442 1199 ;
466 1163 532 1199 sed
547 1174 593 1199 ex
612 1163 683 1199 hoc
701 1165 784 1209 ipso
806 1167 912 1200 estne
934 1163 1064 1199 illicita
1091 1174 1345 1210 quaecumque
1369 1173 1429 1198 re-

140 1217 314 1252 sistentia
334 1217 455 1252 aetiva
474 1218 663 1262 tyranno?

189 1269 249 1305 XI.
271 1269 472 1305 Sententia
482 1269 618 1313 prima.
635 1269 677 1304 In
694 1268 766 1304 hac
780 1268 898 1316 igitur
912 1268 1109 1304 salebrosa
1122 1270 1334 1315 quaestione
1356 1270 1429 1305 sol-

143 1321 263 1358 venda
288 1321 403 1358 variae
436 1322 681 1369 proferuntur
713 1322 910 1357 sententiae
943 1332 965 1357 a
997 1321 1265 1368 scriptoribus.
1295 1322 1430 1358 Procul

141 1374 258 1410 dubio
279 1374 401 1421 iniqui
423 1374 611 1421 principes
631 1374 784 1421 populis
804 1375 994 1422 corruptis
1016 1374 1155 1410 dantur
1173 1386 1194 1410 a
1214 1376 1306 1418 Deo,
1324 1375 1432 1421 juxta

143 1426 237 1463 illud
264 1427 370 1463 Oseae
396 1427 489 1462 XIII.
524 1438 556 1462 v.
588 1429 625 1463 11
652 1426 761 1463 Dabo
786 1426 860 1463 tibi
885 1438 1006 1474 reqem
1038 1427 1079 1463 in
1105 1428 1240 1473 furore
1271 1439 1368 1472 meo,·
1395 1431 1431 1463 et

142 1480 235 1516 illud
255 1479 338 1516 Job.
364 1480 519 1515 XXXIV.
541 1491 575 1515 v.
600 1481 657 1524 30,
678 1480 848 1526 Regnare
865 1480 966 1526 facit
985 1480 1172 1516 hominem
1192 1480 1431 1528 hypocritam

138 1536 297 1579 propter
307 1537 464 1578 peccata
478 1532 631 1580 populi.
655 1533 708 1568 Ex
726 1533 866 1580 quibus
883 1532 1064 1569 omnibus
1079 1534 1273 1580 sapienter
1293 1534 1332 1569 in
1353 1535 1368 1569 Ι
1387 1534 1431 1569 de

137 1585 336 1631 Reqimine
351 1584 593 1631 Principum,
616 1585 704 1633 Cap.
724 1586 783 1627 VI,
801 1585 888 1632 fine,
905 1586 942 1622 S.
965 1585 1133 1622 Thomas
1152 1586 1347 1622 concludit
1365 1587 1430 1621 tol-

141 1638 298 1674 lendam
316 1648 397 1674 esse
418 1638 550 1686 populi
571 1639 725 1686 culpam
752 1642 792 1674 ut
814 1643 934 1675 cesset
953 1643 1206 1685 tyrannorum
1238 1640 1368 1687 plaga.
1387 1659 1433 1665 ——

141 1692 321 1727 Attamen
341 1690 422 1727 haec
449 1691 581 1727 omnia
608 1702 683 1727 non
705 1691 918 1738 justificant
939 1692 1170 1739 Principem.
1208 1693 1267 1729 Voe
1289 1693 1433 1729 Assur!

142 1743 284 1780 dicitur
302 1744 413 1780 Isaiae
432 1745 475 1779 X.
497 1755 532 1779 v.
555 1746 593 1788 53
618 1749 655 1779 et
674 1746 793 1780 Assur
813 1749 895 1781 erat
914 1744 1023 1791 virga
1043 1745 1183 1780 furoris
1209 1746 1359 1780 Domini
1384 1746 1433 1781 ad

144 1801 297 1844 gentem
316 1796 491 1832 fallacem
511 1797 650 1832 missus
671 1802 708 1832 et
727 1801 863 1833 contra
890 1798 1076 1843 populum
1105 1798 1244 1833 suroris
1266 1798 1431 1843 Domini,

145 1849 211 1895 (ib.
234 1859 289 1885 vv.
313 1850 332 1882 5
353 1853 390 1884 et
416 1849 463 1894 6).
490 1850 539 1885 At
567 1863 585 1882 «
606 1860 693 1885 cum
715 1849 927 1897 impleverit
955 1851 1139 1885 Dominus
1160 1855 1296 1886 cuncta
1316 1862 1434 1898 opera

143 1913 214 1938 sua
237 1902 276 1938 in
298 1904 430 1938 monte
450 1902 541 1938 Sion
562 1906 599 1938 et
628 1902 666 1937 in
691 1902 916 1947 Jerusalem,
945 1902 1107 1938 visitabo
1132 1914 1247 1949 super
1266 1902 1433 1939 fructum

144 1954 338 2002 magnifici
364 1954 489 1990 cordis
522 1955 621 2001 regis
653 1956 773 1991 Assur
808 1960 845 1991 et
879 1966 994 2002 super
1027 1955 1190 2002 gloriam
1219 1956 1433 1992 altitudinis

141 2008 344 2044 oculorum
371 2007 453 2053 ejus
487 2021 502 2039 ›
537 2007 604 2052 (ib.
635 2018 668 2043 v.
701 2007 768 2054 12).
802 2008 948 2044 Intacta
980 2008 1098 2055 igitur
1123 2013 1298 2044 remanet
1325 2019 1434 2055 quae-

143 2061 230 2098 stio.

189 2113 269 2149 XII.
288 2113 420 2150 Altera
440 2115 646 2150 sententia.
668 2114 811 2149 Dicitur
830 2113 997 2150 secundo
1021 2115 1125 2161 quod
1147 2115 1346 2162 tyrannica
1364 2126 1433 2162 op-

144 2166 292 2212 pressio
327 2166 553 2202 sustinenda
586 2170 644 2202 est
673 2167 875 2214 patienter,
912 2167 1009 2203 sicut
1037 2168 1304 2210 infirmitates,
1336 2168 1435 2203 sicut

142 2220 271 2254 cetera
293 2219 396 2255 mala
421 2219 560 2266 quibus
590 2219 666 2255 vita
685 2219 888 2256 hominum
911 2219 1094 2268 affligitur
1114 2222 1152 2256 in
1174 2220 1247 2257 hoc
1271 2221 1432 2258 mundo.

147 2270 220 2307 Sed
234 2281 304 2318 per
322 2270 421 2307 hanc
439 2272 730 2319 responsionem
759 2276 945 2316 mutatur,
968 2284 1044 2309 non
1067 2273 1228 2310 solvitur
1257 2273 1434 2320 quaestio.

144 2323 364 2366 Quaerimus
397 2324 499 2360 enim
532 2325 578 2361 de
602 2325 773 2372 justitia,
804 2330 840 2361 et
871 2326 1127 2373 respondetur
1156 2327 1201 2362 de
1232 2327 1433 2374 patientia.

150 2376 358 2413 Discrimen
389 2378 547 2426 insuper
583 2381 641 2415 est
678 2379 777 2415 inter
808 2379 1021 2426 tyrannidis
1056 2380 1202 2416 malum
1241 2382 1278 2416 et
1310 2383 1433 2416 cetera
