1584 2569
166 79 232 112 {52
258 86 315 111 sus
342 88 504 114 munniz.
529 88 599 113 Lm.
616 87 642 111 1.
658 86 736 110 cn.
757 85 811 109 ιιι.
835 84 878 109 οε
894 85 969 110 01212.
991 85 1033 110 ΕΤ
1049 85 1125 112 sun.
1148 86 1341 112 Romanoa
1359 87 1434 114 sm?

583 211 833 248 Ani-mutus
865 211 1034 246 anus

776 299 848 342 (35)

264 390 319 427 De
335 388 478 436 officiis
497 392 530 423 et
543 386 702 434 juribus
714 386 881 422 hominis
903 386 1029 432 quoad
1044 387 1358 425 conservationem

664 439 838 486 proprt‘oe
856 439 955 475 vt'toe.

219 533 246 567 Ι.
270 530 435 574 Quaestio
454 532 590 574 prima.
613 528 786 563 Hominis
806 538 881 562 esse
901 538 946 563 ex
966 527 1096 563 anima
1120 528 1299 564 rationali
1319 534 1356 565 et
1375 541 1440 567 cor

172 595 264 632 pore
281 582 452 618 resultat.
471 581 553 616 Non
575 586 630 616 est
647 585 777 616 autem
801 580 839 614 in
861 583 1050 626 potestate
1072 580 1239 616 hominis
1260 580 1431 618 destruet

172 636 367 684 propriam
388 634 572 677 animam,
592 642 677 678 quae
700 636 839 667 natura
859 642 928 667 sua
941 632 1151 678 spiritualis
1168 637 1205 668 et
1225 633 1432 672 immortali

173 693 230 725 est
249 688 322 734 (Ps.
345 688 365 722 8
382 691 419 722 et
441 688 491 731 9),
517 690 555 720 at
582 689 706 732 potest
734 685 913 732 poprium
934 683 1128 720 destruere
1153 696 1303 733 corpus,
1326 691 1363 722 et
1385 687 1453 725 hot

174 744 285 789 pacto
298 739 510 782 hominem,
524 737 596 774 hoc
613 742 670 773 est
686 737 943 784 compositum
970 737 1142 773 occidere
1175 738 1312 774 occisio
1336 738 1454 775 homi-

175 795 233 829 nis
253 792 507 838 asemetipso,
530 794 687 826 vocatur
701 790 924 826 suicidzum.
947 810 991 817 —
1012 790 1093 826 Non
1107 790 1323 837 defuerunt,
1335 802 1457 839 nequ¹²

175 847 312 882 desunt
329 845 394 891 qui
412 843 591 879 dubitant
611 847 742 878 utrum
763 842 968 879 suicidium
987 844 1108 890 possit
1128 854 1208 879 esse
1228 844 1327 880 actio
1349 844 1457 892 plene

176 899 398 942 deliberata,
412 901 449 933 et
460 896 610 932 malunt
627 895 720 931 illud
736 895 940 931 dementiae
958 906 1075 942 quam
1088 896 1248 932 malitiae
1266 896 1433 933 tribuere
1449 909 1459 942 ;

177 957 231 997 at,
255 950 429 998 quamvis
443 949 526 985 haec
541 949 732 985 sententia
751 959 828 984 non
849 949 942 984 satis
959 947 1188 995 respondeat
1208 949 1318 985 factis
1339 954 1377 985 et
1397 950 1459 986 be-

177 1005 331 1052 nignior
345 1013 461 1050 quam
475 1013 564 1038 vera
579 1001 766 1046 videatur,
788 1012 865 1037 non
886 1000 932 1036 de
956 1002 1038 1048 ipsa
1053 1005 1181 1037 tamen
1199 1001 1261 1037 hic
1284 1007 1460 1038 movetur

178 1058 353 1105 quaestio.
377 1056 615 1103 Supponitur
634 1055 737 1090 enim
754 1053 858 1100 quod
882 1054 1087 1090 suicidium
1105 1055 1155 1089 sit
1174 1055 1274 1090 actio
1296 1055 1460 1102 perfecte

177 1111 310 1154 libera,
339 1113 376 1144 et
402 1109 440 1143 in
465 1108 535 1143 hac
563 1107 828 1154 suppositione
852 1107 1052 1153 quaeritur,
1086 1111 1217 1141 utrum
1250 1107 1332 1153 ipsa
1359 1107 1464 1144 licita

181 1175 260 1200 esse
281 1162 414 1209 possit.
438 1181 482 1187 —
501 1160 617 1196 Stoici
642 1164 790 1207 partem
815 1160 1087 1195 affirmativam
1116 1159 1342 1205 docuerunt,
1367 1170 1464 1207 quos

181 1215 299 1252 secuti
314 1218 447 1262 postea
467 1217 556 1248 sunt
572 1212 918 1257 Circumcelliones,
937 1212 1162 1248 clericorum
1177 1212 1464 1248 Donatistarum

183 1268 379 1311 satellites,
410 1270 452 1301 ut
484 1276 548 1301 eos
573 1269 682 1301 vocat
711 1265 748 1300 S.
773 1265 1022 1312 Augustinus,
1053 1265 1195 1302 Contra
1223 1265 1465 1302 Cresconium

180 1321 439 1362 Donatistam,
465 1318 545 1353 Lib.
574 1318 631 1357 lv,
659 1318 749 1364 Cap.
771 1318 829 1353 LI.
852 1318 1172 1354 Immoralitatem
1196 1318 1347 1353 suicidii
1371 1322 1466 1354 tem-

182 1377 291 1421 perat
312 1370 606 1414 Pusfendorfius,
636 1369 847 1406 concedens
875 1369 968 1405 illud
993 1371 1032 1405 in
1062 1369 1293 1417 quibusdam
1317 1370 1468 1406 casibus

183 1437 262 1462 esse
281 1425 430 1460 licitum
450 1424 626 1469 quamvis
645 1423 858 1470 generatim
876 1422 1175 1469 reprobandum.
1197 1423 1368 1468 Denique
1395 1423 1468 1458 sui-

184 1479 272 1515 cidii
296 1476 553 1524 patrocinium
575 1480 705 1522 aperte
723 1476 889 1522 suscepit
904 1476 1046 1511 Auctor
1062 1475 1194 1522 Operis
1211 1486 1219 1510 :
1235 1475 1297 1511 Du
1315 1477 1470 1522 systeme

184 1531 277 1567 dela
290 1533 438 1571 nature,
451 1528 512 1563 cui
531 1528 616 1574 plus
627 1528 815 1572 minusve,
834 1528 868 1562 vi
882 1527 1017 1563 saltem
1037 1528 1328 1574 principiorum,
1343 1527 1465 1563 adhae-

185 1587 268 1619 rent
289 1581 393 1617 athei
408 1584 445 1615 et
463 1580 724 1615 materialistae
746 1590 893 1615 omnes.

232 1636 279 1671 11.
302 1633 556 1669 Praenotanda
582 1633 629 1669 ad
651 1634 883 1669 solutionem
906 1634 1143 1678 quaestionis.
1168 1633 1223 1668 Ad
1249 1632 1470 1669 solvendam

186 1693 314 1725 autem
335 1686 415 1721 sine
437 1686 806 1732 aequivocationibus
829 1686 1083 1732 quaestionem
1105 1686 1216 1732 plura
1239 1685 1300 1722 hic
1326 1696 1473 1733 praeno-

189 1747 267 1777 tare
291 1742 457 1786 oportet.
479 1758 524 1763 -—
546 1740 582 1773 1⁰
603 1738 766 1773 Licitum
788 1749 867 1774 esse
887 1739 1055 1785 seipsum
1083 1738 1253 1774 occidere
1274 1749 1319 1774 ex
1346 1743 1475 1774 aucto-

187 1795 299 1831 ritate
326 1790 466 1834 divina,
487 1790 566 1825 vita
592 1791 697 1825 enim
718 1794 755 1825 et
775 1801 879 1825 mors
904 1795 994 1826 sunt
1020 1791 1058 1825 in
1091 1794 1279 1838 potestate
1305 1791 1472 1835 Domini,

188 1845 254 1890 qui
279 1844 377 1880 sicut
406 1853 473 1892 per
502 1843 670 1889 seipsum
699 1847 826 1889 potest
856 1843 977 1879 vitam
997 1843 1108 1878 nobis
1129 1843 1291 1888 auferre,
1324 1844 1378 1879 ita
1405 1854 1474 1879 suo

185 1897 295 1943 J'ussu
322 1906 528 1943 possumus
546 1895 746 1931 voluntate
772 1900 904 1931 nostra
926 1896 1045 1931 vitam
1067 1896 1190 1930 finire.
1213 1895 1319 1931 Unde
1341 1895 1378 1930 S.
1406 1896 1476 1930 Au-

191 1949 379 1996 gustinus,
401 1949 414 1984 1
437 1948 491 1984 De
509 1947 670 1984 Ciuitate
688 1947 774 1992 Dei,
795 1948 885 1995 Cap.
908 1948 1000 1993 XXI,
1026 1947 1072 1983 de
1095 1947 1279 1983 Samsone
1299 1947 1475 1994 loquens,

191 2002 264 2037 ait:
282 2015 297 2034 ‹
310 2002 384 2037 Nec
400 2002 562 2037 Samson
583 2000 694 2036 aliter
713 2005 929 2045 excusatur,
946 1999 1048 2046 quod
1063 2001 1232 2046 seipsum
1250 2010 1337 2036 cum
1359 2000 1477 2036 hosti-

192 2054 262 2089 bus
288 2054 402 2089 ruina
425 2053 563 2089 domus
590 2053 792 2099 oppressit,
815 2053 888 2088 nisi
912 2053 1003 2098 quia
1027 2052 1191 2099 Spiritus
1214 2052 1378 2088 latenter
1403 2052 1477 2088 hoc

188 2107 369 2153 jusserat,
391 2106 456 2152 qui
478 2116 546 2152 per
570 2105 678 2140 illum
705 2106 891 2141 miracula
911 2105 1087 2141 faciebat.
1111 2118 1128 2137 υ
1149 2105 1194 2139 Et
1216 2104 1392 2140 eamdem
1419 2114 1476 2140 ra-

192 2159 338 2194 tionem
357 2159 527 2204 assignat
548 2157 594 2192 de
615 2156 847 2204 quibusdam
868 2157 1009 2193 sanctis
1021 2156 1187 2199 feminis,
1202 2167 1288 2204 quae
1303 2161 1476 2203 tempore

194 2210 468 2258 persecutionis
488 2210 632 2256 seipsas
652 2209 886 2255 occiderunt,
909 2220 1074 2257 quorum
1095 2210 1284 2245 memoria
1301 2209 1340 2244 in
1354 2209 1476 2245 Eccle-

196 2265 251 2300 sia
273 2263 497 2300 celebratur.
525 2283 571 2288 —
597 2264 635 2298 2⁰
660 2263 822 2299 Licitum
857 2264 1011 2298 omnino
1041 2273 1134 2307 esse,
1167 2263 1244 2298 int-0
1270 2261 1475 2304 laudabile,

196 2321 361 2353 mortem
376 2326 447 2364 per
464 2316 640 2352 accidens
655 2326 720 2351 seu
738 2314 923 2352 indirecte
937 2316 1008 2351 sibi
1029 2326 1234 2363 procurare
1254 2326 1299 2352 ex
1313 2316 1421 2357 justa
1435 2326 1487 2360 ac,
