1584 2569
151 163 231 189 Αιιτ.
252 162 293 188 11.
313 161 358 187 na
378 161 455 187 01212.
476 160 518 187 m·
534 161 611 186 sun.
631 161 718 186 uon.
739 160 860 190 ouon>
877 159 1141 186 PERFEGTlONEu
1157 159 1275 185 Anum
1326 152 1390 185 159

479 266 739 302 ARTICULUS
774 266 1014 303 SECUNDUS

713 348 786 394 (36)

152 433 206 467 De
219 431 366 478 officiis
379 434 413 466 et
420 429 580 477 juribus
595 430 763 466 hominis
777 430 903 477 quoad
907 431 1180 477 perfectionem
1191 433 1343 468 am’mae.

151 530 358 569 LHominis
381 530 577 575 praecipua
610 530 811 575 perfectio.
838 530 1018 571 Quamvis
1038 529 1156 566 homo
1180 535 1328 568 constet
1348 542 1394 567 ex

106 584 236 620 anima
250 587 287 619 et
300 593 474 629 corpore,
497 587 534 618 et
545 582 788 629 operationes
805 582 1002 618 sensibiles
1016 593 1242 619 communes
1254 583 1394 620 habeat

105 647 194 673 cum
210 635 346 672 ceteris
368 635 643 679 animantibus,
666 636 748 682 ejus
775 639 905 671 tamen
932 636 1118 682 primaria
1144 636 1326 683 perfectio
1355 638 1393 673 in

107 691 183 726 vita
201 700 270 737 per
285 699 403 736 quam
423 688 541 724 homo
562 688 812 723 constituitur
832 688 949 724 homo
967 693 1005 724 et
1022 699 1043 724 a
1064 689 1199 725 ceteris
1220 690 1393 725 substan-

108 743 170 778 tiis
186 741 430 778 inferioribus
461 739 724 777 essentialiter
752 740 891 785 differt,
911 741 984 778 hoc
998 746 1054 777 est
1069 742 1107 777 in
1117 742 1195 778 vita
1206 742 1396 778 rationali

105 792 375 831 constituenda
391 797 459 829 est.
476 793 561 828 Vita
580 799 709 829 autem
727 793 926 829 rationalis
947 793 1160 841 explicatur
1177 804 1246 841 per
1265 795 1394 842 cogni-

108 848 252 883 tionem
271 846 350 882 veri
371 856 446 893 quo
469 846 666 893 perficitur
685 846 912 891 intellectus,
936 850 973 882 et
999 857 1066 893 per
1083 847 1393 893 prosecutionem

106 900 197 936 boni
217 909 293 946 quo
311 899 509 946 perficitur
527 898 716 934 voluntas.
745 898 844 946 Ergo
869 898 1051 946 perfectio
1079 899 1248 936 hominis
1272 900 1311 935 in
1332 911 1393 936 co-

107 953 278 1000 gnitione
294 951 372 987 veri
391 955 429 987 et
445 960 576 987 amore
597 951 688 987 boni
705 952 874 987 maxime
888 951 1123 987 attendenda
1138 956 1207 988 est.
1228 971 1269 979 -
1292 952 1390 997 11-11,

107 1006 176 1048 Qu.
199 1003 379 1048 CLXXIX,
397 1004 512 1039 Artic.
536 1004 549 1039 1
568 1008 605 1039 et
620 1003 665 1041 11.

152 1059 200 1096 11.
213 1057 345 1095 Officia
355 1057 521 1092 hominis
530 1057 655 1101 quoad
666 1057 892 1093 intellectus
899 1057 1191 1102 perfectionem.
1205 1058 1390 1094 Scientias

107 1110 300 1148 addiscere
314 1109 447 1156 procul
462 1109 578 1145 dubio
596 1109 645 1145 ad
665 1109 834 1145 hominis
854 1110 1128 1156 perfectionem
1150 1111 1329 1158 pertinet,
1352 1116 1390 1147 et

107 1165 197 1200 hinc
215 1162 262 1199 ad
283 1162 460 1198 scientias
483 1161 733 1198 addiscendas
750 1167 888 1199 natura
908 1173 1040 1199 omnes
1064 1163 1308 1200 inclinamur.
1332 1165 1392 1200 At-

111 1222 237 1253 tamen
255 1225 332 1251 non
351 1215 526 1250 omnium
543 1219 600 1250 est
625 1215 793 1250 scientiis
814 1215 1036 1251 incumbere
1063 1217 1134 1261 (33,
1158 1216 1245 1261 111);
1265 1227 1393 1253 conse·

108 1273 270 1316 quenter
297 1267 415 1303 homo
442 1267 548 1302 nullo
578 1271 726 1303 naturae
756 1267 883 1304 officio
910 1267 1164 1315 adstringitur
1185 1273 1227 1304 ut
1257 1269 1392 1306 doctus

106 1322 255 1366 evadat,
277 1321 350 1356 nisi
361 1320 410 1356 ad
430 1320 469 1356 id
488 1324 663 1356 teneatur
680 1320 833 1356 aliunde
851 1320 924 1356 hoc
940 1325 997 1357 est
1013 1331 1059 1356 ex
1079 1321 1199 1368 gradu
1220 1333 1286 1358 seu
1306 1333 1393 1359 con-

107 1375 252 1411 ditione
269 1373 413 1409 sociali.
435 1374 549 1420 Atqui
570 1384 697 1417 nemo,
718 1374 783 1420 qui
804 1384 916 1409 usum
938 1374 1099 1410 rationis
1120 1375 1289 1422 attingit,
1316 1376 1392 1411 exi-

107 1428 227 1464 mitur
242 1426 289 1462 ab
305 1425 439 1462 officiis
459 1426 699 1462 naturalibus
720 1425 976 1473 adimplendis
997 1430 1080 1462 tum
1101 1437 1192 1474 erga
1209 1428 1391 1475 seipsum,

107 1485 190 1516 tum
211 1489 302 1526 erga
321 1479 557 1525 proximum,
580 1482 663 1514 tum
687 1479 856 1514 maxime
882 1489 973 1526 erga
991 1479 1125 1515 Deum.
1154 1479 1246 1521 Quae
1268 1480 1391 1517 officia

106 1532 310 1579 adimpleri
325 1531 545 1567 nullatenus
566 1536 726 1578 possunt
743 1532 815 1567 nisi
836 1536 936 1568 recte
957 1537 1250 1579 cognoscantur,
1270 1537 1312 1569 ut
1327 1544 1394 1581 per

105 1596 145 1622 se
159 1589 216 1621 est
234 1583 496 1621 manifestum.
518 1583 617 1631 Ergo
639 1585 852 1631 generatim
876 1584 994 1620 homo
1013 1589 1162 1621 naturae
1183 1585 1309 1622 officio
1328 1585 1392 1622 ad-

106 1638 309 1685 stringitur
330 1637 379 1673 ad
399 1636 505 1672 illam
525 1637 786 1684 cognitionem
810 1637 1098 1684 acquirendam,
1121 1648 1207 1685 quae
1228 1638 1393 1675 sufficiat

107 1690 154 1727 ad
175 1688 423 1737 adimplenda
442 1688 569 1725 officia
580 1693 729 1725 naturae
745 1700 836 1737 erga
850 1690 1086 1736 proximum,
1103 1700 1195 1737 erga
1209 1691 1390 1738 seipsum,

106 1743 275 1778 maxime
291 1752 379 1777 vero
397 1752 487 1788 erga
505 1741 638 1777 Deum.
654 1741 759 1778 Unde
777 1742 998 1789 ignorantia
1016 1741 1158 1777 horum
1177 1742 1390 1779 officiorum

107 1799 270 1838 uaturae,
291 1803 368 1839 qua
386 1798 494 1839 parte
520 1793 751 1829 invincibilis
769 1804 849 1829 esse
872 1805 950 1829 non
971 1798 1109 1840 potest,
1136 1805 1214 1830 non
1237 1799 1392 1831 excusat

110 1847 305 1883 hominem
326 1855 348 1880 a
364 1850 533 1892 peccato.

154 1900 219 1936 111.
237 1899 370 1935 Officia
380 1899 546 1934 hominis
556 1899 681 1943 quoad
697 1899 976 1944 perfectionem
994 1900 1224 1936 voluntatis.
1243 1899 1297 1936 Ex
1324 1901 1390 1937 eis-

103 1954 146 1990 de
155 1963 194 1988 m
208 1951 405 2000 principiis
416 1950 632 1986 ostenditur
640 1950 688 1987 ad
699 1951 791 1998 quid
801 1951 917 1987 homo
927 1956 1102 1988 teneatur
1110 1952 1238 1998 quoad
1250 1953 1390 2000 perfec-

100 2007 252 2041 tionem
268 2004 490 2040 voluntatis.
508 2004 602 2040 Cum
621 2004 736 2051 hujus
751 2004 942 2040 facultatis
960 2005 1153 2052 objectum
1167 2006 1216 2041 sit
1230 2006 1389 2049 bonum,

101 2057 211 2105 quod
232 2062 288 2093 est
307 2057 407 2102 finis,
430 2057 512 2103 ejus
532 2056 714 2104 perfectio
736 2057 928 2104 praecipue
949 2061 985 2093 et
1002 2057 1257 2094 essentialiter
1278 2058 1390 2095 debet

100 2111 312 2146 consistere
329 2110 368 2145 in
385 2109 584 2145 tendentia
599 2109 647 2145 ad
668 2110 785 2146 finem
802 2110 997 2155 ultimum,
1023 2111 1087 2156 qui
1115 2115 1170 2146 est
1197 2111 1308 2147 Deus.
1336 2113 1389 2147 Ad

100 2163 227 2199 Deum
248 2167 378 2199 autem
394 2173 472 2198 non
490 2163 665 2210 passibus
682 2164 867 2210 corporis,
887 2163 952 2198 sed
974 2162 1172 2199 desideriis
1192 2168 1230 2200 et
1249 2164 1389 2200 affecti-

104 2215 179 2251 bus
201 2214 329 2252 cordis
352 2214 537 2260 tenditur,
567 2220 604 2251 et
629 2216 749 2251 virtus
772 2220 829 2251 est
848 2214 929 2252 sola
957 2216 1017 2252 via
1037 2227 1113 2263 qua
1138 2217 1315 2253 voluntas
1342 2217 1388 2253 ad

107 2268 228 2304 Deum
256 2268 453 2314 pervenire
482 2272 620 2315 potest,
655 2272 692 2304 et
729 2268 838 2303 illum
866 2267 1060 2315 possidere
1087 2269 1126 2304 in
1157 2270 1390 2317 sempiterna

107 2319 357 2357 beatitudine.
386 2320 484 2367 Ergo
517 2331 562 2356 ex
583 2320 709 2356 officio
743 2325 891 2356 naturae
919 2320 1002 2357 illas
1030 2321 1189 2357 virtutes
1218 2322 1389 2358 excolere

108 2372 221 2410 debet
239 2371 371 2418 homo,
392 2373 473 2409 sine
493 2373 632 2420 quibus
652 2372 700 2410 ad
720 2374 840 2409 Deum
863 2374 1059 2421 pervenire
1080 2384 1156 2410 non
1178 2378 1325 2422 potest3
1347 2380 1389 2411 ut
