1554 2569
125 113 169 145 90
195 120 318 146 ETfflCA
339 120 413 144 Lm.
441 121 480 144 11.
501 120 577 144 CAP.
599 120 638 144 11.
660 120 705 144 DE
723 120 867 144 ACTIBL'S
883 120 1039 145 HUMANIS
1059 120 1097 145 IN
1116 120 1262 155 ORDINE,
1281 120 1358 145 E'rc.

127 191 328 238 plurajam
347 190 516 227 diximus
536 192 575 226 in
596 190 800 237 Ontologia
821 190 949 235 (Artic.
973 192 1050 236 32);
1074 190 1176 226 unde
1196 191 1260 227 hic
1284 201 1405 238 pauca

126 243 172 279 de
192 244 283 290 ipsis
304 243 491 279 addemus
511 247 627 290 prout
646 243 855 289 respiciunt
871 242 1109 278 voluntatem
1130 244 1268 289 ipsam.

169 296 216 332 ΙΙ.
237 296 281 332 In
301 297 505 332 voluntate
525 296 692 331 humana
710 298 841 340 potest
861 305 944 331 esse
970 296 1140 332 habitus.
1168 295 1319 332 Etenim
1348 307 1410 331 vo-

124 347 251 384 luntas
262 353 393 384 nostra
404 348 636 384 considerari
649 352 795 395 potest:
814 350 849 382 1ο
871 353 914 383 ut
937 353 1087 393 natura,
1104 350 1142 384 20
1159 353 1202 383 ut
1217 348 1408 385 voluntas,

123 401 306 437 Voluntas
330 405 372 436 ut
394 405 532 437 natura
555 412 601 436 ex
625 411 662 437 se
684 405 720 436 et
741 401 953 436 necessario
975 401 1256 437 determinatur
1276 400 1324 436 ad
1345 401 1410 436 bo-

126 464 218 489 num
242 453 518 501 appetendum,
547 452 649 499 quod
677 457 732 489 est
750 453 909 488 ultimus
932 454 1034 498 finis,
1057 464 1123 489 seu
1140 454 1285 489 bonum
1306 453 1411 489 inde-

129 506 329 542 terminate
356 510 554 553 sumptum
577 506 649 550 (Ps.
673 506 730 550 49,
753 505 803 540 111
828 511 865 540 et
884 507 1020 553 seqq..)
1041 506 1087 541 Et
1110 506 1201 542 hinc
1224 511 1280 541 est
1309 505 1411 552 quod

127 559 301 595 voluntas
324 563 368 594 ut
390 563 541 603 natura,
563 558 798 594 sufficienter
817 558 1003 605 disposita
1022 569 1068 595 ex
1087 560 1212 606 seIpsa
1231 558 1279 594 ad
1299 569 1412 605 appe-

127 611 285 648 tendum
297 612 442 647 bonum
455 622 582 656 suum,
595 622 671 646 non
684 610 831 658 indiget
843 611 993 658 disp0n1
1005 622 1072 658 per
1081 612 1410 658 supervenientem

126 664 316 707 habitum,
334 669 375 699 ut
390 675 457 711 per
471 675 509 699 se
527 668 645 711 patet.
665 663 736 699 Sed
754 664 932 700 voluntas
947 669 990 700 ut
1002 665 1192 709 voluntas,
1212 675 1278 700 seu
1292 669 1335 699 ut
1349 663 1412 699 do-

125 717 230 752 mina
241 717 486 763 propriorum
500 721 670 760 actuum,
687 716 956 761 diversimode,
976 716 1049 752 hoc
1063 722 1119 753 est
1133 717 1228 752 bene
1240 716 1300 751 vel
1314 716 1413 752 male

126 773 250 814 potest
262 768 414 815 disponi
427 774 464 804 et
475 768 646 804 ordinari
657 768 704 803 ad
720 768 830 816 plura
841 768 1000 816 agenda.
1014 769 1128 814 Atqui
1143 769 1316 815 potentia
1327 778 1412 814 quae

126 821 380 856 diversimode
398 825 524 868 potest
539 820 709 856 ordinari
732 820 780 857 ad
798 820 1004 868 agendum,
1024 821 1170 868 indiget
1184 821 1319 856 habitu
1337 831 1412 866 quo

124 874 217 909 bene
234 873 291 908 vel
313 873 412 909 male
433 873 661 920 disponatur
680 873 728 909 ad
746 877 874 909 actum
895 884 1008 910 suum
1026 874 1082 918 (O.
1100 876 1157 918 32,
1176 874 1237 918 ΙΙ).
1253 873 1352 920 Ergo
1371 874 1413 909 in

123 926 318 961 voluntate
340 937 416 961 non
443 926 568 961 solum
590 931 752 973 possunt
772 937 852 962 esse
869 925 1036 970 habitus,
1059 926 1125 962 sed
1146 927 1229 972 ipsa
1249 925 1297 961 ad
1315 926 1410 961 bene

124 978 316 1026 agendum
338 978 534 1014 habitibus
552 978 713 1025 indiget,
736 978 810 1014 hoc
826 983 883 1014 est
903 978 1220 1025 dispositionibus
1235 978 1340 1014 illam
1357 978 1413 1013 in-

123 1032 356 1067 clinantibus
389 1030 437 1066 ad
463 1035 563 1067 recte
593 1031 800 1078 agendum.
828 1051 872 1057 —
906 1031 997 1072 Quae
1031 1032 1169 1067 veritas
1197 1031 1297 1067 sacto
1328 1031 1413 1077 ipso

123 1084 426 1131 comprobatur:
455 1089 545 1119 sunt
568 1084 670 1119 enim
694 1083 870 1119 homines
897 1095 942 1119 ex
968 1083 1213 1119 assuetudine
1240 1083 1412 1119 inclinati

124 1135 171 1172 ad
201 1136 347 1171 bonum
377 1141 568 1183 prompte,
598 1135 760 1172 faciliter
786 1141 823 1172 et
849 1136 1125 1172 delectabiliter
1157 1135 1410 1183 operandum,

124 1189 221 1225 sicut
241 1193 332 1223 sunt
351 1188 527 1223 homines
548 1198 594 1224 ex
615 1187 860 1224 assuetudine
881 1188 928 1224 ad
946 1188 1092 1224 malum
1107 1188 1410 1235 propensissimi.

169 1241 233 1276 111.
253 1241 416 1276 Habitus
433 1241 524 1276 honi
540 1244 580 1276 et
593 1241 750 1276 habitus
764 1241 886 1286 pravi.
904 1240 1049 1276 Exinde
1065 1245 1169 1288 patet
1186 1239 1289 1287 quod
1306 1240 1413 1276 habi-

125 1299 184 1328 tus
206 1293 342 1328 eodem
363 1292 479 1328 modo
502 1292 795 1340 distinguuntur
814 1293 1012 1329 moraliter
1034 1303 1078 1329 ac
1101 1298 1220 1338 actus,
1246 1293 1293 1328 ad
1317 1303 1412 1339 quos

127 1345 356 1381 ordinantur
370 1351 407 1381 et
423 1344 470 1380 ad
489 1356 584 1391 quos
597 1346 835 1382 voluntatem
850 1346 973 1393 ipsam
990 1346 1085 1382 bene
1099 1345 1158 1381 vel
1174 1345 1273 1381 male
1289 1345 1414 1392 dispo·

128 1403 225 1433 nunt
248 1408 255 1432 :
279 1397 353 1433 hoc
373 1397 593 1433 esthabitus
610 1397 674 1433 alii
689 1402 779 1433 sunt
793 1398 897 1441 boni,
912 1398 975 1433 alii
993 1402 1082 1433 sunt
1096 1397 1187 1434 mali
1201 1398 1411 1433 moraliter.

129 1450 287 1484 Habitus
306 1448 423 1484 bonus
447 1448 588 1485 dicitur
613 1450 679 1495 qui
706 1449 876 1496 disponit
900 1449 947 1486 ad
971 1454 1098 1485 actum
1125 1450 1412 1485 convenientem

128 1506 275 1537 naturae
293 1501 460 1547 agentis3
480 1501 578 1537 sicut
595 1506 743 1537 naturae
761 1501 942 1537 humanae
960 1502 1191 1538 conveniunt
1214 1506 1322 1538 actus
1348 1501 1413 1547 qui

127 1559 216 1589 sunt
236 1553 447 1589 secundum
462 1558 606 1589 rectam
621 1554 811 1589 rationem
828 1556 877 1599 (9,
894 1554 953 1599 IV)
973 1554 1131 1590 Habitus
1146 1559 1276 1590 autem
1290 1554 1413 1589 malus

128 1606 267 1642 dicitur
293 1606 357 1652 qui
392 1605 563 1653 disponit
592 1605 640 1642 ad
673 1612 802 1641 aetum
835 1617 913 1642 non
945 1607 1235 1643 convenientem
1265 1612 1413 1642 naturae

127 1659 294 1705 agentis3
328 1658 427 1693 sicut
456 1663 562 1693 actus
592 1658 658 1704 qui
691 1663 780 1693 sunt
815 1663 949 1695 contra
981 1664 1125 1695 rectam
1158 1660 1361 1704 rationem,
1391 1669 1412 1695 a

128 1716 265 1746 natura
286 1710 456 1746 humana
475 1710 707 1745 discordant.
727 1731 772 1736 —
791 1711 870 1756 1-11,
890 1711 960 1753 Qu.
982 1711 1070 1756 LIV,
1092 1712 1207 1747 Artie.
1230 1711 1294 1749 111.

174 1763 232 1799 IV.
254 1763 386 1798 Virtus
407 1767 447 1798 et
462 1763 614 1798 vitium.
638 1762 796 1798 Habitus
814 1763 905 1799 boni
919 1768 1103 1800 vocantur
1115 1765 1292 1807 vz'rtutes‚·
1308 1764 1413 1799 habi-

129 1820 188 1851 tus
200 1815 291 1850 mali
305 1820 490 1850 vocantur
501 1815 611 1852 vilia.
626 1835 670 1841 -
682 1815 747 1850 Est
758 1820 888 1851 autem
902 1816 1024 1851 virtus
1036 1815 1133 1852 bona
1148 1816 1317 1862 qualitas
1333 1819 1412 1861 (seu

128 1868 241 1903 bonus
261 1866 424 1911 habitus)
443 1869 590 1912 mentiti,
614 1878 689 1914 qua
709 1873 804 1904 recte
819 1868 971 1913 vivitur,
994 1879 1069 1915 qua
1086 1869 1214 1904 nullus
1232 1869 1328 1904 male
1346 1871 1412 1904 uti-

128 1926 203 1956 tur.
228 1941 272 1945 —
304 1920 450 1955 Dicitur
476 1919 576 1955 bona
602 1920 767 1966 qualitas
796 1922 951 1965 mentis,
983 1932 1049 1957 seu
1076 1923 1188 1956 firma
1215 1921 1413 1968 dispositio

129 1973 247 2020 partis
258 1972 456 2008 rationalis
469 1972 638 2008 hominis
651 1984 659 2017 ;
673 1972 813 2008 dicitur
824 1984 899 2019 qua
910 1978 1004 2010 recte
1014 1974 1157 2009 vivitur
1170 1986 1180 2008 .·
1195 1977 1230 2009 1ο
1241 1974 1409 2020 quidem,

127 2027 219 2072 quia
239 2026 361 2060 virtus
388 2030 445 2060 est
467 2025 622 2060 habitus
649 2025 857 2072 disponens
879 2026 1117 2061 voluntatem
1136 2026 1184 2061 ad
1205 2026 1409 2073 agendum,

127 2089 207 2122 scu,
221 2083 262 2113 ut
277 2078 502 2113 Scholastici
521 2077 666 2122 dicunt,
687 2083 743 2113 est
755 2077 908 2114 habitus
929 2079 1166 2125 operativus3
1184 2080 1220 2112 '20
1237 2079 1327 2125 quia
1340 2079 1411 2114 vir-

129 2136 188 2165 tus
205 2141 356 2176 semper
371 2129 539 2176 disponit
550 2129 598 2165 ad
615 2130 773 2175 bonum,
790 2141 988 2176 nunquam
1013 2130 1060 2166 ad
1078 2131 1238 2173 malum,
1251 2130 1298 2166 ad
1311 2129 1411 2178 quod

128 2182 297 2229 disponit
320 2182 455 2216 vitium
480 2193 487 2216 :
514 2193 604 2217 nam
625 2183 696 2218 etsi
716 2182 952 2229 quandoque
971 2183 1164 2218 virtuosus
1184 2183 1283 2218 male
1310 2188 1412 2230 agat,

128 2245 205 2270 non
227 2235 306 2281 agit
326 2239 454 2269 tamen
475 2234 622 2269 malum
640 2246 684 2270 ex
709 2236 864 2280 virtute,
886 2234 952 2271 sed
979 2235 1069 2281 quia
1096 2235 1134 2270 in
1158 2234 1412 2272 determinato

129 2298 217 2323 casu
237 2298 260 2322 a
278 2287 418 2322 virtute
433 2286 574 2322 deficit.
590 2287 736 2322 Dicitur
753 2287 916 2334 denique
933 2298 1009 2334 qua
1023 2288 1150 2323 nullus
1166 2288 1261 2324 male
1277 2288 1411 2330 ulilur,

130 2340 219 2387 quia
235 2340 354 2375 virtus
372 2349 449 2374 non
464 2350 502 2375 se
521 2339 635 2375 habet
650 2339 913 2376 indifferenter
926 2339 975 2375 ad
990 2340 1135 2376 bonum
1150 2345 1188 2374 et
1204 2339 1253 2375 ad
1267 2340 1410 2378 malum
