1584 2569
131 129 212 155 Aur.
232 129 285 154 vl.
305 128 349 154 m:
364 127 562 153 POTESTATE
579 126 775 152 JUDICIARIA
794 125 965 151 POLITICB
986 124 1240 150 AucromrAns
1289 114 1356 149 245

65 200 330 237 misericordia
358 204 415 236 est
442 198 668 235 crudelitas.
698 197 826 234 Altera
853 197 973 244 igitur
1000 195 1120 232 altera
1151 196 1357 243 temperari

67 252 180 289 debet
202 263 210 289 :
234 252 339 288 Unde
361 252 398 288 S.
423 251 590 287 Thomas
616 250 896 298 sapientissime
919 253 957 285 et
979 249 1220 285 sanctissime
1243 253 1358 295 caput

65 305 144 343 XII.
166 305 232 342 lib.
251 305 265 341 1
300 306 355 341 De
374 305 570 351 Reyimine
595 304 825 350 Principum
852 302 977 339 aureis
997 302 1101 338 hisce
1123 302 1249 338 verbis
1269 312 1358 337 con·

65 358 187 395 cludit
213 370 222 395 z
244 373 261 392 ι
280 359 358 395 Hoc
375 358 494 406 igitur
515 358 687 393 officium
706 368 772 393 rex
790 368 829 393 se
846 356 1054 403 suscepisse
1076 359 1296 403 cognoscat,
1315 359 1359 390 ut

66 412 116 447 sit
137 412 176 447 in
193 422 312 459 regno
339 411 437 447 sicut
457 411 496 446 in
515 421 674 458 corpore
698 410 828 446 anima
846 413 884 447 et
903 409 1002 445 sicut
1020 409 1119 445 Deus
1136 409 1175 444 in
1195 407 1357 444 mundo.

65 464 158 505 Quae
187 464 219 500 si
248 463 452 511 diligenter
477 464 675 510 recogitet,
706 473 752 499 ex
778 463 898 499 altero
924 462 1086 509 justitiae
1115 461 1154 497 in
1183 472 1228 497 eo
1258 460 1359 496 zelus

65 516 299 562 accenditur,
325 516 418 552 dum
445 515 662 552 considerat
688 514 736 552 ad
759 515 833 552 hoc
855 525 894 551 se
914 515 1098 562 positum,
1116 518 1160 550 ut
1182 514 1266 550 loco
1292 513 1359 548 Dei
1404 559 1406 562 ι

64 569 253 617 judicium
274 570 313 606 in
331 580 449 617 regno
473 574 669 614 exerceat;
688 580 734 606 ex
750 568 870 605 altero
886 579 974 604 vero
992 566 1301 603 mansuetudinis
1322 571 1359 602 et

65 622 280 659 clementiae
300 623 498 659 lenitatem
519 622 696 669 acquirit,
718 621 811 658 dum
832 626 985 669 reputat
1007 620 1180 668 singulos
1199 620 1266 668 qui
1288 629 1360 655 suo

67 675 231 712 subsunt
249 676 431 722 regimini
448 675 547 711 sicut
567 676 723 722 propria
742 675 930 710 membra.
953 688 969 707 ι

481 762 742 799 AR'HCULUS
770 761 946 799 SEXTUS

680 841 752 885 (54)

218 915 275 953 De
293 920 478 963 potestate
497 916 726 963 judiciaria
745 915 921 962 politz’coe
945 914 1204 953 auctoritatis.

112 1000 141 1035 1.
152 999 265 1035 Notio
275 998 484 1043 potestatis
494 998 721 1044 judiciarias.
734 998 907 1034 Potestas
915 997 1122 1044 judiciaria
1133 1002 1188 1033 est
1200 996 1359 1033 facultas

67 1051 238 1096 moralis,
251 1061 317 1087 seu
325 1061 396 1098 jus
407 1051 638 1097 applicandi
649 1051 743 1096 loyes
756 1051 807 1086 ad
821 1050 957 1097 aliqua
965 1050 1233 1097 particularia
1244 1049 1359 1085 deter-

67 1104 220 1140 minate.
241 1104 358 1140 Actus
381 1104 582 1151 potestatis
599 1103 814 1150 judiciariae
838 1107 996 1140 vocatur
1021 1102 1233 1150 judicium,
1256 1102 1359 1148 quod

68 1157 165 1193 nihil
188 1156 292 1192 aliud
316 1160 386 1201 est,
404 1167 522 1203 quam
540 1156 714 1202 quaedam
730 1156 903 1204 definitio
925 1156 982 1193 vel
1000 1155 1265 1192 determinatio
1276 1155 1360 1202 ejus

69 1209 169 1256 quod
179 1209 330 1257 justum
349 1214 414 1254 est,
433 1213 476 1244 ut
495 1208 595 1254 11-11‚
614 1209 684 1250 Qu.
713 1209 786 1254 LX,
806 1209 922 1246 Artic.
940 1209 983 1254 V,
1009 1208 1102 1244 illud
1134 1208 1171 1244 S.
1193 1207 1360 1243 Thomas

68 1262 216 1298 definit.
237 1262 404 1298 Persona
419 1261 597 1297 facultate
611 1261 811 1308 judicandi
826 1261 989 1308 praedita
998 1261 1122 1308 judea:
1136 1261 1362 1296 nominatur

114 1315 159 1351 11.
181 1315 358 1351 Potestas
376 1315 582 1361 iudiciaria
601 1324 625 1351 a
642 1318 840 1360 potestate
855 1315 1090 1360 legislativa,
1104 1317 1151 1350 ut
1164 1314 1212 1350 ab
1230 1314 1363 1349 imme-

67 1369 174 1405 diato
196 1378 265 1405 suo
283 1368 473 1414 principio
494 1368 659 1412 derivat,
686 1378 731 1404 eo
758 1378 896 1415 nempe
916 1366 1034 1403 modo
1057 1377 1133 1414 quo
1154 1365 1323 1402 diximus
1339 1376 1363 1402 a

69 1424 256 1468 potestate
278 1420 494 1468 legislativa
509 1421 747 1457 executivam
763 1419 938 1457 derivari.
959 1420 1176 1467 Propositio
1196 1423 1253 1455 est
1272 1429 1362 1455 con-

70 1478 129 1508 tra
159 1473 437 1519 Montesquieu,
468 1473 627 1521 ejusque
657 1474 835 1518 asseclas,
868 1473 934 1520 qui
965 1474 1090 1520 ipsam
1114 1472 1361 1519 judiciariam

70 1529 300 1572 potestatem
320 1526 359 1562 in
380 1537 433 1571 se,
453 1536 542 1562 cum
568 1537 637 1562 suo
655 1526 835 1563 exercitio
860 1525 1151 1571 confundentes,
1172 1525 1364 1561 distinctis

70 1578 267 1626 principiis
297 1578 474 1625 juridicis
507 1582 713 1626 utramque
753 1579 942 1615 tribuunt.
980 1577 1052 1614 Sed
1087 1583 1233 1615 contra.
1265 1578 1362 1613 Nam

68 1634 237 1677 potestas
258 1630 464 1678 judiciaria
483 1635 540 1667 est
558 1631 720 1668 moralis
740 1630 900 1668 facultas
929 1630 1139 1667 definiendi
1157 1631 1218 1667 vel
1240 1630 1363 1666 deter-

71 1682 246 1719 minandi
264 1683 367 1730 quod
381 1684 531 1730 Justum
552 1688 622 1729 est,
641 1688 684 1720 ut
703 1694 749 1720 ex
778 1683 890 1720 dictis
910 1688 1028 1732 patet.
1060 1684 1118 1719 Fit
1140 1687 1270 1720 autem
1298 1683 1363 1718 ali-

72 1735 164 1781 quid
182 1737 331 1782 Justum
352 1735 584 1783 dupliciter:
607 1747 683 1772 uno
700 1736 817 1772 modo
835 1747 882 1772 ex
899 1736 983 1783 ipsa
1005 1740 1145 1772 natura
1163 1736 1231 1781 rei,
1259 1735 1363 1782 quod

72 1787 212 1824 dicitur
222 1788 292 1834 jus
308 1788 499 1832 naturale,
517 1792 556 1824 et
571 1788 672 1825 circa
691 1788 765 1825 hoc
780 1799 858 1825 non
879 1789 1033 1836 proprie
1051 1788 1172 1824 fertur
1191 1788 1364 1824 humana

70 1841 258 1889 legislatio
276 1841 350 1887 (25,
371 1841 484 1886 VIII),
506 1840 581 1877 alio
611 1840 727 1877 modo
745 1852 792 1877 ex
811 1842 1040 1878 auctoritate
1061 1841 1244 1889 principis
1260 1841 1364 1888 leges

71 1894 228 1930 serentis
247 1893 296 1930 ad
316 1894 461 1930 honum
482 1894 787 1938 communitatis,
809 1904 878 1942 per
903 1904 999 1941 quas
1015 1895 1263 1930 constituitur
1277 1894 1364 1941 jus-

71 1952 149 1983 tum
169 1946 391 1994 positivum.
414 1946 537 1994 Igitur
560 1945 830 1983 determinatio
850 1957 917 1983 seu
937 1945 1111 1982 definitio
1132 1946 1247 1993 hujus
1261 1946 1366 1994 justi

69 1999 244 2046 positivi,
276 2009 354 2036 non
386 1998 490 2035 aliud
520 2002 577 2035 est
595 1999 669 2036 nisi
699 1999 866 2047 practica
888 1999 982 2047 legis
1012 1999 1277 2046 interpretatio
1297 2010 1364 2036 seu

72 2051 277 2100 applicatio
295 2052 390 2099 legis
409 2051 458 2089 ad
477 2051 607 2099 aliqua
629 2051 877 2099 particularia
895 2051 1162 2088 determinate.
1182 2051 1364 2098 Ejusdem

73 2108 202 2141 aute-m
235 2105 415 2153 principii
440 2109 497 2142 est
524 2105 770 2152 interpretari
797 2104 1067 2142 auctoritative
1099 2115 1166 2141 seu
1189 2104 1366 2152 juridice

72 2157 189 2205 leges,
224 2157 333 2204 cujus
368 2161 426 2193 est
458 2157 623 2194 condere
653 2157 786 2205 leges:
809 2167 916 2194 secus
945 2158 1049 2194 enim
1080 2162 1238 2205 possent
1262 2158 1366 2205 leges

74 2210 190 2246 etiam
217 2214 352 2246 contra
375 2210 564 2258 Principis
584 2210 853 2256 intentionem,
875 2214 914 2247 et
932 2214 1212 2258 consequenter
1230 2215 1366 2247 contra

75 2263 176 2310 ipsas
203 2262 319 2310 leges,
340 2262 493 2300 definiri
525 2267 563 2300 et
588 2263 785 2311 applicari.
810 2262 911 2311 Ergo
932 2267 1101 2312 potestas
1120 2262 1327 2310 judiciaria
1341 2273 1366 2301 α

75 2319 263 2363 potestate
283 2315 495 2364 legislativa
515 2316 642 2364 quoad
663 2316 898 2365 principium
917 2320 976 2353 est
994 2316 1250 2353 essentialiter
1267 2316 1365 2354 inse-

78 2368 271 2415 parabilis.
292 2389 336 2395 —-
357 2369 412 2406 Cr.
444 2369 481 2407 S.
512 2369 580 2406 Th.
612 2370 708 2407 11-11..
742 2369 812 2412 Qu.
846 2368 919 2412 Lx,
951 2369 1031 2406 Art.
1052 2368 1126 2410 vt:
1154 2389 1202 2397 —
1225 2368 1366 2408 Roma-
