1584 2569
137 163 205 199 304·
238 170 297 197 :us
315 167 479 196 numm.
494 166 565 193 Lm.
581 166 621 192 11.
641 164 716 190 CAP.
732 163 769 188 V.
787 163 831 190 DE
844 163 974 189 uuruls
987 160 1172 189 RELATION.
1186 159 1291 186 INTER
1300 159 1375 186 Ere.

138 245 289 280 festum.
310 239 453 277 Exinde
472 236 793 275 contradictiones
814 236 850 270 et
871 232 1053 277 absurda,
1079 242 1165 279 quae
1188 233 1228 268 in
1248 232 1364 279 ipsius
1385 234 1422 267 et

138 298 220 344 ejus
239 294 481 331 imitatorum
502 290 624 326 verbis
645 288 788 335 passim
809 285 1055 322 offendimus.
1076 305 1121 311 -
1141 285 1278 321 Procul
1304 284 1421 321 dubio

138 357 338 397 quousque
358 345 489 392 religio
508 344 546 379 in
563 341 736 378 interiori
752 339 986 376 conscientia
1004 337 1207 382 clauditur,
1226 338 1318 373 latet
1337 342 1422 374 tum

138 401 286 438 civilem
308 404 391 434 tum
411 395 709 434 ecclesiasticam
729 394 959 441 potestatem
979 402 987 435 ;
1012 396 1049 427 et
1073 395 1351 438 consequenter
1377 391 1423 427 de

138 455 203 491 illa
222 454 326 490 solus
350 453 448 487 Deus
466 448 585 496 J'udex
605 451 675 483 est.
699 445 774 483 Sed
794 444 950 493 quando
972 444 1107 491 religio
1128 445 1170 480 fit
1190 443 1324 490 regula
1340 454 1423 480 mo·

139 518 239 551 rum,
271 516 315 541 eo
347 504 430 551 ipso
458 502 506 538 ad
544 499 865 537 communitatem
892 497 1068 534 refertur.
1107 497 1184 533 Sub
1211 496 1284 533 hoc
1310 507 1423 533 sensu

139 561 279 596 fatetur
297 558 493 593 Rousseau
514 555 642 591 Status
656 553 837 588 interesse
855 555 897 587 ut
913 549 1074 597 quilibet
1093 550 1183 586 civis
1199 549 1424 597 religionem

140 613 246 649 illam
266 611 492 657 profiteatur
511 616 598 654 quae
617 606 691 653 ipsi
720 605 869 651 ingerat
896 613 1069 640 amorem
1103 613 1262 638 suorum
1284 602 1423 639 officio-

139 676 240 702 rum.
261 663 374 710 Atqui
396 662 478 697 sola
491 671 579 696 vera
598 659 735 706 religio
757 657 1050 704 ingeritcivibus
1071 667 1244 692 amorem
1265 667 1423 693 suorum

141 718 369 754 officiorum.
388 715 501 760 Ergo,
515 717 650 749 contra
665 711 704 747 id
721 711 824 758 quod
836 713 1032 747 Rousseau
1047 709 1196 756 illogice
1216 709 1424 754 concludit,

142 768 346 806 dicendum
364 768 520 803 omnino
535 770 605 809 est,
625 765 743 800 etiam
757 774 803 799 ex
817 763 899 810 ejus
922 762 1134 810 principiis,
1150 762 1270 799 Statui
1283 762 1427 799 nedum

140 822 354 863 convenire,
377 820 443 855 sed
460 819 532 866 ipsi
545 818 713 854 officium
732 815 950 852 incumbere
971 815 1242 862 gravissimum
1263 815 1428 852 faciendi

142 875 244 923 quod
265 876 302 910 in
323 885 361 909 se
379 875 503 917 est,ut
519 882 608 908 vera
624 871 758 917 religio
779 872 933 905 externe
948 869 1083 904 saltem
1102 868 1150 905 ab
1170 869 1350 905 omnibus
1370 869 1427 905 ci-

141 929 249 966 vibus
270 928 505 970 observetur,
519 929 556 960 et
575 923 806 970 irreligionis
821 922 879 958 vel
897 921 1084 958 falsorum
1101 921 1328 967 dogmatum
1343 932 1428 968 pro-

142 985 346 1028 pagatores
362 981 669 1024 compescantur.
686 996 730 1002 —
745 976 839 1017 Quae
859 975 991 1010 omnia
1009 975 1062 1009 ita
1081 985 1170 1010 vera
1191 979 1279 1010 sunt
1291 977 1332 1010 ut
1347 976 1429 1022 ipse

142 1037 353 1076 Rousseau,
375 1032 442 1079 qui
466 1031 683 1066 libertatem
709 1038 777 1065 seu
803 1027 1000 1064 licentiam
1025 1028 1268 1064 conscientiae
1294 1032 1429 1064 contra

141 1085 370 1122 catholicam
390 1083 595 1119 Ecclesiam
617 1085 849 1128 propugnat,
868 1090 955 1116 eam
970 1079 1193 1116 immediate
1208 1084 1295 1126 post
1313 1080 1430 1116 verba

142 1141 258 1175 citata
274 1137 447 1173 funditus
467 1135 639 1171 destruat
660 1133 890 1169 stabiliendo
906 1133 1229 1178 omnipotentiam
1246 1133 1373 1169 Status
1393 1136 1431 1169 et

144 1190 405 1228 Statolatriam
427 1199 467 1224 ει
487 1186 736 1224 Admittenda
754 1186 872 1233 igitur
889 1189 958 1228 est,
975 1185 1113 1232 inquit,
1132 1185 1221 1221 fidei
1240 1185 1429 1233 professio

143 1255 236 1292 pure
256 1242 388 1287 civilis,
413 1241 521 1287 cujus
540 1240 604 1287 jus
620 1244 678 1275 est
693 1249 809 1285 penes
823 1239 1039 1285 Principem
1059 1237 1319 1275 determinare
1341 1240 1430 1275 arti·

144 1297 262 1340 culos,
285 1305 362 1330 non
382 1297 571 1341 quatenus
586 1291 783 1338 religionis
804 1290 1001 1338 dogmata,
1020 1290 1086 1326 sed
1101 1294 1291 1338 quatenus
1312 1292 1431 1327 socia-

145 1349 301 1385 bilitatis
326 1357 461 1384 sensus
482 1345 741 1391 (sentiments),
771 1344 852 1380 sine
879 1343 1021 1391 quibus
1047 1343 1282 1390 impossibile
1309 1348 1366 1380 est
1388 1349 1432 1380 ut

145 1404 262 1439 homo
291 1402 341 1437 sit
372 1401 496 1437 bonus
515 1398 607 1435 civis
631 1402 669 1434 et
696 1397 872 1434 subditus
900 1396 1037 1434 fidelis.
1069 1396 1125 1432 Ad
1156 1396 1431 1444 imponendam

145 1455 260 1492 fidem
275 1455 314 1490 in
330 1452 553 1500 huJ'usmodi
574 1450 756 1488 articulos
776 1451 956 1497 Princeps
973 1449 1134 1497 quidam
1150 1449 1295 1486 nullam
1315 1449 1433 1486 habet

145 1507 382 1550 facultatem,
404 1510 443 1541 at
468 1506 594 1552 potest
613 1507 746 1539 tamen
777 1502 885 1538 illum
913 1505 1106 1538 extorrem
1124 1513 1146 1538 a
1166 1503 1276 1538 Statu
1306 1502 1431 1538 facere

147 1561 212 1607 qui
232 1559 316 1595 illos
337 1569 414 1594 non
440 1556 572 1600 credit,
592 1566 670 1591 non
689 1555 803 1602 quasi
822 1554 997 1601 impium,
1021 1554 1088 1589 sed
1106 1558 1148 1589 ut
1168 1554 1433 1591 insociabilem

146 1617 182 1648 et
200 1613 423 1658 incapacem
443 1607 601 1644 amandi
617 1607 760 1643 sincere
775 1607 892 1654 leges,
899 1606 1104 1652 justitiam,
1124 1610 1161 1641 et
1178 1605 1378 1652 fundendi,
1397 1609 1430 1643 si

148 1675 243 1711 opus
263 1663 325 1707 sit,
343 1663 461 1698 vitam
481 1672 551 1709 pro
573 1659 820 1707 adimplendo
834 1659 973 1695 officio.
992 1658 1102 1700 Quod
1123 1660 1153 1694 si
1176 1659 1316 1706 aliquis
1331 1664 1433 1707 post-

148 1728 264 1766 quam
281 1716 430 1763 publice
449 1713 647 1750 admiserit
664 1713 827 1759 praefata
844 1711 1041 1758 dogmata,
1055 1712 1174 1748 vitam
1189 1712 1304 1748 ducat
1324 1714 1435 1760 quasi

148 1782 194 1808 ea
212 1780 288 1806 non
308 1768 504 1811 crederet;
536 1770 658 1802 morte
691 1766 903 1812 puniatur:
932 1764 1053 1801 scelus
1085 1765 1188 1801 enim
1218 1766 1441 1801 maximum

149 1821 394 1870 perpetravit,
410 1820 501 1866 quia
517 1818 702 1855 mentitus
720 1821 776 1853 est
799 1827 931 1854 coram
950 1817 1033 1864 lege
1053 1828 1062 1853 ι
1082 1817 1177 1864 qu'il
1192 1817 1270 1853 soit
1283 1818 1383 1864 puni
1393 1818 1437 1854 de

148 1881 246 1913 mort
262 1887 274 1910 .·
293 1874 323 1910 il
339 1885 364 1910 a
380 1874 530 1910 commis
552 1872 583 1908 le
590 1871 683 1918 plus
698 1871 825 1917 yrand
844 1870 907 1907 des
921 1870 1070 1912 crimes,
1091 1870 1122 1906 il
1132 1881 1157 1906 a
1174 1871 1291 1906 menti
1301 1871 1437 1907 devant

150 1930 188 1965 la
205 1929 272 1965 ἰοί.
296 1942 313 1961 ι
331 1947 376 1953 -
392 1928 449 1963 Ita
468 1925 641 1972 loquitur
660 1926 872 1969 Rousseau,
891 1924 946 1959 ita
964 1923 1177 1970 loquuntur
1197 1924 1263 1970 qui
1283 1924 1366 1971 eJ'us
1382 1934 1437 1960 so-

149 1983 302 2030 phisma
321 1983 530 2016 sectantur.
552 1977 814 2014 Exordiuntur
833 1986 856 2012 a
872 1977 1060 2024 principio
1089 1986 1098 2012 z
1119 1976 1236 2012 Nihil
1254 1977 1307 2013 ad
1321 1977 1438 2014 Prin-

151 2035 269 2081 cipem
288 2033 480 2080 pertinere
504 2030 549 2066 de
568 2029 818 2076 opinionibus
843 2028 1036 2075 religiosis
1055 2027 1308 2073 subditorum,
1327 2029 1438 2065 dum-

151 2085 266 2123 modo
287 2086 429 2121 horum
447 2085 525 2119 vita
538 2083 776 2119 extrinsecus
787 2081 1048 2117 conformetur
1059 2080 1196 2116 officiis
1213 2081 1436 2126 socialibus,

152 2140 217 2176 sed
238 2138 369 2174 statim
384 2137 540 2173 additur
550 2135 753 2182 religionis
767 2135 932 2171 codicem
952 2144 977 2170 a
995 2133 1180 2180 Principe
1192 2134 1439 2180 redigendum

151 2203 239 2237 esse,
249 2191 315 2239 qui
329 2189 531 2236 complecti
539 2188 652 2225 debet
660 2188 845 2235 dogmata
855 2187 1030 2234 positiva,
1045 2196 1183 2232 nempe
1195 2186 1438 2223 existentiam

151 2245 234 2290 Dei,
254 2244 373 2280 vitam
396 2243 579 2285 futuram,
607 2242 768 2289 praemia
787 2241 993 2284 bonorum,
1015 2242 1053 2275 et
1077 2239 1270 2275 malorum
1290 2249 1438 2286 paenas,

153 2300 191 2334 et
219 2297 404 2344 dogmata
423 2295 599 2342 negativa
627 2305 712 2341 quoe
739 2294 788 2330 ad
815 2293 938 2331 solam
969 2292 1259 2328 intolerantiam
1290 2292 1439 2330 reducit

154 2352 349 2386 Rousseau
376 2348 519 2394 (ibid.).
546 2346 797 2383 concluditur
818 2347 983 2393 denique
1015 2355 1092 2380 non
1112 2345 1333 2381 tolerandos
1357 2356 1437 2382 esse

154 2403 266 2448 cives,
287 2407 325 2439 et
347 2406 416 2438 aut
435 2399 680 2449 expellendos
700 2410 724 2436 a
743 2399 853 2435 Statu
878 2403 945 2435 aut
965 2402 1090 2434 morte
1114 2397 1350 2444 plectendos,
1371 2399 1437 2443 qui
