1584 2569
179 156 257 182 ΛΒΤ.
283 157 319 183 V.
343 157 384 182 DE
406 157 553 184 OFFICIIS
573 157 616 183 ET
635 158 780 182 JURIBUS
797 158 986 183 PARENTUM
1005 158 1040 183 IN
1064 158 1175 182 FtLlos
1290 148 1356 181 2¹07

67 231 218 262 rentum
238 227 305 263 filii
324 234 599 275 procreantur3
626 229 725 266 unde
748 230 847 266 filius
869 234 925 265 est
951 229 1240 276 quodammodo
1269 240 1357 276 pars

69 280 186 325 patris
207 295 221 312 ι
246 286 288 316 ut
316 281 409 317 z‘bz'd.
435 282 543 317 addit
574 283 610 318 S.
634 283 812 318 Thomas.
837 283 875 318 Si
905 294 995 330 ergo
1013 293 1035 318 a
1060 287 1197 318 natura
1218 286 1274 317 est
1293 282 1356 328 jus

66 332 169 378 quod
192 333 308 370 homo
330 335 446 370 habet
462 336 501 370 in
518 337 700 383 seipsum,
721 348 742 372 a
757 341 895 372 natura
911 341 968 372 est
981 337 1044 382 jus
1061 335 1164 382 quod
1180 339 1358 382 parentes

67 384 210 420 habent
230 387 269 421 in
287 388 395 432 quasi
414 388 571 434 seipsos,
591 399 728 435 nempe
750 389 788 424 in
809 389 921 425 filios.

114 438 200 474 naec
220 450 264 475 ex
286 445 392 487 parte
411 446 636 488 parentum3
660 442 761 477 idern
788 453 833 478 ex
859 446 966 489 parte
995 442 1178 477 filiorum.
1206 440 1356 476 Etenim

67 491 134 526 filii
161 503 228 539 per
253 495 554 540 generationem,
582 494 655 531 hoc
681 500 736 530 est
753 507 820 542 per
839 506 993 531 causam
1014 494 1171 542 quidem
1188 494 1358 530 volunta·

67 545 120 580 rie
141 546 319 592 positam,
341 547 406 582 sed
428 548 469 582 in
488 559 525 583 se
558 549 787 593 naturalem,
815 548 1058 584 existentiam
1089 547 1293 594 accipiunt.
1316 546 1355 580 Iu

68 608 144 644 qua
162 599 318 646 quidem
339 601 540 637 existentia
561 601 766 648 perdurare
788 603 825 638 in
848 603 973 649 prima
992 606 1104 637 aetate
1126 612 1193 648 per
1215 600 1359 647 seipsos

68 662 144 687 non
165 658 336 700 possunt.
368 654 510 690 Tamen
541 656 638 691 sicut
658 660 695 690 et
715 655 829 690 ceteri
862 655 1039 691 homines
1058 655 1122 702 jus
1140 653 1283 689 habent
1311 651 1357 687 ad

68 704 155 740 vita}
189 705 456 742 educationem
490 707 716 753 humanam,
748 707 821 744 hoc
853 713 910 744 est
944 712 1025 743 tum
1048 707 1245 754 physicam
1278 711 1358 741 tum

68 759 268 795 moralem.
294 759 367 795 Sed
394 760 642 796 manifestum
674 766 729 796 est
754 760 857 808 quod
881 761 950 796 filii
984 761 1135 796 nonnisi
1158 760 1195 794 in
1228 769 1360 806 paren-

70 812 184 858 tibus,
213 812 277 859 qui
307 818 396 847 sunt
423 825 538 849 causa
569 825 648 849 sua>
679 814 906 858 existentiae,
940 818 1098 860 possunt
1134 811 1361 848 naturaliter

68 865 209 902 habere
227 867 437 901 terminum
459 868 602 913 proprii
621 868 720 913 juris
743 878 750 903 :
776 877 865 903 nam
887 867 952 914 qui
971 866 1079 913 ponit
1099 876 1268 908 causam,
1288 864 1360 900 sibi

69 919 230 954 assumit
255 923 533 965 consequenter
553 920 723 955 officium
746 920 845 956 circa
874 931 918 955 ea
937 930 1023 966 quae
1051 930 1137 955 cum
1160 918 1225 953 tali
1246 928 1361 953 causa

69 975 158 1007 sunt
176 971 389 1007 necessario
409 982 594 1008 connexa.
618 972 795 1008 Officium
811 983 900 1019 ergo
920 972 1092 1008 naturale
1114 972 1211 1007 inest
1231 981 1363 1017 paren—

69 1024 171 1060 tibus
202 1024 302 1059 circa
326 1023 594 1060 educationem
627 1025 809 1060 filiorum.
838 1025 951 1072 Atqui
992 1024 1162 1060 osticium
1188 1022 1360 1059 naturale

70 1077 306 1113 educationis
334 1077 502 1112 filiorum
531 1077 902 1124 subauditpatriam
923 1082 1143 1124 potestatem
1172 1075 1361 1112 retinendi

72 1130 169 1166 filios
188 1130 228 1165 in
247 1130 426 1165 societate
453 1130 664 1166 domestica
689 1131 758 1166 sub
789 1141 858 1166 sua
877 1141 970 1166 cura
997 1134 1034 1166 et
1055 1129 1276 1165 directione.
1298 1128 1363 1163 Est

71 1194 160 1230 ergo
197 1184 320 1229 patria
352 1187 520 1229 potestas
555 1183 777 1219 immediate
809 1193 853 1219 ex
883 1183 969 1230 jure
996 1187 1159 1227 naturai,
1193 1185 1363 1229 spectata

71 1236 186 1271 etiam
208 1236 376 1271 filiorum
397 1235 630 1271 conditione.

118 1289 209 1331 Quae
230 1289 361 1324 omnia
379 1290 660 1325 confirmantur
679 1300 724 1325 ex
748 1293 886 1324 natura
905 1289 1098 1324 societatis
1122 1288 1359 1323 domesticae.

70 1343 165 1377 Nam
180 1342 340 1378 societas
354 1341 566 1378 domestica
579 1342 865 1389 formaturjure
883 1347 1045 1387 naturae,
1063 1340 1365 1388 independenter

73 1406 95 1431 a
113 1395 293 1431 societate
313 1395 411 1431 civili
433 1406 509 1441 qua
535 1395 640 1442 prior
659 1399 715 1431 est
740 1397 812 1440 (44,
837 1395 930 1440 VII).
958 1395 1071 1441 Atqui
1099 1394 1167 1429 filii
1198 1405 1274 1429 non
1300 1403 1364 1429 vo·

72 1448 219 1484 luntate
238 1449 406 1495 propria,
430 1459 551 1495 neque
565 1447 726 1484 ridiculo
742 1452 852 1495 pacto
871 1459 879 1493 3
900 1459 1022 1494 neque
1042 1448 1124 1494 lege
1142 1451 1209 1482 aut
1235 1446 1364 1482 volun-

76 1505 153 1536 tate
173 1501 292 1537 civilis
315 1502 527 1548 potestatis,
553 1500 618 1537 sed
644 1501 811 1537 naturali
839 1501 1063 1537 necessitate
1093 1504 1302 1535 nascuntur
1327 1499 1363 1534 in

75 1554 255 1590 societate
284 1554 494 1590 domestica
523 1554 562 1590 in
592 1554 656 1591 illa
685 1558 871 1590 crescunt.
908 1553 1006 1601 Ergo
1034 1557 1185 1597 natura,
1219 1556 1256 1588 et
1288 1562 1362 1587 non

76 1607 150 1643 alio
173 1607 374 1654 principio,
396 1607 654 1654 subjiciuntur
675 1607 809 1654 patriae
830 1607 1011 1654 potestati
1032 1607 1070 1642 in
1094 1606 1275 1642 societate
1302 1604 1368 1640 do-

75 1660 233 1695 mestica
244 1660 455 1695 necessario
472 1661 746 1706 praeexistenti‚
760 1664 796 1695 et
810 1659 1039 1696 naturaliter
1052 1670 1132 1695 sese
1144 1657 1367 1694 extendenti

76 1712 124 1748 ad
148 1713 248 1748 filios
268 1717 310 1747 ut
326 1712 375 1748 ad
401 1712 576 1748 membra
602 1713 828 1748 naturaliter
857 1713 929 1759 ipsi
948 1712 1122 1749 societati
1144 1710 1367 1747 domesticae

77 1764 237 1801 adnexa.

125 1817 207 1854 Sive
228 1828 317 1864 ergo
338 1822 482 1863 spectes
503 1823 681 1853 naturam
700 1818 970 1864 generationis,
989 1817 1168 1864 sivejura
1181 1816 1366 1860 filiorum,

78 1871 155 1906 sive
175 1870 366 1906 societatis
381 1870 601 1905 domestica}
620 1874 821 1915 naturam3
845 1870 970 1917 patria
986 1873 1155 1916 potestas
1173 1868 1326 1904 nonnisi
1347 1878 1370 1903 a

75 1925 161 1970 J'ure
178 1928 326 1959 naturoe
347 1922 570 1958 immediate
591 1934 669 1958 esse
691 1927 829 1970 potest.

124 1976 172 2012 IV
189 1975 321 2012 Officia
339 1981 545 2021 parentum
561 1976 602 2011 in
618 1976 718 2012 filios
739 1976 864 2021 quoad
885 1984 1036 2020 corpus.
1049 1976 1068 2011 J
1073 1986 1134 2011 am
1156 1985 1243 2010 vero
1266 1984 1369 2020 quae-

78 2029 226 2065 namin
254 2040 390 2076 genere
422 2030 499 2064 sint
521 2028 648 2064 officia
683 2033 886 2075 parentum
921 2029 959 2064 in
992 2028 1091 2064 filios
1120 2026 1369 2063 determinari

78 2082 256 2118 facillime
276 2087 414 2130 potest.
436 2082 568 2124 Quoad
589 2093 740 2129 corpus,
763 2085 942 2118 tenentur
959 2086 1109 2118 naturae
1130 2080 1257 2116 officio
1275 2080 1368 2115 sub-

79 2135 295 2172 ministrare
335 2134 524 2181 quidquid
570 2135 826 2170 necessarium
863 2138 919 2171 est
954 2133 1001 2170 ad
1039 2133 1370 2170 conservationem

79 2191 117 2222 et
145 2187 416 2235 perfectionem
443 2189 556 2223 vitae:
586 2187 656 2223 filii
677 2188 779 2223 enim
805 2192 894 2223 sunt
914 2186 1059 2234 aliquid
1089 2190 1308 2234 parentum,
1333 2189 1372 2220 et

79 2238 254 2276 homines
273 2245 412 2276 natura
432 2245 468 2276 et
485 2241 638 2287 juribus
659 2238 909 2276 rationalibus
931 2240 1105 2276 instructi
1126 2240 1224 2274 sicut
1255 2237 1371 2274 ceteri

80 2291 269 2329 homines.
294 2292 400 2329 Sicut
422 2304 512 2340 ergo
536 2293 654 2330 homo
679 2292 877 2329 hominem
904 2292 1076 2329 occidere
1102 2297 1167 2328 aut
1191 2290 1371 2327 mutilare

82 2355 157 2382 non
182 2349 322 2394 potest,
347 2346 403 2382 ita
427 2357 496 2383 nec
516 2351 692 2394 parentes
718 2350 878 2393 possunt
903 2345 1073 2382 occidere
1100 2349 1166 2380 aut
1193 2343 1371 2379 mutilare

84 2397 210 2435 filios:
238 2398 412 2446 quinimo
439 2399 540 2436 filios
571 2399 668 2436 sicut
697 2399 841 2447 seipsos
867 2409 996 2436 amare
1015 2401 1222 2444 tenentur,
1257 2396 1309 2432 ita
1330 2399 1372 2431 ut
