1584 2569
395 117 478 144 Ant.
501 117 530 141 1.
560 115 603 141 oz
622 116 765 142 unua».
788 115 991 141 socxnrans
1019 115 1150 141 civxnxs
1341 106 1408 142 219

121 189 362 228 Consociatio
381 188 574 224 hominum
594 187 646 223 ad
665 187 829 223 eumdem
853 187 965 234 finem
988 187 1184 233 coynz'tum
1199 192 1232 222 et
1252 187 1410 223 volitum

119 242 336 290 conjunclis
357 240 504 277 viribus
529 240 844 287 conseqzwndum3
873 241 938 287 qui
965 240 1052 275 finis
1081 245 1137 276 est
1162 240 1307 276 bonum
1329 251 1410 277 om-

120 296 228 332 nium
248 295 453 338 sociorum,
472 305 538 329 seu
555 293 690 330 bonum
710 304 912 330 commune.

167 350 213 386 11.
236 349 291 384 Ad
312 348 519 384 essentiam
537 348 737 383 societatis
754 347 931 383 humanae
952 348 1170 384 necessario
1186 348 1408 392 requiritur

117 405 291 449 potestas
306 412 374 437 seu
387 401 615 436 auctoritas.
631 400 726 435 Nam
742 399 951 436 multitudo
965 401 1174 446 requiritur
1192 400 1349 447 quidem
1360 400 1408 435 ad

119 455 354 498 societatem,
378 452 456 498 sed,
480 457 522 488 ut
539 453 721 497 diximus,
741 453 814 489 nisi
832 453 914 489 hoec
931 453 1140 489 multitudo
1156 452 1203 489 ad
1219 454 1408 489 unitatem

119 507 336 551 reducatur,
359 506 520 542 societas
541 517 617 541 non
639 506 802 542 habetur
823 516 831 540 :
855 516 941 552 quae
964 506 1089 542 unitas
1114 517 1159 542 ex
1180 507 1255 542 fine
1276 517 1342 542 seu
1364 517 1410 542 ex

119 562 221 597 bono
250 559 448 596 communi
478 563 546 604 est,
581 564 623 595 ut
655 570 770 606 supra
795 560 937 606 pariter
964 559 1144 595 diximus.
1172 560 1286 606 Atqui
1319 570 1407 595 cum

119 625 253 650 omnes
273 612 450 649 homines
476 613 553 648 sint
574 616 712 648 natura
736 612 915 659 aequales,
935 612 965 648 si
987 613 1195 659 unicuique
1216 613 1408 659 relinqua—

122 672 183 703 tur
202 670 370 714 potestas
389 665 672 702 determinandi
687 666 804 701 finem
825 676 1086 709 communem,
1111 670 1167 700 tot
1181 670 1293 701 erunt
1312 667 1406 701 fines

121 725 158 757 et
177 723 454 766 consequenter
474 718 680 754 tendentiae
702 718 739 753 in
765 719 880 754 finem
902 723 939 754 et
959 719 1098 754 virium
1129 718 1407 761 distractiones,

121 778 214 820 quot
238 776 349 808 erunt
378 772 554 807 membra
574 771 846 818 componentia
873 770 1109 807 societatem.
1133 771 1177 806 Et
1198 770 1270 807 hoc
1293 770 1408 807 modo

121 827 314 862 destructa
341 825 487 861 unitate
514 825 614 869 finis,
647 824 868 871 viribusque
898 823 1104 869 distractiS,
1137 824 1297 860 societas
1328 825 1409 872 ipsa

120 879 270 926 periret.
293 877 390 924 Ergo
427 877 476 914 ad
503 877 709 913 essentiam
737 878 931 913 societatis
963 878 1176 914 necessario
1201 877 1411 925 requiritur

119 932 369 981 principium,
389 932 497 978 quus
515 931 565 966 sit
585 942 629 966 ex
646 931 732 977 jure
754 930 1011 967 determinare
1026 930 1071 967 de
1090 931 1190 967 bono
1212 932 1410 967 communi

120 990 157 1021 et
181 984 230 1021 ad
250 985 323 1021 hoc
349 983 557 1020 concordes
578 983 742 1031 dirigere
771 984 963 1019 sociorum
995 984 1106 1019 vires.
1137 983 1181 1019 Et
1210 984 1282 1019 hoc
1309 985 1409 1031 prin-

121 1038 264 1086 cipium
291 1041 449 1073 vocatur
468 1041 650 1083 potestas,
682 1047 748 1072 seu
778 1036 991 1072 auctoritas
1017 1036 1178 1072 socialis
1207 1047 1214 1071 :
1247 1047 1346 1082 quoe,
1369 1041 1412 1073 ut

123 1095 240 1138 patet,
268 1094 426 1126 externa
454 1101 534 1125 esse
555 1090 667 1125 debet
693 1094 735 1125 ut
763 1089 856 1125 socii
877 1090 1067 1136 imperata
1089 1090 1207 1137 ipsius
1228 1090 1349 1125 sciant
1374 1095 1411 1125 et

121 1145 273 1180 faciant.
298 1144 389 1178 IIinc
402 1143 598 1179 Pnovnnn.
613 1144 672 1187 xl,
691 1145 730 1178 13
748 1154 756 1178 t
783 1142 858 1179 Ubi
873 1153 948 1179 non
963 1147 1016 1179 est
1031 1142 1409 1189 yzcberncztorfflopu-

122 1198 178 1234 lus
199 1201 357 1232 corruet.
381 1216 425 1221 —-
452 1196 556 1231 Hanc
582 1196 773 1231 rationem
802 1194 955 1232 tradens
980 1194 1017 1231 S.
1040 1195 1207 1231 Thomas
1231 1196 1269 1231 in
1298 1196 1410 1231 Libro

122 1250 245 1297 primo
268 1249 323 1284 De
345 1248 528 1294 reyz'mz‘ne
540 1248 777 1294 principum,
808 1248 898 1295 Cap.
924 1248 952 1293 1,
979 1247 1086 1284 addit
1115 1247 1410 1284 similitudinem

121 1314 166 1338 ex
186 1302 353 1338 hominis
375 1301 432 1337 vel
449 1301 653 1348 cujtislibet
670 1301 847 1337 animalis
868 1311 1040 1348 corpore,
1061 1300 1163 1347 quod
1188 1314 1202 1332 ‹
1225 1300 1411 1338 deflueret

121 1355 193 1391 nisi
217 1359 314 1390 esset
339 1354 467 1401 aliqua
496 1354 552 1389 vis
575 1354 734 1401 regitiva
767 1353 1043 1398 communis...,
1076 1363 1159 1400 quae
1190 1352 1238 1389 ad
1261 1354 1406 1390 bonum

121 1418 324 1444 commune
345 1407 520 1442 omnium
539 1407 804 1443 membrorum
826 1405 1053 1442 intenderet.
1081 1420 1094 1438 n

167 1461 232 1497 111.
261 1460 525 1496 corollarium.
549 1460 587 1495 Si
613 1460 730 1507 igitur
749 1459 983 1507 principium
1012 1459 1211 1495 conserens
1239 1460 1410 1495 multitu-

122 1514 201 1549 dini
221 1514 424 1558 unitatem,
451 1523 632 1549 vocemus
659 1513 893 1549 elementum
920 1512 1106 1558 [οι-Μαῖα
1133 1517 1169 1548 et
1194 1512 1409 1549 multitudi-

121 1576 208 1602 nem
230 1566 352 1613 ipsam
371 1565 617 1612 recipientem
639 1564 744 1601 illam
770 1565 958 1601 unitatem
979 1564 1152 1601 dieamus
1173 1565 1407 1601 elementum

121 1618 340 1660 materiale;
375 1617 602 1654 habebimus
635 1618 858 1654 societatem
882 1618 1096 1654 necessario
1131 1618 1341 1654 coalescere
1366 1629 1411 1654 ex

121 1671 264 1719 duplici
283 1671 474 1707 essentiali
496 1671 698 1716 elemento,
726 1670 924 1707 materiali
949 1681 1101 1718 nempe,
1125 1670 1228 1717 quod
1259 1675 1315 1707 est
1346 1671 1410 1706 Ιιο-

120 1724 266 1760 minum
279 1723 495 1767 mullitudo,
506 1723 714 1769 etformctli
725 1723 828 1770 quod
844 1728 899 1759 est
911 1724 993 1771 ipsa
1007 1723 1159 1771 publica
1173 1723 1411 1759 Auctoritas.

169 1776 228 1812 IV.
252 1776 466 1812 societates
493 1776 668 1812 diversae.
702 1776 775 1811 Pro
806 1775 921 1811 variis
948 1779 1077 1811 autem
1112 1775 1410 1811 consociationis

123 1828 304 1876 gradibus
324 1833 361 1864 et
378 1833 655 1875 consequenter
683 1838 752 1875 pro
775 1827 923 1864 diverso
953 1829 1150 1864 communi
1180 1829 1254 1864 fine
1275 1838 1411 1874 prom-

121 1892 180 1917 mo
209 1880 490 1928 consequendo,
526 1881 685 1917 diversae
720 1885 913 1928 exurgunt
941 1881 1154 1925 societates,
1195 1892 1239 1917 ex
1270 1881 1409 1928 quibus

123 1935 335 1982 praecipuas
356 1933 418 1970 hic
435 1944 629 1970 recensere
654 1934 811 1969 omnino
833 1929 1029 1969 debemus.
1054 1953 1098 1959 —
1130 1933 1194 1969 Vel
1217 1934 1320 1969 eniin
1349 1933 1409 1970 illa

123 1987 358 2023 consociatio
379 1991 435 2022 est
453 1997 497 2022 ex
517 1987 622 2034 puris
644 1986 861 2022 individuis
882 1986 1108 2023 naturaliter
1125 1987 1253 2031 unitis,
1274 1997 1412 2033 nempe·

122 2040 157 2075 vi
190 2040 429 2077 matrimonii
450 2044 487 2075 et
521 2039 779 2086 generationis
800 2038 870 2075 sub
892 2039 1016 2087 patria
1049 2039 1277 2076 auctoritate
1305 2043 1341 2075 et
1373 2040 1412 2076 in

124 2092 257 2129 eadem
279 2092 408 2137 domo,
431 2097 468 2129 et
494 2092 658 2128 habetur
675 2091 849 2138 familia,
869 2091 915 2128 de
936 2102 1012 2139 qua
1032 2092 1070 2127 in
1095 2091 1326 2139 proeeedenti
1355 2103 1412 2129 ca-

123 2145 201 2192 pite
218 2144 364 2181 dictum
388 2145 479 2182 satis
493 2150 562 2181 est.
586 2165 628 2171 —-
650 2145 714 2182 Vel
736 2149 791 2181 est
816 2145 1047 2181 consociatio
1071 2145 1305 2181 familiarum
1330 2156 1413 2181 san·

124 2198 237 2244 guine
257 2199 551 2245 conjunctarum
577 2198 647 2234 snb
672 2198 900 2234 auctoritate
921 2198 1150 2245 antiquioris
1179 2198 1348 2245 parentis
1375 2198 1413 2233 in

124 2249 257 2286 eadem
279 2249 408 2295 domo,
430 2254 468 2286 et
488 2250 653 2286 habetur
670 2250 831 2286 societas
846 2250 1151 2297 patriarchalis,
1167 2249 1213 2286 de
1228 2260 1303 2297 qua
1319 2249 1414 2286 nihi}

127 2303 270 2339 occurit
287 2302 506 2348 dicendum,
528 2304 619 2350 quia
639 2302 773 2339 eadem
800 2302 917 2340 ferme
939 2308 994 2339 est
1018 2314 1061 2340 ac
1088 2303 1249 2340 societas
1268 2301 1414 2339 domes·

128 2355 214 2394 tica.
235 2375 281 2381 ·-
302 2355 365 2392 Vel
386 2356 688 2394 estsamiliarum
710 2357 1017 2403 conjunctarum,
1035 2356 1119 2404 jam
1137 2356 1294 2405 proprio
1313 2354 1414 2393 civili
