1584 2569
517 138 614 163 mnsx
641 137 887 162 urnam-:neus
1289 129 1349 162 :69

682 292 717 330 t.

55 400 174 438 Latio.
198 400 332 439 species
355 404 484 439 motus,
505 401 545 433 L.
567 400 597 439 8,
622 400 679 432 IX.

56 457 280 500 Legislativa
307 462 473 499 potestas,
496 458 540 491 M.
563 458 615 490 52.
639 457 740 499 (Vide
760 457 948 499 Potestas.)

55 515 140 550 Lex.
169 518 277 558 Leges
306 521 452 556 naturae,
476 516 512 549 C.
535 516 586 554 20,
603 517 655 549 21.
676 516 773 559 (Vide
800 516 968 558 Natura.)
990 533 1031 541 —
1054 515 1120 549 Lex
1145 515 1256 549 civilis
1279 524 1349 549 non

97 567 150 596 est
185 571 388 604 supremum
420 563 626 596 moralitatis
659 563 845 603 criterium,
868 565 914 596 M.
934 563 990 596 10.
1013 562 1070 596 VI.
1090 581 1130 587 —
1152 562 1202 595 De
1218 565 1349 595 natura

97 610 184 651 leqis
203 614 236 643 et
252 610 478 652 legislatoris,
495 611 543 642 M.
561 611 613 642 22.
630 628 669 635 -
682 611 747 643 Lex
769 614 824 643 est
838 610 972 651 aliquid
991 619 1061 643 non
1083 609 1274 642 voluntatis
1289 610 1348 642 sed

96 656 341 696 rationis,1.—
363 657 462 690 Ratio
482 657 597 690 finalis
617 657 742 690 ultima
760 657 847 698 legis
868 662 920 690 est
941 657 1073 690 bonum
1092 665 1277 690 commune
1293 665 1348 689 eo-

96 713 175 736 rum
194 704 320 745 quibus
334 704 387 737 lex
409 704 613 745 imponitur,
628 704 675 737 11.
701 720 742 728 --
764 702 864 737 Ratio
887 703 1072 746 cujuslibet
1091 703 1261 736 individui
1280 712 1350 736 non

98 756 151 782 est
188 750 312 783 factiva
342 751 441 792 legis,
459 751 513 783 IV.
534 768 575 775 —
597 752 643 783 De
667 751 944 792 promulgatione
973 750 1074 792 legis,
1097 751 1134 789 V,
1156 750 1224 783 VII.
1253 749 1350 791 (Vide

97 798 369 840 Promulyatz'o.)
394 816 430 823 —
448 798 498 831 De
517 798 591 840 leye
613 802 760 838 emma,
776 799 821 831 M.
841 798 892 830 23.
915 815 955 822 —
971 797 1093 830 Existit
1112 798 1165 830 lex
1189 797 1348 835 Quaedam

98 849 240 885 aeterna,
258 846 285 877 I.
299 863 340 868 —
355 844 455 887 Legis
473 848 613 878 aeternae
627 851 752 878 natura
763 854 801 877 ex
817 845 851 877 S.
865 845 1010 884 Thema,
1031 845 1092 877 111.
1113 862 1153 868 —-
1169 844 1351 877 Distinctio

97 892 183 933 legis
206 897 347 925 aeternae
371 901 390 924 a
410 892 643 933 Providentia,
667 893 720 925 IV.
739 910 781 916 —
798 893 848 926 De
873 893 948 935 leqe
975 892 1149 931 naturali,
1171 892 1216 924 M.
1240 892 1291 924 24.
1312 908 1352 915 -

97 938 220 971 Existit
235 939 271 972 in
291 939 434 972 homine
456 939 510 972 lex
535 940 697 980 quaedam
724 939 893 972 naturalis
913 938 1018 981 (Quid
1049 939 1094 971 sit
1113 939 1168 972 lex
1186 939 1295 971 active
1318 943 1352 970 et

98 986 235 1027 passive
252 986 420 1028 sumpta),
441 986 469 1018 1.
489 1003 529 1010 —
542 986 591 1018 De
606 986 790 1028 praeceptis
808 986 979 1019 contentis
999 985 1035 1017 in
1054 985 1130 1027 lege
1146 989 1292 1024 nature,
1307 985 1350 1017 11.

98 1050 140 1058 —
161 1034 229 1067 Lex
249 1034 419 1067 naturalis
438 1038 491 1066 est
510 1033 554 1067 ab
580 1033 767 1066 intrinseco
795 1033 1036 1073 immutabilis,
1052 1032 1110 1065 1v.
1132 1049 1175 1057 —-
1202 1033 1251 1065 De
1270 1032 1352 1074 {lege

97 1080 266 1122 positiva,
282 1081 325 1114 M.
346 1082 398 1113 25.
413 1099 454 1105 -
468 1082 559 1114 Deus
577 1080 652 1113 sine
673 1080 897 1119 detrimento,
917 1080 988 1113 imo
1005 1088 1084 1113 cum
1107 1078 1259 1112 maximo
1273 1088 1352 1120 pro-

100 1127 192 1159 fectu
227 1131 357 1160 nostrae
386 1127 566 1164 libertatis,
591 1131 707 1168 potest
732 1136 814 1159 suas
842 1127 937 1168 leges
963 1126 1130 1168 positivas
1153 1125 1352 1159 hominibus

102 1173 269 1213 indicere,
285 1175 339 1207 lv,
358 1192 400 1198 —
419 1174 548 1207 Praeter
565 1173 675 1214 legem
696 1173 889 1206 naturalem
905 1178 938 1205 et
954 1173 1066 1214 legem
1086 1173 1277 1205 humanam
1293 1181 1352 1205 ne-

98 1221 290 1254 cessarium
313 1220 378 1254 fuit
397 1222 440 1254 ad
464 1220 688 1254 directionem
709 1220 871 1253 humanae
892 1220 971 1253 vitae
992 1220 1119 1252 habere
1136 1219 1249 1260 legem
1267 1219 1352 1251 divi-

102 1276 198 1307 nam,
215 1268 253 1301 V.
272 1286 314 1293 -
332 1270 400 1301 Lex
422 1268 578 1301 humana
597 1267 772 1300 derivatur
794 1276 815 1299 a
836 1267 911 1308 lege
934 1266 1098 1306 naturali,
1118 1275 1188 1299 non
1210 1265 1353 1307 praecise

99 1319 139 1347 ut
158 1316 337 1350 conclusio
361 1324 404 1349 ex
427 1314 619 1358 principiis,
633 1315 694 1348 sed
715 1319 753 1347 ut
772 1313 1018 1348 determinatio
1038 1314 1200 1356 quaedam
1221 1313 1353 1355 aliquo-

99 1371 176 1395 rum
193 1363 431 1396 communium
445 1362 557 1404 ipsius
573 1361 660 1404 legis
680 1366 827 1402 naturae,
840 1361 932 1394 VIII.
946 1379 989 1386 —
1000 1361 1049 1394 De
1070 1361 1158 1402 leq&
1175 1360 1357 1394 naturalis

98 1409 290 1450 sanctione,
306 1411 352 1443 M.
376 1410 428 1442 27.
451 1409 547 1452 (Vide
568 1409 749 1450 Sanctio.)
768 1426 809 1432 —
828 1407 999 1450 Principia
1030 1417 1108 1450 quae
1140 1407 1351 1449 legislationi

100 1456 251 1497 politicae
271 1457 460 1498 praesidere
479 1457 618 1496 debent,
636 1457 682 1489 M.
705 1457 758 1496 52,
778 1456 852 1489 VII.
872 1472 914 1479 -—
933 1457 1041 1496 Leges
1063 1455 1248 1487 humanm:
1266 1455 1300 1486 1⁰
1323 1454 1352 1486 si

97 1504 203 1544 justae
228 1504 309 1544 sint,
333 1503 491 1545 obligant
512 1503 604 1537 cives
626 1503 662 1536 in
682 1502 916 1542 conscientia3
939 1502 973 1534 2·
996 1510 1065 1535 non
1094 1505 1211 1534 autem
1231 1510 1298 1543 per
1317 1509 1354 1533 se

100 1551 269 1593 obligant,
289 1550 319 1584 si
339 1551 411 1584 sint
428 1551 591 1593 injustae3
608 1551 641 1583 3⁰
660 1551 715 1583 hae
736 1554 851 1583 autem
873 1554 1020 1591 possunt
1040 1549 1197 1591 obligare
1212 1557 1280 1591 per
1294 1557 1354 1581 ac-

101 1598 232 1638 cidens,
252 1598 441 1631 dummodo
464 1598 645 1632 contrariae
666 1606 736 1630 non
753 1597 824 1630 sint
842 1596 978 1638 legibus
995 1596 1138 1635 divinis,
1155 1596 1202 1629 M.
1221 1596 1274 1634 55,
1292 1595 1352 1627 111.

62 1655 170 1692 Liber
188 1656 411 1690 authenticus
454 1665 516 1690 seu
554 1655 742 1698 genuinus,
762 1661 796 1689 et
833 1654 1079 1697 supposititius
1113 1654 1168 1687 vel
1200 1654 1354 1695 spurius,

102 1704 323 1745 incorruptus
343 1708 377 1736 et
399 1708 595 1745 corruptus,
611 1703 819 1743 maculatus,
840 1702 896 1735 vel
915 1702 1157 1743 interpolatus,
1174 1701 1211 1733 L.
1228 1700 1354 1739 61,111.

60 1761 339 1795 Liberalismus.
360 1762 397 1794 P.
422 1761 476 1801 50,
497 1761 573 1800 xn,
592 1761 683 1801 XIII,
707 1769 807 1802 seqq.

61 1821 242 1855 Libertas.
263 1820 313 1854 De
341 1820 464 1854 divina
495 1819 656 1854 libertate
687 1820 798 1852 relate
835 1819 884 1852 aa
909 1819 1134 1857 creationem,
1149 1818 1190 1850 c.
1209 1817 1241 1850 9.
1259 1816 1355 1859 (Vide

102 1868 323 1911 Creaeio.)-
333 1867 385 1901 De
397 1867 556 1900 humana
567 1866 739 1906 libertate,
754 1867 792 1898 P.
805 1865 859 1898 50.
877 1866 1040 1898 —Homo
1056 1864 1185 1905 gaudet
1196 1863 1355 1897 libertate

103 1915 249 1955 arbitrii,
269 1915 323 1947 IV.
342 1932 385 1939 —
401 1915 448 1947 De
469 1915 583 1947 radice
603 1917 727 1947 creatae
744 1912 928 1952 libertatis,
945 1912 984 1944 V.
1002 1929 1045 1936 —
1058 1912 1108 1944 De
1127 1910 1356 1944 indifferentia

103 1961 270 2002 requisita
301 1961 345 1994 ad
377 1960 586 2000 libertatem,
602 1960 674 1992 VII.
704 1977 747 1984 -
775 1958 1012 1992 Indisserentia
1031 1958 1201 1999 objectiva
1221 1960 1257 1990 et
1275 1957 1357 1989 sub·

100 2008 229 2050 jectiva
244 2007 476 2041 essentialiter
497 2006 723 2049 requiruntur
738 2007 781 2039 ad
798 2011 959 2039 naturam
978 2004 1161 2045 libertatis,
1180 2004 1236 2037 XI.
1252 2004 1356 2037 -Ad

104 2055 274 2088 rationem
291 2055 463 2088 libertatis
475 2063 545 2088 non
562 2053 748 2096 requiritur
760 2052 993 2086 indifferentia
1006 2051 1276 2090 contrarietatis,
1295 2051 1355 2083 sed

105 2101 234 2135 sufficit
254 2101 492 2134 indifferentia
507 2099 806 2139 contradictionis,
822 2099 913 2133 xm.
929 2116 971 2124 —
991 2098 1230 2132 Indiflerentia
1245 2106 1358 2131 mora-

102 2148 146 2181 lis
168 2148 211 2181 ad
233 2148 365 2181 bonum
384 2152 420 2181 et
438 2148 482 2181 ed
501 2147 634 2181 malum
656 2146 753 2180 nullo
774 2146 879 2180 modo
892 2149 946 2179 est
966 2145 1008 2178 de
1024 2149 1149 2178 natura
1171 2143 1356 2183 libertatis,

104 2195 165 2228 sed
182 2200 237 2228 est
249 2195 293 2228 de
310 2194 572 2237 imperfectione
587 2194 711 2236 ipsius,
727 2193 812 2228 xlv.
823 2210 867 2218 —
878 2193 930 2227 De
949 2192 1110 2226 libertate
1124 2191 1357 2230 conscientia»,

105 2243 155 2274 M.
178 2242 282 2275 65.—
298 2242 452 2276 Libertas
473 2239 696 2275 conscientia
714 2240 751 2273 in
770 2249 808 2273 se
826 2243 984 2282 spectata
1002 2243 1057 2272 est
1071 2238 1217 2272 omnino
1237 2237 1357 2279 impia,

35 2323 41 2328 ‚
105 2289 143 2320 V.
167 2306 209 2313 -
231 2288 413 2322 socialiter
433 2288 664 2328 considerata,
685 2287 714 2320 si
736 2287 773 2320 in
801 2287 893 2320 datis
918 2285 1190 2321 circumstantiis
1216 2284 1357 2318 tolerari

105 2339 235 2376 potest,
258 2344 439 2376 nunquam
466 2339 584 2368 tamen
610 2337 650 2368 ut
665 2334 892 2376 approbanda
911 2338 947 2366 et
966 2332 1077 2366 multo
1102 2332 1221 2365 minus
1243 2335 1357 2372 prote-

107 2383 221 2424 cende
245 2382 300 2415 vel
328 2382 550 2423 inculcanda,
564 2381 622 2416 vt.
649 2397 692 2406 —
712 2381 762 2415 De
784 2380 945 2415 libertate
966 2379 1142 2419 cultuum,
1161 2379 1211 2412 Μ.
1236 2378 1294 2411 86.
1316 2395 1354 2404 -
