1584 2569
169 133 238 168 298
258 142 318 168 ms
338 143 501 169 nunna.
524 143 594 168 Lm.
617 143 656 170 11.
677 143 754 169 cnr.
770 143 863 169 mor:
877 143 1008 169 uurms
1028 143 1222 169 RELATmN.
1243 142 1360 178 mrsu,
1383 143 1457 168 mc.

170 213 300 261 (Prop.
319 213 398 261 ΙΙΙ).
415 234 461 241 -
476 217 516 250 2⁰
532 216 630 261 Ergo
660 229 676 247 ι
696 215 837 252 Omnes
853 214 1049 261 religionis
1067 214 1248 251 veritates
1268 225 1315 251 ex
1331 214 1461 251 nativa

170 268 352 305 humanae
370 268 530 304 rationis
551 268 585 304 vi
604 267 799 313 derivant3
821 267 908 305 hinc
927 268 1026 305 ratio
1047 272 1105 304 est
1121 269 1297 315 princeps
1323 278 1462 305 norma

169 332 247 368 qua
265 321 383 358 homo
401 322 664 369 cognitionem
691 321 866 358 omnium
892 321 1166 369 cujuscumque
1192 321 1343 368 generis
1367 322 1463 358 veri-

168 378 295 410 tatum
310 375 462 421 assequi
480 374 659 422 possitae
675 374 814 411 debeat
828 388 845 408 ι
864 374 998 421 (Prop.
1014 374 1091 420 IV).
1116 393 1162 401 --
1182 375 1221 410 30
1234 375 1332 422 Ergo
1350 387 1366 407 ι
1380 384 1463 410 mo-

169 437 257 463 rum
288 426 391 474 leges
420 427 549 464 divina
578 427 683 465 haud
716 430 829 475 egent
858 428 1067 473 sanctione,
1099 428 1463 475 minimequetopus

170 482 227 515 est
247 483 290 515 ut
310 479 493 517 humanae
513 481 617 527 leges
637 480 686 518 ad
712 485 862 518 naturae
881 481 945 527 jus
964 480 1256 517 conformentur
1279 484 1346 517 aut
1365 480 1463 517 obli-

172 532 288 579 gandi
309 533 385 570 vim
407 545 430 570 a
448 535 525 571 Deo
543 534 734 581 accipiant
752 547 768 567 ›
793 533 923 581 (Prop.
947 534 1049 581 LVI).
1083 554 1126 561 —
1150 535 1188 570 40
1213 534 1312 580 Ergo
1335 547 1352 566 ι
1374 533 1463 570 Phi-

169 585 463 633 losophicarum
497 598 626 624 rerum
662 598 893 634 morumque
925 587 1104 632 scientia,
1135 588 1306 636 itemque
1337 586 1464 624 civiles

169 639 274 686 leges
301 645 462 686 possunt
482 645 519 676 et
545 640 685 677 debent
704 652 727 677 a
749 639 876 677 divina
897 643 934 676 et
959 640 1215 677 ecclesiastica
1237 640 1464 678 auctoritate

171 691 361 729 declinare
383 707 399 726 ι
418 693 548 740 (Prop.
572 694 694 740 LVII).
715 714 761 721 ——
781 696 818 730 5⁰
837 707 854 727 ‹
881 695 980 741 Ergo
1000 693 1232 740 Reipublicae
1253 695 1391 738 status,
1407 697 1461 729 ut—

172 748 260 790 pote
281 746 457 781 omnium
473 746 619 793 jurium
643 746 751 795 origo
768 750 806 783 et
826 746 924 792 fons,
944 746 1031 793 J‘ure
1052 746 1223 793 quodam
1243 745 1361 793 pollet
1383 745 1466 782 nul-

171 798 216 832 lis
231 797 520 845 circumscripto
536 799 727 836 limitibus
745 813 761 833 ν
781 799 914 847 (Prop.
931 799 1106 845 XXXIX).
1121 819 1165 825 -
1186 801 1224 835 6⁰
1249 800 1348 846 Ergo
1366 812 1382 832 ι
1400 799 1465 846 jus

173 851 211 885 in
231 851 423 888 materiali
448 852 548 889 facto
575 852 750 890 consistit
777 857 814 889 et
839 852 971 889 omnia
994 852 1198 889 hominum
1224 852 1352 888 officia
1377 856 1464 888 sunt

172 914 315 941 nomen
345 905 471 949 inane,
499 908 536 942 et
565 906 698 943 omnia
726 906 898 943 humana
923 905 1024 942 facta
1046 906 1144 953 J'uris
1172 904 1249 941 vim
1278 904 1422 941 habent
1446 918 1462 938 ι

174 957 305 1005 (Prop.
334 958 429 1004 ΗΧ).
451 978 496 985 -
531 961 571 994 70
589 960 687 1007 Ergo
717 973 733 992 ι
757 960 966 995 Fortunata
990 958 1081 995 facti
1103 958 1292 1004 injustitia
1316 957 1465 994 nullum

169 1011 266 1057 Juris
288 1012 482 1049 sanctitati
500 1012 775 1050 detrimentum
793 1012 902 1049 affert
921 1026 936 1045 ›
961 1011 1091 1058 (Prop.
1114 1011 1214 1057 LXI).
1242 1031 1286 1037 —
1306 1012 1345 1048 8⁰
1368 1012 1466 1059 Ergo

175 1077 192 1096 ‹
214 1065 432 1100 Auctoritas
460 1065 557 1102 nihil
578 1065 680 1102 aliud
701 1070 759 1102 est
784 1065 858 1102 nisi
886 1065 1038 1102 numeri
1067 1068 1104 1101 et
1130 1064 1390 1101 materialium
1413 1064 1465 1100 vi-

173 1117 276 1152 rium
309 1127 462 1153 summa
496 1132 511 1150 ›
545 1117 676 1165 (Prop.
711 1118 791 1163 LX).
824 1138 868 1144 -
898 1118 1065 1154 Connexi
1097 1120 1205 1163 sunt,
1234 1120 1275 1153 ut
1305 1117 1466 1165 quisque

174 1168 289 1214 videt,
322 1169 548 1217 hujusmodi
570 1182 719 1208 errores
747 1182 755 1208 ι
785 1181 809 1207 a
835 1171 1040 1218 negatione
1071 1171 1176 1207 enim
1204 1170 1284 1216 Dei,
1316 1170 1467 1207 descen-

175 1222 323 1267 dendo,
358 1223 407 1259 ad
445 1224 769 1261 materialismum
805 1224 1021 1268 devenitur,
1049 1224 1205 1271 jurique
1243 1223 1467 1261 individuali

174 1276 384 1323 opponitur
400 1277 454 1312 vis
472 1277 698 1323 materialis,
717 1279 755 1313 et
765 1277 844 1324 Juri
861 1277 995 1314 sociali
1009 1276 1270 1325 despotismus
1283 1277 1465 1314 fortioris.

174 1329 229 1365 En
256 1328 469 1365 atheismus
501 1329 679 1377 politicus
698 1334 782 1366 tum
809 1330 850 1366 in
876 1331 955 1366 suis
981 1330 1193 1377 principiis,
1220 1334 1303 1366 tum
1331 1330 1370 1366 in
1390 1331 1468 1367 suis

175 1381 409 1418 illationibus
436 1382 536 1419 sacto
562 1383 645 1431 ipso
666 1383 942 1431 comprobatis.
965 1383 1092 1431 Baer,
1115 1383 1176 1419 cui
1197 1384 1277 1431 ipse
1304 1382 1468 1420 Voltaire

175 1435 247 1470 hac
258 1435 297 1471 in
311 1445 351 1471 re
365 1439 569 1482 repugnat,
586 1436 792 1473 somniavit
805 1437 1028 1474 societatem
1043 1436 1220 1481 atheam3
1236 1436 1366 1484 Baylio
1381 1447 1467 1473 con-

174 1488 292 1523 sentit
305 1498 449 1536 magna
461 1500 507 1525 ex
523 1493 632 1536 parte
646 1490 845 1527 Rousseau
860 1489 939 1527 Lib.
954 1489 1002 1525 IV
1011 1517 1020 1534 ,
1036 1489 1127 1537 Cap.
1144 1489 1226 1525 VIlI
1241 1489 1465 1527 Contractus

174 1538 348 1576 Socialis
359 1551 374 1585 ;
395 1543 604 1589 utrumque
624 1545 839 1589 sequuntur
856 1543 943 1589 plus
966 1542 1140 1578 minusve
1156 1541 1390 1578 recentiores
1411 1541 1465 1578 illi

175 1592 344 1638 politici,
374 1592 440 1640 qui
475 1593 694 1630 absolutam
733 1594 1016 1641 separationem
1055 1594 1184 1630 Status
1219 1594 1268 1630 ab
1302 1593 1464 1630 Ecclesia

175 1650 436 1692 propugnant.
456 1646 598 1683 Contra
614 1646 686 1683 hos
705 1656 840 1684 omnes
862 1647 910 1683 sit
928 1647 1136 1684 conclusio.

221 1697 286 1733 111.
303 1698 525 1735 Atheismus
536 1700 721 1745 politicus
737 1702 799 1737 est
810 1699 1012 1737 absurdus.
1033 1699 1236 1736 Probatur.
1247 1699 1467 1736 Atheismus

173 1750 353 1796 politicus
370 1751 542 1788 dissolvit
559 1752 684 1799 ipsam
702 1753 927 1789 societatem
950 1763 957 1788 :
974 1752 1065 1799 quia
1088 1752 1227 1788 directe
1245 1752 1466 1789 adversatur

172 1805 258 1839 tum
277 1804 352 1850 fini
372 1808 454 1841 tum
473 1804 661 1842 elementis
681 1805 949 1843 essentialibus
970 1805 1173 1842 societatis.
1196 1806 1295 1853 Ergo
1319 1804 1467 1842 atheis-

173 1865 260 1891 mus
281 1856 460 1903 politicus
485 1857 675 1895 absurdus
695 1861 764 1896 est.
787 1878 832 1885 —
848 1858 1040 1894 Probatur
1057 1857 1289 1895 antecedens.

219 1908 372 1947 Directe
393 1910 619 1948 adversatur
636 1910 712 1959 fini
731 1911 939 1949 societatis.
960 1911 1060 1947 Finis
1081 1911 1274 1948 societatis
1295 1914 1353 1948 est
1378 1921 1467 1958 per-

172 1961 287 1999 fectio
312 1963 453 2001 civium
477 1964 688 2001 obtinenda
713 1974 781 2013 per
805 1964 949 2009 media,
971 1974 1059 2012 quae
1079 1964 1344 2012 unusquisque
1365 1975 1388 2001 a
1413 1975 1467 2001 se·

174 2014 337 2062 metipso
364 2016 402 2051 in
429 2020 611 2064 promptu
637 2017 781 2054 habere
813 2017 965 2065 nequit,
992 2021 1030 2054 et
1053 2016 1170 2054 habet
1192 2017 1233 2054 in
1259 2018 1467 2062 societate3

172 2076 262 2112 quae
284 2067 442 2114 quidem
475 2070 655 2116 perfectio
683 2069 875 2118 praecipue
901 2070 940 2106 in
971 2069 1191 2116 cognitione
1223 2070 1467 2118 propriorum

172 2117 391 2157 officiorum
405 2123 597 2167 consistit,
611 2122 698 2160 etin
712 2123 850 2160 virtute
861 2133 938 2170 qua
953 2122 1081 2159 officia
1093 2123 1177 2170 ipsa
1191 2122 1467 2171 adimplentur.

177 2173 290 2219 Atqui
309 2174 560 2219 probavimus
577 2177 649 2221 (32,
669 2177 729 2223 1V)
744 2175 941 2224 religionis
958 2176 1085 2213 officia
1101 2175 1374 2223 principaliora
1387 2186 1470 2213 esse

172 2229 212 2261 et
231 2225 529 2265 fundamentum
549 2230 724 2266 omnium
745 2229 974 2266 officiorum.
995 2229 1116 2276 Igitur
1131 2229 1170 2264 in
1190 2229 1371 2265 societate
1393 2233 1430 2265 et
1447 2240 1471 2265 a

176 2278 358 2317 societate
385 2281 484 2317 cives
519 2282 784 2329 principaliter
811 2282 942 2319 media
975 2282 1117 2318 habere
1154 2281 1295 2318 debent
1331 2282 1470 2330 quibus

174 2330 373 2378 religionis
389 2334 519 2371 officia
536 2334 788 2381 adimpleant.
807 2334 879 2371 Sed
897 2335 1111 2372 atheismus
1128 2334 1307 2382 politicus
1328 2338 1385 2372 est
1403 2339 1467 2371 aut

177 2385 333 2432 negatio
366 2390 432 2424 aut
457 2387 595 2426 saltem
620 2388 880 2426 indifferentia
908 2391 947 2426 et
973 2388 1120 2425 incuria
1145 2397 1279 2426 eorum
1306 2398 1392 2434 quae
1420 2387 1467 2425 ad
