1554 2569
326 139 409 164 ART-
426 140 454 166 Ι.
482 139 528 165 DE
550 140 696 166 ACTIBUS
717 139 868 166 ELICITIS
889 141 909 165 A
933 138 1144 164 VOLUNTATB.
1360 130 1402 164 73

116 210 250 246 electio
272 221 349 245 non
370 211 418 245 sit
438 211 512 245 nisi
533 211 570 245 in
586 211 731 246 bonum
746 209 1026 257 praecognitum
1045 220 1067 244 a
1083 209 1245 253 ratione,
1263 213 1299 244 et
1319 208 1404 245 ideo

117 262 267 298 dicatur
289 263 387 298 ratio
406 263 627 308 formaliter
656 272 881 298 concurrere
913 261 961 298 ad
991 261 1240 306 electionem;
1269 261 1405 297 nihilo-

116 315 243 350 minus
269 315 484 350 substantia
503 319 621 356 actus,
645 325 710 350 seu
734 318 841 350 actus
860 314 1112 350 materialiter
1139 318 1317 360 sumptus
1350 316 1404 351 es‘.

115 367 322 403 voluntatis
350 378 427 403 non
448 367 665 402 intellectus
688 378 696 402 ;
723 377 813 403 nam
844 366 977 402 electio
1005 367 1204 413 perficitur
1229 367 1267 401 in
1296 371 1402 402 motu

117 419 286 466 quodam
306 420 447 455 animae
468 419 515 455 ad
536 419 683 455 bonum
705 418 808 466 quod
832 419 1011 466 eligitur;
1034 419 1179 454 bonum
1201 423 1330 454 autem
1349 423 1407 454 est

117 472 310 518 objectum
320 472 544 507 voluntatis.
566 486 582 504 ‹
597 472 726 516 Actus,
740 472 865 518 inquit
878 471 914 507 S.
932 471 1113 515 Thomas,
1131 481 1208 517 quo
1229 471 1406 507 voluntas

119 523 238 559 tendit
267 524 305 559 in
333 524 493 571 aliquid,
516 523 619 570 quod
649 524 879 571 proponitur
906 527 949 559 ut
978 524 1124 559 bonum
1151 534 1196 559 ex
1229 534 1273 559 eo
1301 524 1405 570 quod

118 587 185 623 per
202 577 391 612 rationem
411 582 468 613 est
487 576 710 612 ordinatum
734 576 781 612 ad
802 577 932 621 finem,
962 576 1219 611 materialiter
1248 575 1404 622 quidem

117 633 174 664 est
191 629 415 674 voluntatis,
441 629 661 675 formaliter
680 633 809 664 autem
835 628 1018 664 rationis.
1042 642 1058 660 ι
1084 649 1129 654 -
1150 628 1221 669 Qu.
1247 628 1314 663 inf.
1339 628 1409 664 cit.

115 683 195 716 Art.
217 681 306 716 1.—
327 682 381 717 Cf.
404 682 465 717 Ps.
495 684 552 726 51,
579 681 639 716 Vl.

163 734 304 770 Electio
325 739 455 769 autem
477 745 554 769 non
574 734 677 769 cadit
696 734 795 770 cIrca
815 734 931 770 finem
954 739 995 769 ut
1019 734 1112 780 finis
1127 738 1192 777 est,
1217 733 1284 769 sed
1307 734 1405 770 circa

117 786 245 822 media
265 797 273 821 ε
292 797 383 822 nam
400 787 500 822 circa
517 787 633 822 finem
651 791 706 822 est
719 787 892 831 intentio,
914 797 991 822 non
1009 786 1157 822 electio.
1176 786 1261 821 Dixi
1275 790 1405 822 tamen

117 839 216 874 circa
236 839 348 885 finem
372 839 524 885 utfinis
554 843 624 883 est3
654 849 743 874 nam
771 839 800 873 si
834 839 922 873 finis
951 842 1171 874 assumatur
1195 842 1232 873 et
1257 839 1337 886 ipse
1363 843 1405 874 ut

116 890 302 935 medium,
336 895 378 925 ut
398 890 536 926 accidit
560 891 598 926 in
625 891 766 926 finibus
797 890 1036 926 intermediis
1062 895 1098 926 et
1127 890 1404 934 subordinatis,

116 944 213 979 nihil
232 943 412 990 prohibet
434 944 565 988 finem,
590 948 629 978 ut
657 944 793 978 transit
823 945 861 979 in
891 943 1080 988 medium,
1102 953 1182 979 esse
1209 943 1409 990 objectum

116 996 326 1032 electionis.

163 1049 257 1084 Hinc
271 1049 498 1096 intelligitur
517 1049 693 1084 electioni
711 1048 847 1095 praeire
868 1048 997 1095 plures
1017 1049 1112 1084 alios
1129 1053 1236 1085 actus
1256 1053 1339 1084 tum
1359 1060 1404 1084 ex

116 1106 223 1148 parte
240 1102 469 1146 intellectus,
485 1106 529 1136 ut
549 1101 753 1137 consilium
765 1100 869 1147 quod
884 1101 1157 1147 estinquz'sitio
1176 1101 1405 1138 intellectiva

117 1154 161 1189 de
176 1154 311 1190 mediis
322 1154 528 1200 eligendi&
542 1153 741 1200 judicium
759 1154 1004 1189 discretivum
1027 1154 1071 1189 de
1090 1154 1226 1189 mediis
1246 1156 1405 1200 aptiori-

119 1205 185 1242 bus
204 1206 255 1242 ad
267 1206 379 1253 finem
390 1206 797 1252 consequendum,etc.,
817 1210 900 1240 tum
918 1217 963 1241 ex
985 1210 1093 1252 parte
1112 1207 1336 1251 voluntatis,
1365 1212 1406 1241 ut

118 1258 278 1294 intentio
297 1259 398 1303 finis,
418 1269 618 1294 consensus
638 1263 675 1293 et
695 1258 773 1293 alii.
795 1279 840 1283 —
858 1258 936 1293 1-11.
957 1257 1026 1299 Qu.
1049 1258 1145 1293 XIII.

163 1312 206 1347 V.
238 1311 463 1347 Consensus.
498 1311 733 1354 Consentire,
766 1311 796 1345 si
823 1315 977 1357 etymon
1008 1314 1168 1357 spectes,
1204 1315 1261 1346 est
1291 1311 1406 1346 simul

117 1365 282 1407 sentire;
313 1363 414 1399 unde
440 1363 589 1399 videtur
614 1364 824 1409 importare
857 1362 1066 1409 quamdam
1095 1363 1406 1409 conjunctionem

118 1416 166 1452 ad
190 1416 228 1451 id
248 1416 309 1452 cui
329 1417 581 1451 consentitur.
606 1416 796 1451 Definitur
816 1420 944 1450 autem
974 1415 1146 1462 generice
1167 1426 1374 1451 consensus
1396 1428 1404 1460 ;

118 1473 224 1505 actus
243 1468 461 1515 appetitivoe
476 1469 644 1511 virtutis,
661 1468 892 1504 adhaerentis
913 1468 1037 1503 alicui
1051 1468 1120 1512 rei,
1137 1469 1245 1515 quasi
1269 1478 1406 1515 nempe

118 1521 392 1568 experientiam
412 1521 622 1567 quamdam
645 1521 838 1568 appetitus
858 1524 987 1555 sumat
1007 1519 1053 1555 de
1071 1531 1123 1563 re,
1142 1521 1202 1556 cui
1231 1520 1405 1564 inhaeret,

117 1575 347 1619 inquantum
364 1574 577 1620 complacet
593 1573 664 1608 sibi
682 1574 719 1608 in
741 1583 797 1608 ea.
824 1573 1009 1618 Respectu
1029 1577 1159 1608 autem
1186 1572 1405 1616 voluntatis,

119 1625 166 1661 ad
193 1636 309 1672 quam
335 1626 500 1672 pertinet
519 1626 558 1660 in
581 1625 738 1660 homine
758 1625 972 1661 consentire
998 1625 1056 1660 vel
1080 1635 1155 1659 non
1178 1626 1406 1667 consentire,

118 1682 170 1713 est
180 1678 387 1713 voluntatis
397 1678 567 1713 adhoesio
581 1678 645 1722 iis,
662 1688 745 1724 quoe
755 1676 803 1713 ab
814 1677 1003 1712 intellectu
1015 1681 1212 1713 censentur
1227 1676 1344 1712 utilia
1358 1677 1409 1712 ad

117 1731 228 1776 finem
247 1730 553 1776 consequendum.

166 1783 259 1817 Hinc
283 1781 531 1817 manifestum
561 1787 616 1817 est
649 1792 869 1817 consensum
892 1792 970 1817 non
991 1792 1071 1817 esse
1092 1781 1138 1817 de
1159 1783 1248 1826 fine,
1270 1781 1336 1817 sed
1364 1781 1409 1817 de

120 1834 255 1869 mediis
278 1833 326 1869 ad
346 1834 477 1868 finem.
504 1834 637 1868 Differt
655 1839 784 1868 autem
809 1844 1011 1869 consensus
1030 1833 1076 1868 ab
1094 1833 1282 1878 electione,
1306 1833 1408 1879 quod

120 1886 252 1922 electio
267 1885 374 1921 addit
388 1896 504 1932 supra
517 1896 745 1921 consensum
763 1885 973 1930 quamdam
992 1886 1217 1920 relationem
1237 1889 1409 1932 respectu

119 1939 214 1985 ejus,
238 1939 298 1974 cui
321 1937 466 1984 aliquid
487 1937 724 1984 praeeligitur
743 1948 751 1982 3
774 1937 907 1972 etideo
928 1942 1014 1984 post
1036 1948 1264 1972 consensum
1284 1937 1410 1973 adhuc

121 1994 292 2027 remanet
312 1990 461 2026 electio.
483 1991 613 2026 Potest
630 1990 732 2025 enim
757 1990 978 2036 contingere
1003 1989 1106 2035 quod
1127 2001 1194 2036 per
1207 1990 1409 2025 consilium

120 2043 360 2079 inveniantur
381 2043 492 2090 plura
521 2043 700 2078 ducentia
720 2042 767 2077 ad
792 2043 922 2085 finem,
948 2052 1115 2088 quorum
1143 2041 1235 2077 dum
1263 2042 1411 2088 quodli-

120 2097 183 2131 bet
199 2096 335 2142 placet,
357 2096 395 2130 in
421 2095 620 2141 quodlibet
647 2102 780 2130 eorum
807 2095 1067 2139 consentitur3
1089 2094 1154 2130 sed
1182 2105 1228 2130 ex
1261 2095 1407 2139 multis,

120 2158 205 2194 quae
221 2148 694 2195 placent‚-praeaccipimus
706 2157 841 2191 unum,
851 2146 1040 2194 eligendo.
1061 2146 1133 2182 Sed
1145 2147 1176 2182 si
1194 2147 1412 2182 inveniatur

120 2210 241 2235 unum
259 2200 385 2235 solum
398 2199 500 2246 quod
516 2200 676 2247 placeat,
693 2210 769 2234 non
787 2199 970 2234 differunt
985 2210 1025 2234 re
1044 2209 1250 2234 consensus
1265 2203 1302 2233 et
1316 2199 1410 2234 elec-

121 2252 188 2296 tio,
216 2251 281 2287 sed
312 2252 459 2287 ratione
488 2255 661 2295 tantum3
692 2255 734 2286 ut
761 2261 962 2287 consensus
997 2251 1159 2295 dicatur,
1197 2250 1408 2285 secundum

120 2303 224 2351 quod
256 2303 379 2351 placet
411 2304 457 2339 ad
487 2304 692 2350 agendum,
730 2304 858 2340 electio
896 2308 1026 2340 autem
1058 2303 1269 2339 secundum
1306 2303 1411 2349 quod

121 2356 321 2404 praefertur
337 2356 410 2402 his,
433 2367 519 2404 quae
534 2368 609 2392 non
631 2357 793 2404 placent.
