1584 2569
200 90 266 124 230
291 98 349 125 ms
362 98 523 125 numm.
541 99 611 125 Lm.
630 99 666 124 11.
685 99 763 125 CAP-
782 99 819 124 11.
840 99 884 124 ΒΕ
899 99 1089 126 socxfin‘rz
1109 100 1180 126 clv.
1198 102 1235 128 m
1253 102 1294 128 91
1305 102 1476 129 aucun

198 172 454 221 compositum
486 182 531 207 ex
564 175 621 207 tot
645 171 829 208 membris
856 175 951 218 quot
984 177 1190 209 conventus
1223 173 1473 220 (easeembcee)

199 225 314 263 habet
342 224 526 273 suffragia
559 235 566 260 :
594 222 697 271 quod
728 221 884 271 quidem
909 233 1049 273 corpus
1072 235 1118 262 ex
1137 224 1210 263 hoc
1236 225 1371 264 eodem
1389 231 1474 265 actu

197 279 407 316 associante
434 287 544 314 suam
578 276 711 324 recipit
745 276 947 323 unitatem,
982 287 1096 315 suum
1132 277 1217 326 qu
1254 289 1472 325 commune,

197 342 307 369 suam
342 331 476 375 vitam,
510 339 696 377 suamque
730 327 982 367 voluntatem.
1023 330 1110 367 Haec
1148 336 1278 368 autem
1307 342 1474 379 persona

197 384 367 433 publica,
388 392 475 431 quae
495 384 549 419 ita
568 382 758 419 formatur
777 392 823 419 ex
849 382 990 420 unione
1011 384 1186 421 omnium
1215 385 1394 431 aliorum,
1415 396 1479 422 vo-

198 442 282 475 cata
295 437 388 474 olim
401 436 474 473 fuit
489 435 647 479 Civitas,
662 439 699 472 et
715 444 818 472 nunc
832 440 990 472 vocatur
1001 435 1241 484 Respublica,
1257 443 1324 474 aut
1335 437 1480 486 Corpus

197 490 397 538 politicum
429 501 441 525 :
473 486 590 537 quod,
624 487 772 524 ratione
809 498 968 525 suorum
1006 490 1283 536 membrorum,
1322 495 1481 528 vocatur

197 544 343 589 Status,
359 542 391 579 si
410 547 467 578 est
480 542 679 589 passivum
684 552 699 585 ,·
721 539 862 577 dicitur
880 540 1085 588 Supremas
1101 542 1300 590 Princeps,
1322 542 1478 591 quando

198 602 254 635 est
283 596 467 641 activum3
500 593 678 631 Potentia
703 604 771 643 per
801 596 1129 643 comparationem
1156 595 1204 632 ad
1224 597 1298 633 alia
1319 606 1480 644 corpora

198 650 373 687 moralia.
401 647 569 685 Membra
594 651 723 684 autem
750 647 937 685 associata
964 647 1154 685 collectim
1179 653 1335 697 sumpta
1352 648 1482 686 dicun-

200 709 261 739 tur
279 702 460 750 Populus‚·
490 700 731 737 distributive
760 704 914 749 accepta
941 705 1128 738 vocantur
1159 701 1264 739 Cives
1295 705 1483 749 quatenus

200 756 467 793 auctoritatem
498 763 718 802 supremam
744 753 989 802 participant,
1010 752 1170 791 Subdita·
1186 765 1276 791 vero
1296 758 1484 802 quatenus

199 810 331 846 Status
363 806 511 856 legibus
539 805 809 854 subjiciuntur.
834 820 850 840 »
881 806 1070 843 Hactenus
1090 807 1298 853 Rousseau,
1326 806 1483 845 Gonu-at

199 862 333 907 sociat,
351 872 400 897 ou
413 859 615 906 Principes
636 859 688 896 du
704 858 808 896 droit
818 859 1022 907 polilique.
1038 859 1119 896 Lib.
1141 860 1170 905 1,
1192 860 1281 908 Cap.
1302 858 1363 896 VI.

244 916 310 953 111.
339 915 618 952 Praenotamen.
642 912 748 950 Sicut
764 913 803 949 in
820 912 1014 950 nonnullis
1040 913 1318 960 quaestionibus
1338 913 1483 950 notavi·

203 980 302 1015 mus,
324 973 367 1004 ut
387 968 426 1004 in
442 968 529 1014 jure
550 965 810 1014 proprietatis,
831 969 870 1002 et
888 965 1141 1011 matrimonii,
1163 965 1225 1002 hic
1250 964 1483 1013 distinguen-

201 1023 292 1059 dum
313 1026 369 1058 est
382 1020 559 1057 similiter
578 1019 814 1055 abstractum
834 1029 857 1054 a
881 1022 1073 1064 concreto,
1104 1018 1338 1055 elementum
1360 1029 1482 1056 neces-

200 1076 344 1111 sarium
365 1073 412 1110 ab
426 1072 616 1109 elemento
632 1071 893 1118 contingente,
919 1071 1128 1107 auctoritas
1147 1070 1312 1119 denique
1332 1071 1485 1118 publica

201 1140 222 1163 a
241 1126 490 1164 determinata
510 1134 673 1172 persona
688 1123 884 1171 principis,
906 1123 943 1159 vi
963 1122 1064 1159 illius
1089 1124 1328 1160 auctoritatis
1349 1125 1485 1172 guber-

201 1186 315 1217 nante
332 1176 623 1226 rempublicam.
655 1176 760 1212 Hanc
793 1175 1078 1213 distinctionem
1108 1176 1226 1213 tradit
1261 1177 1298 1213 S.
1318 1177 1485 1215 Joannes

200 1233 494 1281 Chrysostomus
535 1228 695 1266 homilia
732 1228 845 1265 XXIII
881 1229 919 1264 in
957 1228 1169 1276 Epistolam
1203 1229 1252 1266 ad
1292 1229 1484 1267 Romanos

200 1287 290 1335 Cap.
311 1284 394 1322 XIII
418 1295 425 1320 :
446 1298 464 1317 «
491 1282 579 1320 Non
598 1287 651 1318 est
665 1286 834 1329 potestas
853 1281 936 1318 nisi
950 1292 975 1318 a
1000 1281 1092 1318 Deo.
1113 1281 1212 1324 Quid
1241 1282 1364 1319 dicis?
1384 1283 1482 1330 Ergo

200 1339 325 1375 omnis
341 1338 521 1385 Princeps
547 1346 570 1373 a
597 1335 674 1371 Deo
694 1335 926 1372 constitutus
943 1336 1025 1371 est?
1051 1334 1157 1371 Istud
1176 1346 1254 1372 non
1283 1334 1381 1373 dico.
1401 1336 1484 1372 Non

200 1393 303 1429 enim
325 1391 371 1427 de
390 1391 522 1438 quovis
539 1388 714 1436 Principe
733 1387 830 1425 mihi
851 1398 977 1424 sermo
1010 1392 1079 1424 est.
1108 1387 1181 1425 Sed
1202 1387 1248 1425 de
1271 1399 1311 1425 re
1331 1389 1428 1436 ipsa,
1446 1388 1484 1425 id

201 1450 257 1481 cst
277 1444 323 1480 de
341 1444 423 1492 ipsa
450 1445 650 1491 potestate.
684 1439 795 1483 Quod
814 1441 917 1477 enim
934 1439 1176 1489 Principatus
1192 1441 1282 1486 sint,
1304 1441 1485 1489 quodque

201 1509 276 1534 non
296 1496 522 1544 simpliciter
541 1499 578 1530 et
598 1499 740 1530 temere
758 1497 895 1530 cuncta
914 1493 1100 1539 ferantur,
1122 1493 1260 1531 divinae
1279 1494 1485 1542 Sapientiae

201 1561 296 1598 opus
317 1560 397 1585 esse
415 1547 514 1585 dico.
535 1547 742 1594 Propterea
763 1556 840 1582 non
861 1545 953 1582 dicit
974 1557 982 1581 :
1005 1546 1087 1583 Non
1108 1547 1210 1583 enim
1230 1547 1409 1595 Princeps
1429 1552 1486 1584 est

200 1604 273 1640 nisi
294 1614 316 1639 a
334 1602 425 1638 Deo.
448 1599 521 1637 Sed
539 1599 584 1636 de
605 1610 644 1635 re
664 1599 747 1646 ipsa
767 1598 919 1635 disserit
947 1597 1076 1635 dicens
1102 1610 1110 1635 :
1131 1598 1220 1636 Non
1250 1604 1303 1636 est
1316 1604 1484 1646 potestas

200 1656 281 1692 nisi
291 1655 416 1692 aDeo.
438 1669 453 1687 ι
473 1652 527 1689 Cf.
548 1652 765 1689 S.Thomas
780 1651 881 1688 Lect.
904 1651 917 1687 1
933 1652 972 1688 in
990 1651 1112 1699 Caput
1127 1652 1209 1688 XIII
1226 1652 1279 1689 ad
1296 1652 1485 1690 Romanos

200 1720 314 1757 super
329 1708 447 1744 citata
465 1705 637 1754 Apostoli
653 1704 779 1741 verba.
801 1724 847 1731 —-
875 1704 1041 1741 Consilio
1060 1709 1191 1741 autem
1211 1704 1291 1742 dixi
1310 1705 1485 1743 determi-

200 1766 331 1798 natam
349 1769 553 1808 personam
575 1768 583 1794 :
611 1768 702 1794 nam
722 1767 809 1794 cum
830 1757 1038 1794 auctoritas
1063 1757 1218 1805 publica
1236 1758 1275 1794 in
1295 1758 1485 1795 abstracto

200 1824 322 1861 neque
342 1813 494 1857 existat,
515 1820 638 1858 neque
656 1810 818 1847 existere
838 1810 972 1858 possit,
992 1821 1144 1847 necesse
1164 1815 1220 1847 est
1238 1814 1281 1846 ut
1300 1811 1340 1847 in
1356 1811 1485 1858 aliquo

199 1867 371 1914 subjecto
391 1865 550 1909 existat;
571 1862 673 1900 unde
690 1863 760 1899 sub
788 1862 863 1899 hoc
881 1873 994 1900 sensu
1016 1864 1199 1910 princeps
1219 1868 1257 1901 et
1275 1865 1486 1901 auctoritas

199 1931 245 1957 ex
262 1918 398 1956 eodem
419 1917 606 1966 principio
627 1921 809 1961 manant3
832 1926 909 1952 non
938 1917 991 1953 sic
1016 1921 1160 1962 autem,
1186 1922 1229 1953 ut
1256 1916 1482 1960 videbimus,

199 1972 355 2020 quando
374 1972 502 2018 agitur
521 1969 567 2006 de
588 1969 843 2006 determinato
869 1970 1056 2017 Principe.
1079 1970 1187 2006 Nunc
1211 1970 1260 2006 sit
1276 1970 1483 2006 conclusio.

245 2026 304 2062 IV.
322 2025 546 2062 Auctoritas
562 2023 728 2068 socialis,
749 2032 818 2060 seu
835 2022 990 2069 publica
1002 2026 1176 2069 potestas
1193 2027 1254 2060 est
1266 2023 1485 2060 immediate

199 2089 221 2114 a
239 2080 333 2121 Deo;
355 2081 396 2116 et
415 2081 697 2123 consequenter
714 2077 946 2122 principium
965 2077 1062 2113 illud
1095 2087 1103 2112 :
1124 2084 1276 2112 Nonum
1302 2084 1484 2112 mpnmmi

199 2139 280 2167 snm
313 2139 448 2166 menno
480 2138 615 2175 PACTO,
652 2129 862 2166 absurdum
895 2132 968 2166 est.
1010 2129 1201 2165 Probatur
1238 2129 1363 2176 prima
1397 2140 1483 2176 pars

200 2184 339 2229 thesis,
378 2194 469 2220 nam
498 2182 665 2220 secunda
692 2187 750 2219 est
782 2182 1028 2219 corollarium
1063 2182 1211 2229 primae,
1250 2186 1293 2217 ut
1323 2181 1380 2218 vel
1410 2183 1483 2230 ipsi

201 2237 406 2274 adversarii
424 2235 652 2273 concedunt.
673 2255 719 2262 —
749 2235 871 2272 Homo
892 2240 1031 2272 natura
1059 2245 1128 2272 sua
1153 2235 1304 2271 socialis
1330 2239 1399 2280 est,
1418 2245 1484 2271 seu

201 2291 361 2327 societas
394 2294 451 2327 est
488 2299 584 2337 opus
617 2293 781 2334 naturae,
817 2299 895 2325 non
930 2288 1092 2336 alicujus
1133 2287 1245 2325 liberi
1279 2290 1484 2328 hominum

203 2350 316 2398 pacti,
345 2353 388 2385 ut
406 2349 445 2384 in
467 2346 654 2394 superiori
671 2344 832 2382 articulo
853 2345 1058 2392 probatum
1078 2348 1147 2381 est.
1168 2344 1283 2391 Atqui
1308 2344 1414 2381 nulla
1430 2356 1485 2381 so·
