1584 2569
179 140 246 173 256
273 150 331 174 sus
349 150 508 175 NATURAE.
528 151 596 175 Lm.
617 151 655 176 11.
676 151 751 175 cn.
771 151 810 175 ιι.
828 151 870 175 ne
890 151 1081 176 SOCIETATE
1096 151 1168 176 cxv.
1184 152 1220 177 m
1238 153 1277 176 ss
1294 151 1462 177 specum

181 225 341 267 gerunt:
356 231 431 256 non
447 222 548 256 enim
569 221 616 256 ad
633 221 823 267 judicium
845 222 1037 268 privatum
1055 223 1208 267 civium,
1224 223 1289 258 sed
1310 222 1358 258 ad
1378 233 1462 258 auc-

177 274 374 310 toritatem
393 274 587 320 publicam
611 274 962 321 pertinetjudicare
981 275 1025 310 de
1048 275 1147 311 bono
1169 276 1362 311 communi
1383 277 1462 311 Rei-

179 326 352 374 publicae.
379 347 422 351 —
445 328 486 362 In
510 327 611 362 hunc
632 337 787 362 sensum
812 327 984 373 loquitur
1004 328 1040 363 S.
1068 328 1232 363 Thomas
1251 328 1322 363 loc.
1349 339 1464 373 supra

176 379 239 414 cit.
268 379 306 414 in
334 389 507 424 respons.
534 379 582 414 ad
604 381 623 414 5
645 390 654 414 ε
680 393 696 411 ‹
725 380 886 421 Quando
909 380 1048 425 aliquis
1069 380 1283 416 dominium
1307 381 1376 416 sibi
1397 391 1464 427 per

176 431 398 467 violentiam
419 433 577 478 surripit
598 431 819 468 nolentibus
840 433 1006 468 subditis
1022 433 1079 469 vel
1099 434 1216 469 etiam
1238 433 1286 469 ad
1307 444 1463 469 consen—

176 495 262 520 sum
284 485 440 529 coactis,
467 488 503 519 et
523 485 676 531 quando
696 495 772 520 non
795 490 846 521 est
872 496 1044 522 recursus
1067 487 1119 522 ad
1139 486 1372 532 superiorem
1393 497 1464 532 per

175 548 281 583 quem
302 537 500 584 judicium
521 538 564 572 de
588 539 764 573 invasore
779 538 903 584 possit
922 539 1033 585 fieri,-
1057 544 1138 574 tum
1165 540 1231 586 qui
1257 539 1304 574 ad
1330 539 1464 574 libera·

174 590 316 624 tionem
355 591 504 635 patrioe,
545 593 750 635 tyrannum
791 591 940 634 occidit,
974 591 1156 627 laudatur
1189 595 1225 626 et
1259 591 1461 638 proemium

176 644 325 688 accipit.
350 657 365 674 ›

223 695 259 730 Si
281 705 369 729 vero
390 697 575 740 tyrannus
595 695 845 740 usurpatione
858 695 939 741 jam
965 695 1200 739 dominatur,
1217 696 1310 741 quin
1333 700 1462 731 tamen

175 748 338 784 evaserit
365 748 542 793 princeps
569 747 780 793 legitimus,
810 748 984 784 absolute
1010 747 1216 794 loquendo,
1239 749 1465 794 Respublica

174 811 370 848 oppressa.
395 800 451 835 vel
471 801 646 847 princeps
668 800 877 847 legitimus,
899 801 929 836 si
952 801 1094 844 existit,
1113 802 1176 847 jus
1199 801 1314 836 habet
1332 805 1464 837 contra

174 857 396 900 tyrannum,
419 857 456 887 et
478 863 545 899 per
566 853 641 888 vim
663 857 789 898 potest
810 853 998 900 expellere
1019 853 1204 899 injustum
1226 853 1343 900 Regni
1364 854 1463 888 inva-

174 917 312 942 sorem.
350 905 439 941 Dico
470 905 639 941 absolute
669 906 850 952 loquendo
876 917 888 941 .·
918 917 1008 942 nam
1045 907 1075 941 si
1106 909 1290 952 tyrannus
1327 906 1463 952 expelli

174 961 337 1005 nequeat
361 959 441 993 sine
463 959 616 1005 magnis
635 958 922 994 calamitatibus
946 958 1108 1006 publicis
1128 963 1165 994 et
1188 959 1358 993 maximo
1378 959 1462 993 Rei-

173 1012 334 1058 publicae
363 1010 606 1053 detrimento,
632 1022 753 1058 neque
775 1011 950 1058 princeps
976 1011 1171 1058 legitimus
1199 1022 1310 1058 agere
1329 1016 1464 1046 contra

175 1070 381 1109 tyrannum
414 1068 553 1111 potest,
585 1063 651 1099 sed
685 1064 756 1099 iste
786 1065 977 1110 patienter
1002 1063 1180 1099 ferendus
1208 1067 1291 1099 est:
1321 1063 1461 1099 etenim

174 1118 350 1163 princeps
377 1121 434 1152 est
460 1115 509 1152 ad
536 1116 681 1152 bonum
710 1117 943 1163 Reipublicae
969 1116 1268 1163 procurandum.
1300 1117 1399 1162 Ergo
1431 1116 1462 1151 si

174 1169 326 1205 nonnisi
354 1179 442 1204 cum
473 1170 645 1204 maxima
674 1169 904 1215 Reipublicae
934 1169 1102 1216 pernicie
1133 1170 1307 1215 princeps
1335 1168 1464 1215 legiti-

176 1233 262 1257 mus
292 1221 434 1257 bellum
464 1225 629 1267 tyranno
661 1221 828 1265 inferret,
857 1232 933 1256 non
963 1221 1193 1267 Reipublicae
1221 1221 1286 1256 sed
1312 1221 1465 1256 sibime-

175 1275 263 1322 tipsi
286 1274 516 1320 provideret,
537 1277 573 1308 et
590 1273 642 1309 sic
663 1273 736 1308 alia
752 1274 825 1318 via,
841 1284 929 1309 cum
951 1274 1142 1320 tyrannidi
1166 1274 1379 1315 obsisteret,
1402 1283 1466 1308 no-

177 1333 256 1363 tam
284 1327 498 1374 tyrannidis
527 1327 607 1373 ipse
630 1337 715 1362 vere
742 1326 966 1362 incurreret.
996 1327 1070 1361 llac
1091 1336 1180 1373 ergo
1203 1326 1240 1360 in
1261 1325 1465 1373 hypothesi

177 1381 352 1427 princeps
375 1379 571 1425 legitimus
591 1379 655 1424 jus
675 1379 826 1422 retinet,
850 1379 916 1414 sed
937 1379 995 1414 sui
1012 1378 1111 1424 juris
1132 1379 1356 1414 exercitium
1383 1389 1461 1414 sus-

176 1432 368 1480 penditur.

227 1486 359 1528 Quoad
389 1496 476 1521 vero
503 1486 606 1532 leges
633 1495 718 1530 quae
745 1495 768 1520 a
792 1485 966 1531 Tyranno
989 1484 1213 1519 dominante
1233 1484 1407 1518 seruntur
1430 1487 1466 1518 et

184 1550 266 1585 quae
300 1544 494 1573 externam
536 1537 766 1584 Reipublicae
808 1537 1088 1572 ordinationem
1126 1536 1346 1582 respiciunt,
1386 1536 1466 1571 haec

182 1592 373 1638 sapienter
402 1590 607 1626 traduntur
634 1600 655 1624 a
684 1590 880 1625 Francisco
914 1590 1079 1625 Victoria
1104 1589 1306 1626 Retection.
1339 1588 1464 1631 theol.,

182 1644 319 1680 Relect.
346 1644 393 1678 111
413 1643 467 1679 De
483 1647 666 1689 potestate
688 1642 810 1686 civili,
832 1653 870 1678 n.
893 1644 936 1677 23
957 1652 965 1677 :
991 1656 1008 1674 «
1031 1642 1125 1676 Cum
1145 1641 1372 1688 Respublica
1395 1651 1466 1687 op-

183 1697 374 1742 primatur
406 1706 429 1732 a
458 1697 634 1743 Tyranno
665 1699 701 1730 et
732 1705 808 1730 non
839 1695 888 1729 sit
917 1694 974 1730 sui
1004 1694 1114 1740 juris,
1139 1704 1208 1729 neo
1234 1694 1355 1740 possit
1383 1694 1468 1740 ipsa

183 1750 278 1785 ferre
305 1749 422 1796 lege—s,
445 1759 514 1784 nec
535 1749 617 1795 jam
643 1751 731 1784 ante
753 1748 862 1783 datas
883 1748 1043 1794 exequi3
1069 1747 1099 1782 si
1121 1757 1197 1782 non
1221 1750 1372 1794 pareret
1392 1747 1464 1792 Ty-

182 1813 315 1845 ranno,
334 1803 416 1848 Jam
443 1801 670 1848 Respublica
696 1801 881 1836 interiret.
912 1801 1017 1836 Certe
1045 1799 1195 1835 videtur
1221 1799 1324 1846 quod
1350 1799 1465 1844 leges,

182 1865 265 1901 quoe
283 1859 372 1890 sunt
391 1853 646 1890 convenientes
663 1853 909 1899 Reipublicae,
927 1853 1110 1899 obligent,
1126 1853 1279 1888 etiamsi
1296 1852 1468 1887 ferantur

184 1920 205 1943 a
233 1909 409 1954 Tyranno
443 1919 452 1944 :
489 1917 563 1942 non
602 1906 758 1952 quidem
794 1906 885 1952 quia
917 1916 939 1941 a
970 1907 1148 1952 Tyranno
1187 1905 1287 1948 latae,
1322 1904 1388 1939 scd
1422 1915 1467 1939 ex

183 1971 370 1996 consensu
395 1959 640 2006 Reipublieae‚
662 1970 749 1995 cum
774 1958 941 1994 sanctius
961 1959 1022 2002 sit,
1046 1961 1089 1993 ut
1111 1962 1306 1994 serventur
1325 1957 1426 2004 leges
1446 1967 1468 1992 a

183 2015 358 2060 Tyranno
387 2013 487 2055 latoe,
519 2023 636 2059 quam
663 2012 765 2059 quod
795 2011 909 2047 nullae
935 2014 1144 2047 serventur.
1170 2011 1216 2045 Et
1241 2014 1342 2046 certe
1368 2014 1469 2045 esset

185 2067 223 2102 in
258 2069 431 2111 apertam
464 2065 671 2110 perniciem
709 2064 952 2112 Reipublicae,
986 2064 1018 2099 si
1053 2063 1256 2110 principes,
1290 2063 1355 2108 qui
1390 2073 1467 2097 non

186 2118 328 2154 habent
358 2119 503 2164 justum
537 2119 706 2162 titulum,
742 2121 972 2163 occuparent
1009 2126 1185 2162 regnum,
1222 2116 1325 2162 quod
1363 2115 1469 2150 nulla

185 2176 309 2208 essent
325 2170 481 2217 judicia,
497 2181 565 2206 nec
585 2172 714 2217 aliquo
734 2171 850 2206 modo
871 2174 1026 2217 possent
1044 2169 1309 2204 malefactores
1325 2168 1465 2215 puniri,

184 2228 251 2262 aut
270 2224 449 2267 coerceri,
471 2234 558 2260 cum
579 2234 656 2259 non
674 2224 722 2260 sit
743 2228 927 2271 tyrannus
944 2223 1060 2268 judex
1083 2222 1290 2268 legitimus,
1313 2221 1344 2257 si
1364 2221 1468 2266 leges

185 2278 265 2324 ejus
286 2288 364 2313 non
385 2277 569 2322 obligant.
593 2290 609 2308 ι

231 2331 274 2367 X.
293 2331 344 2367 De
357 2331 582 2367 resistentia
603 2333 738 2366 contra
752 2333 960 2375 tyrannum
977 2329 1175 2374 regimine.
1191 2326 1262 2362 Sed
1278 2325 1389 2372 praeci
1395 2335 1470 2372 pue

188 2384 347 2431 quaestio
370 2387 542 2420 movetur
563 2382 608 2419 de
632 2387 793 2430 tyranno
814 2383 1000 2429 regimine
1025 2392 1034 2418 ι
1058 2386 1185 2415 utrum
1209 2389 1344 2426 nempe
1363 2378 1469 2414 licita
