1554 2569
190 145 234 177 26
259 154 388 179 E‘rfflcA
412 154 483 179 Lm.
513 155 539 179 1.
565 155 642 181 CAP.
671 155 710 180 11.
737 155 781 180 DE
800 155 943 180 NATURA
965 155 1085 180 mmm
1105 155 1196 180 1²1le
1216 154 1373 181 nuuANAE
1391 155 1482 181 VITAE

189 236 227 260 in
244 235 359 272 opere
381 225 650 262 intellectualis
675 226 963 274 speculationis,
991 226 1084 262 dum
1111 237 1211 262 unus
1236 226 1350 271 videt,
1379 226 1480 273 quod

190 277 287 313 alius
318 277 445 313 videre
471 289 547 314 non
574 283 713 326 potest,
743 282 778 314 et
808 278 858 315 ad
888 288 984 326 opus
1012 278 1212 316 exterioris
1240 279 1415 325 actionis,
1443 280 1481 315 in

190 341 266 377 quo
287 331 455 367 maxime
482 341 581 367 unus
599 331 662 367 alii
683 331 905 367 auxiliatur.
929 346 945 365 ›

593 455 847 493 ARTICULUS
873 455 1075 497 QUINTUS

812 539 861 584 (8)

588 619 645 657 De
662 619 894 657 beatitudine
912 620 1087 667 formali.

237 719 265 756 1.
289 719 467 764 Quaestio.
485 719 642 766 Egimus
663 719 861 766 hucusque
883 719 929 755 de
944 719 1182 756 beatitudine
1203 719 1404 766 obiectiva,
1420 731 1485 757 seu

191 772 236 808 de
257 772 406 818 objecto
427 772 530 818 quod
550 776 690 808 natura
708 782 779 808 sua
799 776 925 819 potest
943 772 1142 808 hominem
1162 772 1351 820 complete
1371 775 1484 820 persi-

190 834 272 860 cere
292 824 422 871 quoad
436 834 525 860 suas
542 824 755 869 facultates,
774 825 989 872 praesertim
1002 824 1268 870 intellectivas3
1285 824 1353 861 sed
1376 835 1483 861 men-

191 877 336 913 tionem
367 877 487 913 etiam
512 876 672 913 fecimus
697 876 748 925 (4,
774 876 804 924 1)
838 876 884 913 de
911 877 1150 914 beatitudine
1170 877 1340 922 formali,
1368 888 1489 924 quam

192 930 358 965 diximus
372 930 580 966 consistere
607 930 645 966 in
664 929 925 967 consecutione
944 930 1066 977 ipsius
1090 930 1341 967 beatitudinis
1358 931 1489 977 objec-

193 983 292 1025 tivae,
325 993 392 1019 seu
422 982 488 1019 Dei
520 983 706 1019 creatoris
733 982 874 1019 animae
911 987 1064 1019 nostrae.
1099 982 1291 1026 Quaeritur
1326 993 1417 1030 ergo
1448 983 1487 1020 in

191 1046 267 1083 quo
287 1035 472 1071 consistat
491 1034 573 1071 haec
593 1034 762 1071 hominis
782 1034 981 1072 beatitudo
1001 1035 1188 1081 formalis,
1211 1046 1278 1072 seu
1298 1046 1372 1084 quo
1392 1040 1483 1073 actu

191 1093 323 1136 etqua
339 1088 527 1134 facultate
553 1087 672 1125 homo
696 1089 816 1125 Deum
839 1091 1098 1136 consequatur
1120 1089 1159 1125 in
1182 1089 1304 1125 altera
1330 1089 1420 1135 vita,
1445 1090 1485 1126 in

192 1152 269 1188 qua
285 1141 485 1177 beatitudo
506 1144 639 1178 nostra
658 1141 826 1188 perfecta
842 1140 1091 1178 solummodo
1113 1141 1246 1178 haberi
1268 1145 1409 1189 potest.

237 1194 284 1230 11.
308 1193 521 1231 sententian
536 1193 671 1232 variae.
691 1192 875 1240 Theologi
891 1193 1084 1237 catholici,
1107 1193 1173 1240 qui
1189 1194 1288 1230 hanc
1307 1194 1490 1240 quaestio-

193 1257 280 1283 nem
307 1246 508 1291 ventilant,
536 1247 574 1283 in
601 1246 727 1283 varias
750 1246 962 1283 sententias
992 1246 1274 1283 distrahuntur.
1306 1248 1489 1283 Henricus

195 1298 462 1345 Gandavensis,
493 1300 548 1335 uti
584 1299 717 1345 fertur,
750 1299 880 1336 docuit
897 1300 1177 1337 beatitudinem
1197 1299 1401 1337 formalem
1423 1301 1488 1336 ha-

194 1352 272 1388 beri
284 1363 353 1400 per
366 1352 545 1398 illapsum
556 1352 772 1389 Divinitatis
783 1352 822 1388 in
834 1353 1038 1389 essentiam
1051 1353 1191 1389 animae
1203 1351 1339 1390 beatae.
1355 1373 1401 1379 —
1416 1353 1491 1388 Alii

196 1416 281 1441 vero
320 1405 452 1440 dicunt
484 1405 661 1442 eamdem
684 1404 887 1441 formalem
913 1404 1191 1441 beatitudinem
1215 1405 1424 1442 consistere
1453 1406 1492 1441 in

195 1458 330 1493 habitu
368 1458 569 1493 deificante
604 1457 809 1494 essentiam
842 1458 982 1494 animae
1014 1461 1051 1494 et
1080 1468 1168 1494 eam
1199 1458 1420 1506 perficiente
1450 1459 1490 1494 in

197 1509 329 1546 ordine
347 1509 396 1546 ad
416 1511 680 1557 operationem
697 1521 705 1545 :
729 1510 811 1547 haec
831 1511 1021 1547 sententia
1041 1510 1222 1547 tribuitur
1236 1511 1273 1549 S.
1295 1511 1492 1547 Bonaven·

196 1566 291 1598 turae
305 1563 344 1598 in
357 1563 417 1600 IV.
439 1563 534 1601 Dist.
554 1564 595 1601 P.
610 1564 639 1606 1,
655 1562 775 1599 XLIX.
789 1563 905 1600 Artic.
929 1564 957 1601 1.
971 1562 1035 1600 ad.
1053 1565 1091 1608 5;
1115 1562 1180 1599 sed
1202 1566 1332 1599 utrum
1354 1564 1493 1600 Doctor

197 1615 426 1661 seraphicus
457 1615 570 1662 banc,
605 1626 691 1663 quae
723 1615 777 1651 illi
807 1615 1004 1661 tribuitur,
1037 1616 1271 1652 sententiam
1303 1616 1491 1667 docuerit,

197 1678 274 1704 non
294 1669 406 1705 facile
431 1667 609 1705 dixerim.
630 1668 782 1704 Etenim
802 1668 876 1711 loc,
901 1669 964 1707 cit.
985 1670 1027 1705 in
1048 1679 1153 1716 corp.
1181 1669 1299 1706 habet
1321 1680 1328 1705 :
1363 1683 1378 1701 ‹
1400 1670 1491 1706 Bea-

196 1721 318 1757 titudo
346 1725 404 1757 est
436 1722 524 1757 finis
551 1721 696 1757 satians
717 1724 894 1757 nostrum
924 1722 1156 1768 appetitum.
1181 1722 1336 1758 Satians
1363 1727 1492 1758 autem

198 1778 372 1810 nostrum
399 1775 616 1822 appetitum
644 1778 701 1810 est
735 1773 951 1821 dupliciter.
981 1774 1045 1810 Vel
1078 1774 1176 1810 sicut
1202 1775 1408 1821 objectum,
1436 1775 1494 1811 vel

198 1828 295 1863 sicut
316 1826 543 1864 informans.
567 1826 719 1863 Satians
739 1830 916 1862 nostrum
938 1826 1152 1874 appetitum
1171 1827 1272 1863 sicut
1292 1826 1491 1875 objectum,

198 1880 300 1915 solus
316 1881 415 1915 Deus
434 1882 504 1921 est,
537 1879 586 1916 ad
604 1890 718 1926 quem
743 1879 976 1926 capiendum
997 1879 1170 1916 humana
1190 1880 1321 1916 anima
1342 1880 1495 1916 ordina»

199 1938 272 1967 tur.
296 1933 448 1968 Satians
467 1936 598 1968 autem
617 1932 718 1969 sicut
735 1932 953 1979 informans
970 1937 1027 1969 est
1047 1933 1134 1979 ipsa
1151 1932 1352 1969 influentia
1368 1933 1434 1969 Dei
1455 1934 1493 1970 in

199 1986 385 2028 animam,
407 1995 496 2032 quae
520 1990 578 2021 est
600 1985 684 2032 ipsa
703 1985 944 2021 deiformitas
964 1990 1002 2021 et
1021 1985 1192 2021 satietas.
1215 1999 1232 2018 ι
1260 1986 1303 2021 In
1332 1996 1493 2032 respon-

198 2040 306 2074 sione
325 2042 456 2074 autem
478 2038 526 2074 ad
547 2039 582 2083 5,
602 2038 764 2085 loquens
785 2038 831 2074 de
851 2037 925 2074 hac
944 2037 1204 2083 deiformitate
1219 2048 1286 2074 seu
1304 2040 1493 2082 satietate,

199 2101 315 2136 quam
336 2090 427 2125 dicit
454 2090 734 2127 beatitudinem
760 2094 943 2134 creatam,
971 2090 1116 2127 habet:
1150 2103 1166 2122 ‹
1194 2089 1252 2126 Ad
1275 2089 1371 2126 illud
1388 2090 1493 2136 quod

199 2143 397 2190 quaeritur,
416 2142 526 2189 cujus
551 2142 702 2190 generis
722 2142 769 2178 sit
790 2141 997 2179 dicendum
1017 2142 1121 2189 quod
1140 2141 1340 2179 beatitudo
1366 2147 1495 2179 creata

199 2206 276 2231 non
294 2195 385 2230 dicit
405 2199 533 2231 actum
552 2205 666 2242 pure,
684 2195 776 2242 quia
802 2199 955 2232 constat
981 2194 1086 2242 quod
1105 2196 1216 2230 actus
1236 2193 1425 2242 gloriosus
1446 2195 1495 2231 ab

200 2248 332 2294 aliquo
365 2251 452 2283 actu
479 2247 663 2295 procedit.
698 2247 773 2283 Nec
803 2247 894 2283 dicit
926 2246 1099 2285 habitum
1125 2256 1238 2294 pure,
1272 2247 1366 2295 quia
1402 2246 1494 2283 dicit

200 2300 473 2346 perfectionem
498 2310 707 2343 summam,
729 2310 816 2346 quae
836 2303 893 2336 est
914 2300 953 2335 in
971 2303 1060 2337 actu
1079 2299 1263 2336 continuo
1284 2310 1296 2334 :
1317 2298 1405 2336 ideo
1425 2310 1494 2335 ne-

206 2363 309 2390 cesse
331 2356 389 2389 est
414 2356 456 2388 ut
477 2352 580 2389 dicat
604 2351 779 2388 habitum
806 2356 847 2388 ut
868 2356 1007 2396 actum,
1040 2351 1117 2388 sive
1137 2353 1178 2388 in
1204 2356 1320 2395 actu‚·
1347 2351 1444 2388 sicut
1463 2352 1496 2388 si

196 2404 339 2442 diceret
350 2405 562 2451 scientiam,
576 2415 663 2450 quae
679 2414 831 2449 semper
850 2404 957 2441 estin
977 2403 1273 2442 considerando.
1290 2404 1389 2446 Quia
1401 2411 1492 2441 vero
