1584 2569
1059 69 1087 76 —t

167 91 234 124 212
300 100 360 126 aas
378 100 541 126 anunm.
559 102 630 126 mn.
650 102 688 126 ιι.
707 101 783 127 mr.
807 102 831 126 1.
855 102 897 126 nr:
914 101 1101 127 socmrnn
1120 101 1314 126 noussrxm

213 172 321 219 Resp.
355 173 442 209 Hoec
470 173 634 221 objectio
665 174 703 209 in
736 174 868 209 multis
895 177 1045 220 peccat;
1081 173 1208 218 unde,
1231 173 1453 220 Respondeo

114 260 119 264 ,
163 225 291 271 primo
309 229 479 262 transcat
498 226 714 262 antecedens
735 231 772 262 ct
789 237 887 274 nego
905 226 1221 273 consequentiam.
1244 246 1288 252 —
1305 226 1453 262 Etenim

124 283 132 324 j
165 278 326 324 quaestio
342 277 386 313 de
401 278 621 316 educatione
638 283 694 315 est
711 279 869 314 omniuo
891 278 1069 325 diversaffa
1083 279 1295 325 quaestione
1309 279 1355 314 de
1369 279 1455 326 jure

165 330 385 366 conferendi
410 331 559 368 Gradus
588 332 844 377 academz'6033
866 343 989 379 neque
1005 343 1075 379 per
1093 343 1131 368 se
1150 331 1357 378 loquendo,
1389 331 1455 367 sed

165 383 410 419 solummodo
423 395 492 430 per
508 384 684 421 accidens
702 389 739 420 et
758 395 804 420 ex
818 384 1015 421 voluntate
1027 385 1321 421 candidatorum
1334 394 1454 420 unum

166 435 368 472 ordinatur
384 437 430 472 ad
452 437 569 473 aliud.
591 437 690 485 Ergo
706 438 858 474 etiamsi
875 437 1050 474 absolute
1064 437 1358 474 concederemus
1370 436 1455 473 Sta-

165 489 224 524 tui
250 489 314 535 jus
347 489 566 526 conferendi
598 490 738 537 gradus
766 490 1017 536 academicos,
1049 502 1126 527 non
1159 490 1296 527 exinde
1325 489 1455 526 inferri

165 546 293 587 posset
309 543 372 589 jus
401 544 437 578 in
471 542 584 579 Statu
604 543 826 591 imponendi
845 544 1197 590 patribusfamilias,
1220 542 1347 591 quoad
1365 542 1456 578 edu-

164 594 355 631 cationem
379 596 561 640 filiorum,
583 596 786 641 methodos,
818 596 969 633 scholas
983 601 1021 632 et
1034 597 1239 644 magistros
1255 595 1453 643 officiales.

211 648 434 695 Respondeo
448 649 632 685 secundo:
651 650 833 685 Transeat
844 649 973 696 major
983 654 1021 687 et
1032 661 1129 698 nego
1149 650 1345 685 minorem.
1367 648 1459 684 Gra-

164 700 235 736 dus
257 701 360 737 enim
385 702 627 738 academicus
645 707 702 738 est
719 702 886 750 dignitas
905 703 1083 750 quaedam
1099 703 1252 750 publica
1269 713 1345 749 qua
1370 712 1451 737 can—

165 752 318 789 didatus
339 754 547 802 insignitur
566 755 742 801 juridice
763 756 808 801 (si
825 757 878 792 ita
895 756 1001 803 loqui
1019 756 1075 792 fas
1096 757 1165 800 est)
1187 760 1319 802 etqua
1340 755 1454 790 etiam

165 804 420 843 determinata
441 807 567 843 officia
588 808 625 843 in
647 808 827 845 societate
851 814 1000 846 exercet
1019 809 1071 845 ad
1089 808 1225 844 bonum
1251 817 1454 844 commune.

165 858 379 895 Absurdum
401 865 458 896 est
475 865 604 897 autem
626 861 819 899 affirmare
839 861 942 908 quod
964 862 1124 910 praefata
1143 862 1317 909 dz‘fflzitas
1333 859 1456 897 confe-

163 916 270 948 ratur
297 918 362 948 aut
383 914 525 950 intuitu
546 915 713 951 methodi
729 915 965 960 addiscendi,
984 920 1052 951 aut
1076 915 1227 959 sclzoloe,
1250 918 1316 950 aut
1341 913 1456 959 hujus

163 965 222 1001 vel
241 965 397 1002 alterius
419 968 613 1015 magistri;
633 968 698 1004 sed
717 968 903 1005 exclusive
924 969 1119 1006 confertur
1138 969 1305 1016 ingenio,
1328 966 1454 1003 studio

164 1023 201 1054 et
226 1020 429 1066 capacitati
455 1018 763 1057 candidatorum.
789 1021 841 1056 Ex
863 1031 1105 1068 quacumque
1130 1032 1220 1068 ergo
1247 1020 1378 1058 schola
1399 1022 1457 1059 vel

164 1082 232 1118 per
251 1081 537 1121 quamcumque
557 1073 786 1110 methodum
808 1074 1036 1111 candidatus
1055 1075 1254 1111 scientiam
1272 1074 1454 1120 hauserit,

164 1124 374 1161 dummodo
397 1126 591 1172 requisitae
621 1127 844 1174 capacitatis
863 1126 1103 1163 conditiones
1124 1137 1203 1174 prae
1233 1138 1270 1163 se
1290 1126 1387 1164 ferat
1414 1133 1458 1164 ut

164 1177 291 1214 officia
312 1178 465 1225 publica
486 1178 533 1215 ad
557 1189 762 1215 commune
784 1180 929 1216 bonum
957 1184 1057 1216 recte
1087 1180 1296 1228 adimplere
1321 1182 1455 1228 possit,

165 1240 243 1266 non
265 1230 376 1266 video
409 1241 484 1278 quo
512 1232 598 1278 jure
628 1231 761 1268 Status
789 1231 878 1268 huic
909 1231 1115 1268 candidato
1152 1231 1292 1280 gradus
1328 1233 1453 1270 acade-

162 1283 284 1319 micos
314 1294 453 1331 negare
489 1284 608 1332 possit
636 1285 701 1330 qui
728 1284 942 1321 candidatis
981 1285 1198 1321 scholarum
1235 1285 1456 1322 officialium

165 1336 399 1373 tribuuntur.

205 1388 428 1436 Respondco
451 1392 560 1426 tertio
583 1401 591 1426 :
617 1390 740 1427 Semel
765 1396 801 1427 et
821 1392 962 1428 iterum
984 1392 1180 1429 transmisi
1207 1403 1393 1439 majorem
1415 1397 1457 1429 ut

166 1442 260 1477 vitia
278 1443 496 1489 argumenti
517 1443 655 1480 melius
673 1449 872 1491 paterent:
893 1455 994 1480 nunc
1019 1445 1067 1481 ad
1088 1445 1212 1493 ipsam
1239 1445 1381 1482 directe
1401 1450 1458 1482 est

169 1494 495 1542 respondendum.
513 1496 682 1536 Quaestio
695 1497 813 1544 igitur
828 1497 873 1533 de
891 1497 1095 1534 collatione
1110 1498 1299 1545 graduum
1320 1499 1457 1546 agitari

168 1551 295 1594 potest
312 1547 480 1584 absolute
501 1554 537 1584 et
554 1549 605 1584 ad
624 1549 824 1595 hominem,
844 1561 931 1586 cum
943 1549 1118 1587 Statibus
1135 1561 1273 1598 nempe
1291 1552 1356 1598 qui
1373 1562 1457 1599 pro-

168 1600 335 1636 clamant
367 1600 585 1637 libertatem
607 1612 672 1637 seu
692 1603 819 1638 verius
840 1602 1036 1640 licentiam
1056 1602 1218 1639 docendi
1240 1603 1292 1649 (ta
1320 1603 1456 1640 liberta

168 1652 517 1699 d'inseynamemo).
535 1674 580 1680 —-
595 1654 657 1690 Ad
674 1654 861 1691 hominem
876 1655 1083 1702 loquendo,
1096 1656 1192 1692 mihi
1212 1656 1363 1694 videtur
1379 1668 1457 1693 ma-

170 1705 306 1742 nifesta
325 1706 593 1752 contradictio,
613 1707 716 1754 quod
728 1718 773 1744 ex
789 1719 866 1744 una
885 1713 993 1756 parte
1008 1708 1141 1745 Status
1161 1709 1372 1756 proclamet
1391 1721 1457 1758 pu-

168 1759 308 1795 blicam
327 1758 488 1796 docendi
505 1759 723 1797 libertatem
738 1765 776 1797 et
792 1771 839 1797 ex
854 1762 975 1799 altera
993 1761 1066 1798 sihi
1083 1762 1257 1799 absolute
1272 1763 1458 1799 attribuat

165 1812 229 1858 jus
260 1811 496 1849 exclusivum
525 1813 744 1849 conferendi
775 1813 916 1862 gradus
947 1813 1201 1860 academicos,
1234 1815 1457 1863 denegando

168 1864 261 1901 illud
301 1866 366 1912 jus
412 1865 553 1902 scholis
597 1866 727 1903 liberis
770 1868 808 1903 in
857 1868 996 1914 quibus
1039 1868 1279 1905 conditiones
1324 1879 1458 1905 omnes

123 1962 125 1966 V
166 1918 430 1966 adimplentur
458 1919 506 1955 ad
533 1919 688 1956 eosdem
719 1920 859 1968 gradus
891 1921 1151 1958 obtinendos:
1182 1921 1323 1958 scholae
1354 1923 1458 1958 enim

167 1975 257 2007 sunt
274 1971 403 2007 media
423 1972 608 2019 requisita
624 1972 671 2009 ad
694 1973 853 2021 gradus;
868 1984 959 2021 ergo
970 1973 1108 2010 mediis
1127 1974 1202 2010 illis
1221 1975 1356 2022 positis
1375 1985 1458 2022 gra-

167 2024 239 2059 dus
260 2024 422 2061 conferri
455 2030 629 2072 possunt,
651 2030 727 2063 eta
747 2026 860 2063 Statu
888 2026 1042 2063 admitti
1070 2026 1222 2063 debent.
1244 2047 1290 2053 —
1310 2027 1348 2063 Si
1367 2039 1457 2064 vero

129 2069 133 2078 '
167 2076 349 2122 absolute,
380 2088 446 2114 seu
481 2078 519 2114 in
552 2089 592 2114 se
623 2079 706 2126 ipsa
732 2079 893 2126 quaestio
914 2079 1191 2125 consideretur,
1213 2079 1458 2116 distinctione

168 2141 264 2177 opus
282 2135 351 2166 est.
372 2131 447 2166 Aut
466 2131 569 2167 enim
596 2142 722 2168 sermo
743 2137 801 2168 est
820 2132 1047 2180 simpliciter
1063 2132 1109 2169 de
1120 2132 1213 2180 jure
1237 2132 1458 2168 conferendi

169 2182 323 2229 gradus,
344 2187 382 2219 et
401 2182 495 2219 illud
512 2184 576 2231 jus
597 2184 721 2221 Statui
748 2196 825 2222 non
849 2196 1057 2233 negamus;
1083 2189 1150 2222 aut
1177 2196 1302 2221 sermo
1329 2190 1385 2221 est
1411 2185 1459 2222 de

169 2236 254 2281 jure
278 2235 481 2281 exclusivo,
506 2241 544 2272 et
568 2237 608 2273 in
632 2237 705 2274 hoc
730 2248 832 2284 casu,
860 2239 1001 2276 iterum
1031 2238 1265 2286 distinguere
1291 2243 1456 2286 oportet.

168 2289 279 2325 Aliud
302 2290 406 2326 enim
435 2294 490 2325 est
509 2290 573 2337 jus
593 2292 905 2338 recoynoscendi3
930 2290 1034 2328 aliud
1053 2292 1117 2339 jus
1141 2291 1373 2338 conferendi.
1391 2293 1410 2327 J
1417 2303 1458 2327 us

170 2342 468 2391 recognoscendi
485 2342 662 2391 Juridt'ce
682 2344 870 2382 exclusive
895 2345 1079 2394 competit
1100 2345 1238 2391 Statui,
1268 2349 1461 2392 quatenus
