1584 2569
405 100 488 125 An.
511 99 565 126 lv.
599 100 640 124 ns
668 99 860 124 Lim-:urus
884 98 1032 125 noceam
1294 89 1356 124 311

77 174 134 207 est
155 171 449 219 compescenda,
472 172 527 207 ita
553 173 590 208 et
615 182 734 219 prava
753 171 949 208 inclinatio
975 171 1024 208 ad
1041 181 1223 207 errorem.
1251 191 1290 197 —
1305 171 1357 206 Li<

77 223 204 259 bertas
226 228 354 260 autem
374 224 515 260 erroris
530 234 606 260 non
617 234 706 261 vera
722 223 879 261 libertas
894 228 964 268 est,
986 223 1049 260 sed
1068 223 1255 260 libertatis
1272 223 1361 259 abu-

77 287 141 311 sus
158 280 195 312 et
215 276 441 313 detestanda
460 280 574 325 atque
597 276 875 325 compescenda
893 276 1061 314 licentia.

125 328 295 376 objectio
315 329 450 366 altera.
471 330 512 365 Vi
532 330 724 366 libertatis
745 329 906 366 docendi
927 340 994 366 seu
1021 339 1109 365 voce
1131 339 1197 365 seu
1211 328 1361 375 {scripto

77 382 277 428 opiniones
309 382 568 419 discutiuntur
594 387 631 419 et
655 383 796 420 veritas
822 383 947 430 magis
974 382 1173 429 magisque
1199 380 1363 417 illustra-

78 438 155 470 tur.
185 435 293 477 Quod
320 439 450 472 autem
479 439 537 472 est
563 434 788 482 hujusmodi
818 445 896 472 non
925 435 1050 471 solum
1077 433 1172 470 nihil
1198 433 1364 470 continet

78 486 184 530 mali,
208 487 274 523 sed
295 487 373 524 imo
400 487 615 524 maximum
636 487 781 524 bonum
809 497 888 535 prae
915 497 955 523 se
974 486 1058 523 fert.
1083 487 1182 533 Ergo
1207 486 1363 524 libertas

78 538 238 575 docendi
254 541 422 577 maxime
443 543 499 577 est
512 540 800 588 proclamanda.

123 593 239 639 Resp.
262 594 456 640 Imprimis
478 594 720 630 adversarius
741 603 787 630 ex
808 603 853 630 eo
874 593 977 640 quod
999 592 1189 629 habeatur
1207 591 1365 638 aliquod

77 645 223 681 bonum
256 655 301 682 ex
333 645 508 683 libertate
537 646 712 689 docendi,
740 645 934 682 concludit
969 645 1142 692 ejusdem
1177 644 1364 680 libertatis

79 696 350 734 honestatem:
374 698 479 746 quod
505 698 660 746 quidem
690 709 735 735 ex
762 698 835 735 hoc
863 700 1016 735 tantum
1044 697 1126 733 {ieri
1153 707 1230 733 non
1254 707 1364 743 posse

78 749 326 795 probavimus
346 752 462 787 Artic.
493 751 658 800 praeced.
686 762 724 787 n.
750 751 811 787 1v.
835 750 1061 799 Respondet)
1092 749 1259 786 secundo
1288 749 1363 785 dis-

81 802 290 850 tinguendo
314 804 497 841 minorem
517 815 526 840 ε
551 804 660 847 Quod
683 808 814 840 autem
836 808 893 840 est
918 802 1142 850 hujusmodi
1161 802 1256 838 nihil
1274 812 1362 839 con-

80 855 177 890 tinet
196 856 289 892 mali
308 856 340 892 si
356 867 425 903 per
443 856 663 893 libertatem
681 856 844 893 docendi
871 856 997 892 solum
1018 855 1218 903 opiniones
1243 853 1361 891 discu-

81 906 231 943 tiantur
249 912 287 944 et
308 919 456 945 errores
466 919 544 945 non
567 909 834 954 defendantur,
850 909 1033 953 concedo;
1056 909 1088 944 si
1105 918 1213 944 error
1228 911 1361 944 contra

79 960 279 997 veritatem
304 965 583 1009 propugnetur‚
605 972 708 1007 neyo.
732 982 776 988 -
803 962 952 998 Dictum
975 964 1031 997 est
1057 970 1227 997 errorem
1255 961 1360 996 omni

75 1012 161 1059 jure
185 1022 330 1058 carere,
357 1015 436 1051 imo
455 1025 537 1051 esse
554 1015 765 1051 carentiam
781 1014 891 1061 juris.
919 1014 987 1051 Ubi
1008 1024 1099 1061 ergo
1119 1013 1278 1049 libertas
1299 1012 1361 1048 do-

79 1064 191 1101 cendi
205 1076 325 1102 errori
342 1067 587 1112 concedatur,
611 1078 688 1103 non
704 1067 769 1113 jus
790 1071 845 1102 est
867 1066 933 1103 sed
950 1066 1153 1102 manifesta
1174 1066 1361 1113 injustitia

80 1122 215 1154 contra
236 1120 451 1164 veritatem,
473 1129 559 1165 quae
585 1118 659 1156 hoc
681 1120 720 1155 in
746 1129 837 1155 casu
858 1129 935 1155 non
960 1119 1186 1162 illustratur,
1210 1117 1277 1154 sed
1303 1128 1364 1154 ne-

80 1175 207 1218 gatar.

127 1223 298 1270 objectio
307 1224 434 1261 tertia.
446 1225 592 1271 Negata
604 1224 779 1261 libertate
792 1224 966 1269 docendi,
981 1225 1108 1260 Status
1120 1224 1367 1262 constituitur

81 1276 200 1323 judex
220 1276 415 1322 doctrinae,
440 1281 478 1314 et
496 1277 569 1325 ipsi
588 1277 745 1324 insuper
763 1276 985 1314 conceditur
1005 1277 1272 1324 monopolium
1304 1276 1367 1312 do-

78 1328 203 1365 cendi.
222 1330 339 1378 Atqui
360 1331 487 1367 Status
513 1340 590 1366 non
607 1334 664 1366 est
683 1329 803 1376 judex
822 1330 1006 1366 doctrinae
1027 1334 1064 1365 et
1093 1330 1174 1365 sine
1194 1329 1365 1365 maxima

80 1381 282 1429 tyrannide
317 1393 395 1419 non
431 1386 558 1430 potest
583 1382 654 1419 sibi
683 1382 844 1420 docendi
867 1382 1135 1430 monopolium
1172 1391 1363 1428 arrogare.

79 1435 178 1482 Ergo
195 1434 350 1472 libertas
367 1435 530 1472 docendi
549 1440 606 1473 est
626 1436 782 1473 omnino
801 1435 1055 1472 admittenda.

125 1489 232 1535 Resp.
245 1489 349 1535 Nego
361 1488 557 1536 majorem,
573 1487 739 1525 concedo
752 1488 948 1532 minorem,
964 1492 1001 1523 et
1012 1498 1109 1535 nego
1124 1497 1360 1535 consequens,

82 1543 238 1588 accepta
258 1541 432 1578 libertate
455 1545 570 1589 prout
587 1544 644 1577 est
659 1541 724 1588 jus
750 1541 922 1578 veritatis
949 1543 986 1576 et
1003 1540 1127 1576 'simul
1147 1539 1300 1584 erroris,
1323 1544 1364 1575 ut

82 1593 130 1630 ab
160 1593 385 1630 adversariis
418 1594 614 1641 accipitur.
642 1613 688 1622 -
725 1593 899 1630 Concedo
932 1594 1053 1630 Statui
1087 1593 1187 1630 civili
1219 1592 1364 1629 nullam

83 1647 353 1684 auctoritatem
377 1651 595 1693 competere
615 1647 715 1683 circa
733 1646 926 1683 doctrinas
948 1657 957 1683 ε
979 1646 1047 1683 sed
1066 1646 1138 1682 hoc
1162 1645 1365 1683 doctrinali

82 1700 307 1747 magisterio
347 1700 472 1736 dotari
502 1710 580 1735 non
607 1702 663 1735 est
690 1700 930 1736 necesarium
962 1698 1011 1735 ad
1040 1698 1290 1735 discernenda
1320 1709 1365 1734 ea

83 1762 168 1797 quae
186 1756 273 1788 sunt
299 1752 499 1788 manifeste
513 1751 629 1797 mala,
649 1756 732 1788 tum
752 1752 791 1787 in
811 1762 850 1787 se
871 1755 953 1788 tum
974 1751 1014 1788 in
1033 1751 1218 1788 relatione
1235 1751 1284 1787 ad
1301 1762 1364 1786 so-

81 1804 259 1840 cietatem
278 1804 440 1846 civilem.
462 1808 504 1840 ut
524 1804 648 1852 prima
670 1805 819 1850 possint
838 1804 1018 1840 inculcari
1037 1808 1075 1840 et
1095 1803 1261 1840 secunda
1281 1814 1366 1851 pro-

82 1856 230 1902 hiberi;
252 1858 348 1894 sicut
374 1857 405 1893 si
424 1857 511 1905 quis
527 1858 770 1893 innocentem
787 1866 811 1892 a
827 1856 1032 1892 manifesto
1054 1856 1194 1902 injusto
1215 1865 1365 1902 aggres-

82 1920 169 1947 sore
196 1909 429 1954 defenderet,
461 1920 539 1947 non
572 1913 774 1957 propterea
804 1909 1101 1945 constitueretur
1121 1908 1240 1955 judex
1269 1909 1366 1944 inter

83 1967 305 2011 utrumque,
335 1963 401 1999 sed
425 1964 607 1999 innocens
639 1962 755 1999 habet
782 1961 846 2009 J‘us
871 1961 1135 2004 manifestum,
1156 1965 1194 1996 et
1221 1961 1268 1997 ad
1295 1960 1366 1996 hoc

84 2015 366 2052 defendendum
390 2016 438 2052 ab
456 2015 597 2063 injusto
611 2025 835 2062 aggressore
847 2014 887 2050 in
903 2017 991 2051 actu
1017 2013 1272 2062 aggressionis
1302 2024 1364 2061 po-

84 2073 159 2105 test
177 2069 374 2116 exquirere
389 2079 502 2116 opem
524 2067 693 2105 alterius.
712 2068 754 2103 In
771 2065 905 2103 ordine
925 2068 1056 2104 autem
1072 2067 1257 2102 doctrinae
1278 2070 1365 2102 sunt

85 2121 177 2158 vitia
192 2121 371 2169 quaedam
391 2120 463 2158 hoc
481 2125 538 2157 est
563 2130 711 2157 errores
730 2119 937 2164 manifesti,
959 2129 1057 2167 quos
1074 2118 1230 2166 quidem
1252 2123 1289 2155 et
1307 2128 1367 2155 co-

84 2185 265 2222 gnoscere
285 2177 321 2212 et
341 2174 490 2223 punire,
507 2174 605 2210 sicut
624 2177 662 2210 et
676 2172 751 2209 alia
769 2172 875 2218 vitia,
897 2173 1026 2209 Status
1037 2176 1165 2219 potest
1184 2175 1222 2208 et
1241 2171 1364 2213 debet,

84 2228 176 2275 quin
202 2232 406 2275 propterea
422 2227 495 2264 sibi
514 2229 673 2274 usurpet
691 2225 959 2272 magisterium
979 2223 1206 2262 doctrinale.
1222 2244 1268 2250 --
1295 2223 1367 2260 Sed

85 2291 202 2328 supra
216 2281 366 2316 Statum
386 2280 511 2317 existit
530 2289 662 2316 revere.
674 2278 939 2325 magisterium
956 2277 1169 2315 doctrinale
1187 2277 1227 2313 in
1243 2277 1366 2312 Eccle-

85 2333 144 2370 sia
163 2333 353 2370 catholica
378 2337 416 2370 et
435 2333 472 2369 in
494 2334 652 2369 Summo
679 2331 861 2368 Pontifice
887 2332 962 2378 (63,
982 2331 1041 2378 V).
1070 2331 1227 2367 Errores
1253 2330 1367 2377 igitur
