1584 2569
366 97 448 122 Ant.
475 96 515 122 11.
544 96 588 122 nt
614 95 762 122 onem!
798 95 999 122 socmrnls
1031 95 1161 122 C1V1Lxs
1374 89 1439 125 225

994 167 1108 201 Parcit

321 215 483 257 cognatis
502 215 651 248 maculis
670 214 795 248 similis
817 215 902 248 fera.
926 215 1072 254 Quando
1094 214 1186 247 leoni

321 262 451 295 Fortior
466 261 593 302 eripuit
611 261 718 294 vitam
739 261 818 294 leo?
834 271 904 303 quo
926 270 1067 295 nemore
1090 270 1258 303 umquam

321 309 511 350 Exspiravit
533 318 617 350 aper
639 309 780 350 majoris
797 309 957 341 dentibus
972 308 1047 350 apri
1060 309 1077 342 i’

321 356 441 389 Indica
463 356 563 397 tigris
584 356 704 388 rabida
726 365 805 388 cum
823 356 947 398 tigride
966 365 1087 397 pacem

319 401 524 443 Perpetuam
539 412 552 442 ,·
572 403 675 435 saevis
693 403 784 435 inter
796 412 833 435 se
852 403 1012 435 convenit
1031 403 1134 436 ursio.

204 539 262 575 vl.
292 539 558 576 Praenotamen
573 539 628 575 ⁴ad
648 539 880 577 solutionem
899 540 1137 586 quaestionis.
1158 539 1214 576 Ad
1242 539 1439 578 veritatem

155 592 273 639 igitur
292 591 561 627 stabiliendam
576 592 677 627 circa
696 596 874 628 naturam
889 592 1115 628 socialitatis
1135 592 1331 637 humanae,
1350 603 1439 640 prae·

155 643 370 680 notandum
390 648 447 680 est
467 643 571 680 aliud
591 655 672 680 esse
693 654 863 691 qnaerere
886 644 1083 681 undenam
1102 646 1200 681 ratio
1220 646 1441 682 socialitatis

156 698 194 733 in
215 707 350 744 genere
373 707 439 733 seu
458 697 495 732 in
510 696 702 733 abstracto
724 697 931 744 repetenda
946 699 1008 743 sit,
1032 697 1136 733 aliud
1154 697 1256 734 unde
1279 699 1329 734 sit
1346 698 1439 734 ratio

154 749 379 786 socialitatis
398 750 437 785 in
455 753 647 795 concreto,
669 754 711 785 ut
728 754 821 797 puta
842 750 882 786 in
899 750 1111 787 socialitate
1131 750 1262 797 aliqua
1278 752 1439 798 particu-

156 803 224 838 lari
235 800 358 847 urbis,
371 801 600 849 provincioe,
619 806 689 838 etc.
703 803 810 839 Nunc
824 802 870 838 de
887 803 1099 839 socialitate
1117 804 1155 839 in
1167 814 1305 851 genere
1319 803 1440 840 di-:en-

154 854 249 890 dum
270 859 326 890 est
341 865 351 899 ;
369 853 417 890 de
443 854 655 890 socialitate
674 865 762 890 vero
786 855 825 890 in
845 856 983 903 specie,
1009 855 1082 892 hoc
1102 861 1160 892 est
1182 856 1229 892 de
1249 856 1350 893 facto
1367 866 1440 904 quo

156 907 319 943 societas
335 905 383 943 ad
406 911 535 943 actum
558 907 716 943 reducta
736 912 805 952 est,
828 907 953 944 dicam
975 908 1131 955 quando
1151 919 1279 945 sermo
1306 909 1379 945 erit
1398 909 1440 946 de

155 960 302 1007 origine
322 960 524 1007 potestatis
536 960 686 996 socialis
705 960 743 995 in
764 965 954 996 concreto.

199 1013 279 1049 vn.
295 1012 413 1049 Homo
430 1015 572 1049 natura
588 1023 658 1049 sua
677 1014 726 1049 ad
742 1014 970 1050 societatem
985 1015 1200 1051 ordinatur.
1220 1015 1267 1051 Ut
1283 1019 1386 1051 certo
1408 1020 1440 1051 et

153 1066 234 1102 sine
251 1065 504 1113 phantasticis
525 1065 804 1113 hypothesibus
830 1066 996 1103 sciamus
1019 1067 1112 1113 quid
1135 1068 1185 1103 sit
1205 1067 1354 1104 homini
1380 1079 1440 1105 na-

153 1118 288 1163 turale,
307 1118 361 1154 nil
380 1117 484 1154 aliud
510 1117 728 1154 faciendum
751 1123 820 1164 est,
848 1129 965 1166 quam
985 1118 1191 1167 diligenter
1217 1121 1440 1169 investigare

153 1172 277 1218 ipsam
302 1170 472 1207 hominis
492 1175 671 1207 naturam
694 1176 884 1217 quatenus
903 1183 972 1219 per
993 1173 1170 1220 proprios
1191 1178 1298 1210 actus
1321 1174 1440 1210 tendit

153 1224 192 1258 in
210 1224 328 1259 finem
345 1222 416 1259 sibi
444 1223 672 1259 naturalem.
699 1223 752 1258 Ex
769 1234 846 1270 qua
871 1224 1166 1272 investigatione
1188 1226 1220 1261 si
1243 1226 1440 1263 manifeste

152 1281 337 1324 appareat
371 1276 570 1313 hominem
601 1287 678 1312 non
714 1287 825 1323 posse
849 1278 928 1313 suis
951 1278 1101 1314 actibus
1124 1280 1307 1326 consequi
1331 1290 1440 1316 suum

152 1331 270 1366 finem
287 1333 397 1366 extra
412 1330 650 1374 societatem,
669 1330 917 1366 manifestum
935 1332 1081 1378 pariter
1096 1331 1169 1367 erit
1180 1331 1378 1368 hominem
1396 1332 1440 1369 ad

153 1382 374 1419 societatem
395 1393 475 1418 esse
495 1387 630 1419 natum
649 1392 658 1417 :
680 1393 758 1418 non
779 1383 883 1418 enim
904 1382 1059 1419 admitti
1077 1388 1204 1431 potest
1220 1384 1356 1430 Deum,
1378 1386 1440 1432 qui

153 1434 333 1471 omnibus
356 1435 638 1482 sapientissime
658 1434 846 1482 providet,
868 1435 939 1471 soli
961 1435 1110 1472 homini
1132 1436 1312 1473 defuisse.
1330 1438 1440 1485 Atqui

153 1498 282 1524 revera
308 1487 427 1524 homo
455 1488 535 1524 suis
558 1488 707 1524 actibus
727 1498 805 1524 non
827 1492 954 1535 potest
974 1490 1157 1537 consequi
1186 1491 1304 1526 finem
1331 1501 1440 1527 suum

152 1544 260 1576 extra
281 1540 518 1577 societatem.
543 1539 642 1587 Ergo
664 1540 782 1576 homo
806 1541 852 1576 ab
881 1542 964 1589 ipsu
986 1552 1055 1578 sua
1082 1547 1220 1579 natura
1244 1542 1439 1580 ordinatur

151 1593 199 1629 ad
232 1593 467 1630 societatem.
499 1612 545 1618 —
570 1592 705 1638 Major
731 1594 823 1628 satis
850 1593 1040 1640 explicata
1068 1600 1125 1631 est
1142 1607 1152 1641 3
1172 1596 1359 1643 probatur
1375 1597 1439 1632 mi-

151 1656 236 1681 nor.

199 1698 321 1734 Homo
342 1697 390 1734 ad
417 1709 530 1734 suum
556 1699 673 1734 finem
698 1699 951 1736 obtinendum
975 1699 1122 1748 indiget
1142 1701 1278 1737 mediis
1305 1702 1440 1748 quibus

151 1751 230 1786 vita
260 1755 519 1795 conservatur,
557 1751 703 1798 indiget
736 1751 948 1788 discernere
975 1753 1065 1788 vitae
1097 1753 1207 1790 utilia
1232 1764 1254 1790 a
1285 1755 1440 1790 nocivis,

153 1802 322 1839 maxime
346 1813 436 1839 vero
472 1803 618 1850 indiget
641 1803 779 1840 mediis
805 1804 944 1851 quibus
970 1805 1245 1852 perfectionem
1279 1806 1439 1843 intellec·

154 1855 297 1892 tualem
336 1860 374 1892 et
407 1855 609 1901 moralem,
651 1867 728 1902 qua
765 1855 813 1892 ad
850 1857 1031 1893 ultimum
1068 1859 1186 1894 finem
1224 1860 1440 1906 pervenitur

153 1910 202 1952 (7,
225 1907 299 1953 lv),
319 1912 589 1955 consequatur.
619 1908 711 1950 Quae
734 1912 864 1944 tamen
883 1910 1014 1945 omnia
1037 1909 1155 1946 homo
1182 1910 1356 1948 obtinere
1382 1923 1439 1948 ne-

152 1961 236 2009 quit
252 1961 325 1997 nisi
342 1961 381 1997 in
399 1962 580 1998 societate
600 1972 608 1997 :

198 2013 286 2050 Non
298 2014 514 2050 necessaria
527 2014 615 2050 vitoe
631 2015 908 2051 conservandae.
923 2014 979 2050 Ad
991 2014 1093 2051 hunc
1106 2016 1209 2052 enim
1224 2017 1340 2052 finem
1358 2016 1438 2053 aliis

151 2065 384 2103 animalibus
406 2070 546 2103 natura
574 2067 805 2115 praeparavit
832 2068 976 2113 cibum,
1008 2072 1234 2116 tegumenta
1259 2070 1438 2117 pilorum,

152 2119 427 2165 defensionem,
445 2124 488 2155 ut
508 2119 655 2165 dentes,
676 2131 833 2166 cornua,
850 2130 1012 2168 ungueS,
1032 2121 1092 2157 vel
1108 2121 1245 2159 saltem
1268 2122 1439 2160 velocita-

154 2176 231 2207 tem
251 2171 299 2208 ad
317 2171 462 2220 fugam.
484 2172 606 2209 Homo
628 2177 757 2209 autem
778 2173 978 2210 institutus
1001 2177 1059 2210 est
1078 2174 1186 2211 nullo
1210 2174 1351 2211 horum
1369 2176 1439 2212 sibi

153 2234 176 2259 a
195 2228 333 2260 natura
354 2229 584 2272 praeparato,
605 2225 671 2261 sed
694 2225 778 2262 loco
798 2226 974 2263 omnium
992 2225 1082 2263 data
1101 2231 1160 2263 est
1189 2228 1223 2263 ei
1243 2227 1356 2273 ratio,
1375 2239 1438 2276 per

155 2286 272 2322 quam
292 2277 364 2313 sihi
379 2276 462 2314 haec
475 2278 619 2323 omnia,
635 2277 759 2315 officio
775 2288 976 2325 manuum,
994 2283 1123 2327 posset
1139 2290 1367 2328 praeparare.
1385 2280 1438 2317 Ad

156 2338 242 2375 quae
279 2331 408 2366 tamen
435 2330 566 2368 omnia
595 2331 860 2379 praeparanda,
888 2335 930 2368 ut
955 2331 1182 2381 quotidiana
1206 2333 1437 2382 experientia
