1584 2569
199 120 264 153 {95
313 128 371 152 :cs
397 127 557 152 mrum.
587 127 657 153 mn.
684 127 812 152 mear.
836 127 861 152 1.
885 125 926 150 οε
954 125 1145 151 soen-:urs
1173 126 1366 152 nouerim

197 198 436 235 matrimonii
462 209 539 233 non
566 197 764 241 habeatur,
794 197 988 232 vinculum
1016 201 1144 233 tamen
1171 208 1240 244 per
1267 208 1305 233 se
1333 196 1478 234 ordina-

197 259 280 288 tum
304 252 352 288 ad
380 251 493 287 talem
517 252 647 294 finem,
673 250 936 285 indissolubile
957 254 1185 297 perseverat,
1207 255 1256 295 et,
1285 250 1375 297 quia
1401 261 1478 296 per-

195 310 356 350 severat,
384 309 491 340 actus
511 302 806 339 matrimonialis
832 303 958 338 licitus
976 303 1015 338 in
1041 314 1129 339 casu
1150 307 1337 339 censetur.
1365 317 1381 335 ‹
1410 303 1478 338 Ma·

196 359 422 395 trimonium
458 357 720 404 principaliter
756 356 956 391 ordinatur
993 356 1041 392 ad
1083 357 1228 392 bonum
1263 366 1468 392 commune

196 413 344 448 ratione
362 411 581 459 principalis
593 411 691 454 finis,
709 410 775 456 qui
795 414 850 444 est
864 409 1009 445 bonum
1023 410 1154 457 prolis,
1175 410 1347 457 quamvis
1367 410 1479 445 etiam

195 465 343 500 ratione
360 464 447 498 finis
467 462 682 498 secundarii
703 461 902 497 ordinetur
921 461 967 497 ad
985 462 1131 497 bonum
1152 472 1325 509 personae
1351 462 1479 498 matri-

195 518 370 553 monium
394 515 669 559 contrahentis,
692 519 805 562 prout
830 525 896 561 per
915 525 953 550 se
973 519 1030 551 est
1056 516 1094 550 in
1115 514 1328 551 remedium
1348 525 1479 551 concu-

195 570 404 619 piscentiae.
427 569 472 604 Et
492 568 577 604 ideo
608 569 647 603 in
671 568 819 615 legibus
847 568 1086 604 matrimonii
1113 569 1236 616 magis
1257 567 1480 612 attenditur,

195 623 287 670 quid
309 623 488 658 omnibus
524 620 714 668 expediat,
737 631 854 667 quam
882 620 975 666 quid
1004 622 1070 655 uni
1104 625 1320 668 competere
1348 621 1479 667 possit.

193 676 375 718 Quamvis
404 686 494 722 ergo
522 674 761 709 matrimonii
789 674 1094 720 inseparabilitas
1127 673 1312 721 impediat
1337 674 1480 709 bonum

195 729 313 775 prolis
349 729 387 762 in
415 727 544 773 aliquo
575 726 744 771 homine,
775 731 904 762 tamen
932 731 988 762 est
1014 727 1242 762 conveniens
1263 725 1311 761 ad
1338 725 1480 761 bonum

195 781 313 828 prolis
331 780 572 826 simpliciter.
594 794 609 811 »
632 799 678 805 —
699 779 785 814 Haec
804 779 840 814 S.
861 779 1040 823 Thomas,
1061 779 1119 814 IV.
1139 779 1232 814 Dist.
1255 779 1323 820 Qu.
1347 783 1384 814 et
1402 779 1480 814 Art.

193 834 274 877 cit.,
296 833 344 869 ad
359 834 394 868 4.

240 887 303 922 Ex
321 885 500 921 naturali
513 886 701 932 oequz'tale.
723 886 856 920 Mulier
873 886 975 920 enim
997 884 1142 932 indiget
1161 885 1240 920 viro
1261 895 1339 919 non
1358 883 1481 919 solum

194 944 352 986 propter
373 938 675 985 generationem,
698 937 796 972 sicut
822 938 860 972 in
883 937 966 972 aliis
987 937 1261 981 animantibus,
1283 935 1349 972 sed
1366 936 1480 971 etiam

194 997 350 1039 propter
371 990 688 1038 gubernationem
712 1001 720 1025 :
739 991 830 1036 quia
849 990 905 1025 vir
924 994 980 1025 est
1000 994 1037 1025 et
1057 990 1205 1025 ratione
1224 989 1428 1036 perfectior
1447 994 1482 1024 et

193 1046 332 1081 virtute
362 1043 519 1088 fortior3
554 1043 693 1078 mulier
723 1053 811 1078 vero
843 1042 891 1078 ad
920 1043 992 1078 viri
1023 1043 1245 1078 societatem
1276 1042 1482 1078 assumitur

193 1101 353 1144 propter
368 1096 635 1131 necessitatem
658 1096 928 1142 generationis.
952 1095 1130 1130 Cessante
1156 1096 1275 1142 igitur
1294 1094 1478 1130 faecundi-

195 1155 272 1186 tate
292 1149 463 1185 mulieris
490 1153 527 1184 et
547 1148 695 1192 decore,
722 1148 931 1195 impeditur
951 1159 998 1184 ne
1018 1148 1065 1184 ab
1089 1148 1163 1183 alio
1191 1152 1420 1184 assumatur.
1445 1147 1481 1183 Si

193 1203 280 1248 quis
298 1203 418 1250 igitur
443 1201 644 1236 mulierem
670 1211 867 1236 assumens
895 1205 1067 1248 tempore
1097 1201 1311 1247 juventutis
1341 1211 1416 1247 quo
1447 1206 1483 1236 et

194 1255 309 1291 decor
329 1259 366 1290 et
390 1253 621 1290 soecunditas
648 1254 681 1289 ei
711 1253 867 1298 adsunt,
887 1264 971 1289 eam
1001 1253 1195 1289 dimittere
1225 1258 1354 1300 posset
1380 1257 1482 1300 post·

195 1317 312 1355 quam
333 1311 445 1343 aetate
476 1311 655 1353 provecta
674 1306 802 1350 fuerit,
824 1305 1010 1341 damnum
1040 1306 1197 1342 inferret
1215 1305 1368 1341 mulieri
1394 1316 1482 1341 con·

196 1366 255 1397 tra
274 1359 490 1396 naturalem
505 1359 742 1405 aequitatem.
766 1358 871 1394 Unde
890 1369 966 1394 non
985 1363 1083 1394 esset
1104 1368 1215 1405 aequa
1236 1359 1396 1394 societas
1412 1358 1482 1395 viri

195 1413 243 1448 ad
270 1413 485 1457 mulierem,
519 1412 585 1448 sed
613 1412 774 1448 servitus
801 1411 980 1458 quaedam
1013 1422 1058 1447 ex
1086 1416 1195 1458 parte
1223 1411 1408 1447 mulieris.
1440 1431 1480 1436 —

196 1465 380 1501 Similiter
398 1464 647 1501 manifestum
668 1465 938 1500 inconveniens
965 1469 1126 1512 apparet
1152 1465 1183 1501 si
1206 1464 1345 1501 mulier
1359 1464 1482 1500 virum

195 1518 388 1554 dimittere
416 1521 557 1565 posset,
585 1527 673 1553 cum
705 1517 844 1553 mulier
873 1517 1101 1552 naturaliter
1125 1517 1206 1553 viro
1233 1517 1405 1564 subjecta
1435 1517 1483 1551 sit

197 1575 380 1616 tanquam
419 1568 681 1616 gubernatori.
720 1568 802 1604 Non
841 1573 897 1603 est
931 1573 1062 1604 autem
1097 1568 1136 1604 in
1175 1572 1364 1615 potestate
1402 1568 1484 1614 ejus

197 1622 263 1668 qui
297 1621 407 1657 alteri
445 1620 659 1668 subjicitur,
682 1624 724 1655 ut
755 1621 802 1656 ab
820 1621 902 1667 eJus
929 1620 1116 1668 regimine
1137 1619 1321 1656 discedat.
1343 1620 1484 1656 Contra

198 1674 413 1710 naturalem
436 1673 556 1720 igitur
584 1671 759 1708 ordinem
790 1677 901 1718 esset,
920 1673 951 1708 si
983 1673 1124 1709 mulier
1153 1673 1278 1709 virum
1312 1672 1483 1709 deserere

196 1731 337 1773 posset.

242 1780 306 1815 Ea:
336 1779 484 1815 ratione
512 1778 694 1814 bonorum
722 1784 880 1816 m‘orum.
905 1780 1056 1814 Etenim
1084 1779 1377 1814 matrimonium
1407 1788 1483 1813 non

195 1832 322 1867 solum
333 1831 381 1867 ad
397 1830 656 1879 generandam
674 1830 822 1878 prolem
844 1830 1057 1876 ordinatur,
1072 1830 1138 1867 sed
1159 1831 1277 1867 etiam
1297 1830 1345 1867 ad
1363 1831 1484 1866 bonos

197 1894 323 1920 mores
343 1894 439 1931 quos
459 1884 556 1919 ratio
584 1888 686 1920 recta
712 1882 882 1930 disponit
905 1883 964 1919 vel
995 1888 1185 1930 quantum
1215 1882 1264 1919 ad
1285 1882 1484 1919 hominem

195 1936 407 1972 secundum
427 1947 480 1981 se,
498 1936 558 1972 vel
577 1935 789 1972 secundum
810 1935 913 1983 quod
934 1936 1052 1972 homo
1073 1940 1131 1972 est
1156 1946 1243 1984 pars
1263 1935 1485 1972 domesticae

195 1989 364 2034 familiae,
387 1994 454 2025 aut
471 1989 589 2025 civilis
607 1989 800 2024 societatis
823 1999 831 2024 ε
854 1988 902 2024 ad
923 1999 1020 2035 quos
1037 1987 1194 2035 quidem
1214 1989 1337 2024 bonos
1356 1998 1485 2024 mores

194 2043 360 2089 pertinet
392 2041 590 2077 individua
627 2042 848 2089 conjunctio
881 2042 951 2077 viri
984 2046 1021 2077 et
1053 2041 1258 2077 mulieris:
1293 2041 1347 2077 sic
1379 2041 1484 2076 enim

154 2130 159 2143 ⁴
193 2093 345 2130 fidelior
364 2105 475 2129 amor
495 2095 608 2129 unius
635 2093 683 2129 ad
701 2093 866 2130 alterum
890 2094 974 2138 erit,
998 2093 1091 2129 dum
1112 2098 1350 2141 cognoscunt
1370 2104 1409 2128 se
1429 2093 1486 2128 in·

155 2147 162 2184 '2
193 2146 435 2185 divisibiliter
459 2148 699 2194 conjunctos.
726 2167 772 2173 —
804 2148 884 2183 Erit
910 2148 1027 2183 etiam
1057 2147 1258 2193 utriusque
1284 2145 1486 2182 sollicitior

148 2192 163 2246 ,ἕ
193 2210 286 2236 cura
306 2200 346 2235 in
366 2199 480 2235 rebus
497 2199 732 2245 domesticis,
752 2199 846 2236 dum
863 2210 902 2235 se
923 2203 1107 2247 perpetuo
1126 2209 1418 2235 commansuros
1442 2198 1483 2234 in

194 2250 417 2288 earumdem
450 2263 578 2288 rerum
598 2253 851 2299 possessione,
881 2252 1087 2288 aestimant.
1117 2271 1161 2278 —
1198 2251 1486 2288 Subtrahuntur

195 2306 312 2341 etiam
327 2315 373 2342 ex
389 2305 463 2341 hoc
483 2304 762 2341 discordiarum
783 2307 963 2354 origines,
985 2315 1080 2352 quas
1097 2309 1292 2352 oporteret
1315 2303 1485 2341 accidere

197 2359 228 2394 si
247 2358 303 2395 vir
327 2368 487 2395 uxorem
504 2358 729 2403 dimitteret,
745 2359 844 2395 inter
869 2369 957 2395 eum
986 2362 1024 2395 et
1048 2359 1287 2406 propinquos
1320 2357 1451 2394 uxoris
1473 2367 1481 2392 :
