1584 2569
194 153 261 188 238
285 163 344 188 sus
357 163 518 190 nuum.
535 164 605 189 ma.
627 164 668 189 ιι.
688 163 764 189 cn.
783 164 821 189 11.
837 163 882 189 m:
899 161 1085 189 socinum
1102 163 1175 189 clv.
1202 163 1239 189 iu
1255 162 1295 190 sn
1309 163 1485 190 sucu-u

193 234 365 282 regimen
392 245 417 272 a
446 234 626 272 domibus
652 240 690 272 et
709 235 799 272 vicis
829 235 1015 282 processit
1034 234 1082 271 ad
1103 234 1289 280 civitates,
1311 235 1403 282 quia
1431 235 1485 271 di-

192 286 288 323 versi
303 287 377 324 vici
388 292 478 324 sunt
491 288 589 324 sicut
608 288 741 324 civitas
757 287 927 335 dispersa
938 288 977 323 in
998 286 1167 324 diversas
1177 292 1305 335 partes
1321 292 1381 334 ;et
1399 287 1485 324 ideo

193 340 406 387 antiquitus
426 340 655 377 habitabant
668 340 849 377 homines
865 339 1027 388 dispersi
1045 351 1112 388 per
1124 341 1240 385 vicos,
1257 351 1335 376 non
1355 345 1485 377 autem

192 393 415 441 congregati
434 394 473 430 in
494 404 611 430 unam
629 394 838 430 civitatem.
862 393 924 430 Sic
940 404 1031 442 ergo
1047 397 1165 441 patet,
1187 393 1291 441 quod
1313 394 1487 441 regimen

192 446 293 493 regis
313 457 428 494 super
452 447 646 483 civitatem
671 446 730 482 vel
751 450 905 494 gentem
925 446 1110 494 processit
1138 457 1161 483 a
1180 447 1368 494 regimine
1389 447 1487 482 anti·

193 498 338 543 quioris
373 499 412 535 in
441 498 557 535 domo
589 499 649 535 vel
682 499 778 535 vico.
811 513 829 531 »
856 498 911 535 En
946 498 1207 546 praevalentia,
1235 510 1302 535 seu
1333 499 1485 543 melius,

193 551 376 587 transitus
401 552 501 600 juris
534 552 734 589 domestici
769 552 808 588 in
853 551 975 589 civile.
1014 552 1130 598 Atqui
1173 565 1189 585 ι
1230 552 1409 589 Civitates
1449 555 1487 587 et

194 609 325 651 gentes
342 606 630 641 constituuntur
646 615 692 642 ex
712 605 772 641 his
804 605 870 652 qui
895 609 986 641 sunt
1002 605 1164 651 subjecti
1184 605 1265 652 regi
1293 619 1310 638 ι
1341 604 1482 650 (ibid),

193 661 230 692 et
251 671 269 690 «
291 657 468 694 Civitates
488 662 579 694 sunt
597 658 786 694 institutas
807 658 979 694 humana
997 656 1188 694 industria
1210 671 1226 691 ι
1251 657 1363 703 (ibid.
1385 658 1486 694 circa

193 716 338 760 finem).
361 716 416 752 En
436 716 571 752 electio
591 717 668 752 sive
691 716 806 753 tacita
826 716 902 753 sive
932 726 1126 763 expressa,
1146 716 1223 753 sive
1244 715 1389 753 directa
1408 714 1488 752 sive

195 767 393 805 indirecta.

588 886 850 922 ARTICULUS
877 886 1092 928 QUARTUS

804 970 877 1012 (52)

380 1048 435 1085 De
449 1054 633 1095 potestate
654 1050 874 1097 leyzslaciva
885 1050 1016 1086 civilis
1034 1047 1295 1086 auctoritatis.

238 1130 266 1168 1.
283 1131 465 1167 Notiones
478 1132 619 1169 Patriae
635 1135 676 1169 et
697 1132 832 1169 Status
853 1132 1019 1168 Politici.
1035 1131 1111 1167 Usu
1122 1131 1225 1167 venit
1244 1129 1347 1178 apud
1360 1139 1488 1168 recen·

194 1184 308 1219 tiores
323 1184 499 1231 politicos
513 1184 772 1220 rationalistas
786 1188 828 1220 ut
844 1184 987 1220 Patria
1000 1183 1261 1220 confundatur
1275 1194 1363 1220 cum
1379 1185 1487 1221 Statu

188 1236 364 1283 politico,
385 1241 424 1273 et
439 1238 568 1274 Status
580 1237 769 1274 abstracte
783 1241 962 1284 sumptus
978 1237 1028 1273 sit
1037 1248 1101 1273 ens
1116 1237 1316 1274 rationisa
1332 1238 1486 1274 nemine

193 1289 395 1326 definitum
415 1300 539 1337 neque
560 1289 836 1335 definiendum,
858 1294 1034 1326 concrete
1053 1300 1143 1326 vero
1164 1290 1214 1326 sit
1238 1300 1247 1326 ε
1268 1289 1486 1326 Praevalens

194 1342 326 1388 opinio
343 1343 573 1389 factionum,
594 1354 691 1390 quoe,
715 1342 950 1390 Reipublicoe
968 1342 1154 1390 regimine
1170 1353 1242 1390 per
1257 1343 1322 1389 fas
1341 1347 1410 1379 aut
1417 1354 1489 1390 per

195 1395 302 1441 nefas
318 1401 485 1443 arrepto,
495 1396 666 1443 propria
680 1395 851 1432 arbitria
863 1396 904 1432 vi
915 1397 1091 1442 imponit,
1103 1401 1137 1432 et
1150 1395 1286 1432 bonum
1295 1406 1487 1433 commune

194 1448 422 1486 subordinat
438 1449 532 1486 bono
537 1449 716 1496 proprio.
730 1449 815 1486 Haec
829 1453 899 1494 est,
911 1450 1116 1486 subtractis
1128 1449 1253 1486 verbis
1271 1450 1487 1497 magnificis

197 1512 283 1548 quae
315 1501 412 1537 nihil
443 1501 588 1547 dicunt,
623 1502 785 1538 historia
812 1512 900 1538 vera
928 1506 966 1538 et
994 1502 1106 1538 realis
1128 1501 1312 1547 Politicae,
1343 1512 1429 1549 quae
1465 1513 1486 1538 a

196 1553 328 1589 multis
348 1555 458 1590 annis
486 1554 681 1602 praevalet.
704 1554 865 1590 Interest
885 1565 975 1601 ergo
1005 1554 1216 1601 plurimum
1239 1558 1282 1590 ut
1300 1565 1399 1591 verae
1421 1565 1488 1591 no-

196 1607 316 1642 tiones
336 1605 468 1643 Status
488 1611 526 1643 et
546 1606 695 1643 Patriae
717 1606 1036 1651 determinentur,
1057 1610 1100 1641 ut
1123 1607 1224 1643 circa
1243 1611 1423 1643 naturam
1450 1612 1488 1643 et

189 1660 277 1705 jura
296 1659 495 1706 utriusque
521 1669 599 1696 non
624 1658 864 1707 phantastice
888 1657 955 1694 sed
978 1657 1244 1706 philosophice
1264 1659 1486 1695 ratiocinari

194 1711 400 1748 valeamus.

239 1769 286 1807 11.
309 1770 454 1807 Patria.
475 1770 605 1806 Patria
623 1773 681 1806 est
696 1769 801 1806 locus
820 1770 861 1806 in
878 1780 955 1816 qun
970 1769 1051 1806 nati
1065 1780 1211 1815 sumus,
1230 1774 1268 1806 et
1278 1770 1482 1815 crevimus,

194 1826 231 1858 et
250 1822 394 1870 primas
417 1822 533 1870 huJus
563 1823 654 1859 vitae
680 1823 951 1870 impressiones
970 1822 1200 1869 accepimus.
1235 1821 1325 1859 Ideo
1351 1823 1484 1859 stricto

194 1885 296 1911 nexu
310 1875 561 1923 conjungitur
576 1885 664 1911 cum
677 1874 852 1921 familia,
871 1874 944 1911 hoc
963 1879 1020 1911 est
1036 1885 1124 1911 cum
1139 1874 1328 1911 Societate
1339 1874 1486 1911 domes-

198 1928 274 1964 tica
289 1931 327 1964 et
346 1932 534 1976 potestate
545 1928 698 1975 patria,
716 1927 818 1964 unde
828 1938 972 1964 nomen
989 1931 1027 1964 et
1036 1927 1162 1975 ipsam
1176 1927 1415 1975 originaliter
1430 1938 1487 1964 ac-

195 1981 337 2028 cepisse
363 1991 442 2017 non
465 1981 676 2028 incongrue
697 1981 817 2028 aliqui
840 1981 1081 2017 existimant.
1107 1980 1161 2016 Ex
1179 1980 1261 2028 ipsa
1280 1980 1412 2025 domo,
1447 1985 1488 2017 ut

195 2034 234 2068 in
260 2033 422 2069 articulo
449 2033 681 2081 praecedenti
716 2044 754 2070 n.
794 2033 858 2069 XII
885 2043 973 2070 cum
1006 2032 1044 2069 S.
1072 2032 1221 2069 Thoma
1252 2033 1489 2079 dicebamus,

196 2086 395 2122 constituti
418 2090 508 2122 sunt
526 2087 611 2132 vici,
636 2090 770 2134 postea
795 2087 981 2131 civitates,
1003 2096 1047 2123 ac
1071 2085 1127 2122 sio
1146 2085 1384 2122 territorium
1405 2096 1487 2121 suc·

196 2139 337 2175 cessive
365 2143 567 2175 extensum
587 2144 625 2175 et
644 2143 874 2188 occupatum
899 2149 922 2176 a
944 2138 1102 2175 familiis
1121 2148 1167 2175 ex
1194 2137 1331 2175 eodem
1359 2138 1490 2186 stipite

197 2191 507 2239 procedentibus,
524 2192 698 2239 ejusdem
717 2192 875 2241 linguae,
896 2191 1122 2228 eorumdem
1142 2201 1311 2235 morum,
1330 2201 1375 2227 ac
1390 2191 1491 2228 inter

197 2256 236 2282 se
256 2244 302 2282 de
321 2244 422 2282 facili
441 2246 771 2291 convenientibus,
803 2255 945 2282 nomen
971 2243 1136 2282 radicale
1156 2245 1294 2280 Patriae
1316 2244 1488 2286 retinuit,

197 2298 307 2346 quasi
332 2308 471 2346 nempe
501 2309 579 2334 non
605 2298 710 2335 aliud
733 2299 783 2335 sit
805 2309 924 2346 quam
949 2298 1121 2335 extensio
1148 2296 1287 2334 domus
1319 2301 1488 2345 paterne

198 2355 236 2388 et
253 2351 435 2387 territorii
455 2350 671 2388 domestici.
693 2351 787 2388 Hinc
812 2351 969 2389 innatus
989 2360 1099 2388 amor
1123 2350 1259 2399 patriae
1279 2349 1418 2386 nativae
1439 2348 1487 2385 ad

200 2403 429 2452 ampliorem
449 2404 618 2442 Patriam
640 2404 873 2441 extenditur.
