1584 2569
642 122 810 150 ΑΡΡΕΝΒῙΧ
1306 114 1369 146 321

84 197 257 243 operatio
279 195 460 243 procedat
480 195 545 231 sed
566 196 718 232 nonnisi
740 195 864 242 posito
884 194 1042 231 alterius
1060 194 1274 231 concursu?
1293 192 1373 228 Fal-

84 249 188 292 litur,
212 250 370 296 inquam
394 260 401 285 :
431 260 521 285 nam
551 249 699 296 concipi
726 249 860 295 nequit
887 247 1033 295 aliquid
1058 258 1127 295 per
1153 257 1191 283 se
1218 247 1374 283 existere

84 302 249 349 perfecte
275 303 313 338 in
343 302 491 338 ratione
520 302 855 338 substantialitatis
881 301 975 348 quin
1000 301 1240 347 concipiatur
1264 309 1373 347 posse

84 355 245 391 existere
261 355 425 402 perfecte
439 355 478 390 in
493 365 531 390 se
546 354 753 402 separatim
768 359 806 390 et
820 353 1121 401 independenter
1134 353 1181 388 ab
1197 352 1285 388 alio.
1302 351 1373 388 Sed

84 418 194 454 posse
214 408 376 444 existere
397 407 560 455 perfecte
580 418 649 455 per
665 418 703 443 se
720 407 927 454 separatim
948 411 986 442 ct
1005 405 1309 453 independenter
1328 404 1373 440 ab

83 460 159 496 alio
186 465 244 496 est
263 471 375 507 posse
401 471 470 507 per
494 471 534 497 se
560 471 672 508 agere
703 460 910 507 separatim
939 466 977 496 et
1001 458 1304 506 independenter
1328 458 1374 494 ab

84 513 158 548 alio
183 523 191 549 :
214 513 306 559 quid
333 514 437 549 enim
463 518 562 549 esset
588 524 647 548 res
675 513 840 549 existens
860 517 898 548 et
922 523 991 560 per
1018 523 1058 548 se
1084 512 1263 556 existens,
1291 520 1374 557 quae

84 566 188 601 nullo
204 565 321 601 modo
336 577 449 613 agere
464 577 533 614 per
545 577 584 602 se
599 567 751 614 posset?
764 566 863 613 Ergo
878 576 924 601 ex
938 565 1130 613 opposito,
1149 563 1253 612 quod
1270 563 1375 600 nullo

84 618 200 654 modo
216 623 340 665 potest
360 630 428 666 per
443 630 482 655 se
500 629 612 666 agere
629 618 694 655 sed
715 623 842 667 potest
861 618 986 654 solum
1001 628 1114 666 agere
1127 628 1216 653 cum
1237 616 1375 664 depen-

84 671 215 707 dentia
237 675 275 707 et
300 671 495 707 ind1visim
522 672 569 708 ab
597 672 672 708 alio
697 672 759 708 cui
784 672 929 715 unitur,
954 681 1031 707 non
1060 674 1188 718 potest
1213 669 1376 717 perfecte

84 734 153 770 per
172 734 211 760 se
229 724 390 760 existere
404 752 414 769 ‚
435 724 501 760 sed
519 725 564 771 (si
581 735 707 761 sermo
728 725 777 760 sit
794 724 840 760 dc
854 723 1094 768 substantiis)
1114 723 1187 759 erit
1202 723 1376 759 substan-

86 777 140 812 tia
159 776 405 824 incompleta.
426 798 472 803 —-
491 777 680 824 Loquitur
702 778 845 813 Auctor
871 777 918 813 de
944 777 1148 813 brutorum
1174 776 1377 813 animabus

83 829 223 874 quibus
237 829 317 877 ipse
328 830 503 866 concedit
517 831 805 866 subsistentiam
816 842 825 875 3
841 829 907 866 sed
918 829 1045 876 quoad
1061 830 1134 866 hoc
1148 840 1208 865 me
1220 828 1376 865 remitto

84 881 132 916 ad
155 892 200 917 ea
219 892 304 928 quae
329 883 463 930 scripsi
482 883 522 918 in
542 883 795 930 Psychologia
814 884 864 928 (4,
891 882 953 927 11).
973 882 1089 918 Addit
1107 882 1251 917 Auctor
1274 880 1374 927 quod

85 935 258 981 operatio
279 934 357 971 sive
381 932 539 984 ἐνεργεια
559 946 636 982 qua
654 936 785 971 anima
804 936 1007 971 brutorum
1028 939 1158 971 actuat
1183 944 1321 981 eorpus
1341 939 1375 970 et

86 985 285 1022 modificat
306 987 447 1034 ipsum,
474 992 531 1023 est
550 985 708 1036 ἐνεργεια
728 988 867 1024 animae
893 988 1033 1032 solius;
1063 992 1100 1023 et
1125 987 1212 1023 ideo
1238 987 1374 1022 animae

84 1038 288 1074 brutorum
310 1050 377 1086 per
398 1051 436 1075 se
457 1045 590 1087 agunt.
614 1039 687 1076 Sed
708 1039 781 1076 hoc
803 1040 901 1075 nihil
923 1045 992 1076 est.
1012 1040 1151 1075 Anima
1174 1040 1277 1074 enim
1300 1049 1375 1075 non

84 1092 236 1128 actione
255 1091 321 1127 sed
338 1093 499 1128 essentia
519 1104 601 1138 sua,
620 1104 700 1138 seu,
722 1098 765 1128 ut
782 1093 926 1129 Auctor
941 1093 1021 1139 ipse
1039 1093 1105 1136 ait,
1125 1092 1375 1128 communica-

87 1145 189 1180 tione
207 1155 287 1181 suoe
310 1146 480 1181 essentioe
499 1145 722 1182 immediate
748 1147 951 1182 materiam
978 1146 1175 1190 informat,
1201 1149 1238 1180 et
1262 1145 1377 1180 infor-

84 1196 227 1234 mando
254 1202 385 1234 actuat
414 1209 458 1234 ac
488 1198 716 1234 modificat:
749 1209 857 1234 secus
889 1198 982 1234 unio
1011 1199 1112 1233 inter
1139 1199 1309 1234 animam
1342 1202 1377 1233 et

84 1260 225 1297 corpus
239 1255 337 1286 esset
351 1250 608 1295 accidentalis,
625 1261 694 1286 nec
710 1261 756 1287 ex
773 1251 915 1286 unione
930 1251 1131 1296 utriusque
1147 1250 1378 1286 haberemus

84 1303 346 1350 compositum
361 1303 615 1339 substantiale
631 1308 668 1339 et
688 1304 923 1351 specificum.

133 1355 198 1391 111.
226 1356 355 1403 Pergit
383 1360 517 1392 auctor
550 1361 588 1392 et
614 1367 675 1392 me
701 1361 812 1403 urget
839 1360 1069 1403 argumento
1098 1356 1151 1392 ad
1179 1355 1376 1398 hominem,

85 1422 106 1442 u
130 1407 319 1454 adhibita,
346 1409 484 1455 inquit,
514 1414 641 1445 tamen
670 1409 800 1455 aliqua
828 1409 1092 1456 suppositione
1124 1419 1241 1454 quam
1267 1407 1375 1451 mihi,

85 1472 211 1509 spero,
236 1472 313 1497 non
337 1462 507 1509 negabit.
531 1462 708 1498 suppono
728 1462 871 1498 scilicet
893 1470 1004 1497 [PSUM
1029 1462 1238 1508 (Ziytiara)
1259 1469 1379 1498 VELLE

85 1522 195 1556 suom
222 1522 439 1551 Doc'rmNAM
466 1515 502 1551 S.
534 1515 680 1551 Tuom:
705 1515 840 1551 saltem
867 1515 905 1550 in
938 1515 1218 1561 quaestionibus
1248 1515 1377 1562 praeci-

86 1568 186 1615 puis,
205 1568 422 1615 cujusmodi
440 1579 485 1604 ea
501 1573 558 1604 est
578 1578 664 1614 quae
681 1567 729 1605 ad
751 1568 986 1615 Ideologiam
1008 1572 1166 1615 spectat.
1188 1568 1273 1603 Jam
1291 1577 1379 1603 vero

86 1621 126 1656 in
146 1620 399 1668 Psychologia
420 1621 459 1657 L.
482 1621 541 1666 IV,
564 1621 653 1668 Cap.
682 1621 710 1666 1,
732 1621 846 1657 Artic.
869 1621 916 1666 11,
939 1621 1176 1657 intellectum
1203 1624 1381 1667 agentem

88 1673 296 1709 defendens
316 1674 370 1710 ita
395 1674 522 1720 ipsum
546 1673 715 1709 declarat
741 1678 783 1708 ut
805 1684 883 1709 non
903 1674 953 1708 sit
976 1673 1049 1708 nisi
1069 1673 1124 1709 vis
1150 1673 1380 1709 abstractiva

87 1726 303 1762 intellectus
325 1726 604 1773 cognoscentis.
628 1727 743 1772 Atqui
767 1736 842 1761 non
867 1730 957 1761 sunt
976 1725 1139 1762 clariora
1158 1725 1379 1762 testimonia

89 1777 127 1814 S.
146 1777 304 1814 Thomae
324 1788 410 1825 quae
427 1779 544 1815 allata
559 1779 607 1815 ab
628 1789 672 1815 eo
689 1783 779 1815 sunt
799 1790 868 1826 pro
886 1780 1058 1816 materiae
1076 1784 1113 1816 et
1133 1780 1270 1815 formae
1287 1779 1379 1815 reali

87 1829 333 1867 distinctione
368 1841 485 1878 quam
524 1842 610 1878 quae
648 1831 776 1868 afferri
823 1837 984 1880 possunt
1031 1843 1100 1879 pro
1137 1832 1380 1868 distinctione

88 1883 290 1931 utriusque
319 1884 548 1930 intellectus,
582 1888 625 1920 ut
652 1884 774 1931 liquet
799 1884 828 1921 1.
858 1885 899 1929 P,
926 1885 969 1926 Q.
995 1885 1148 1930 LXXIX,
1180 1896 1202 1920 a
1231 1887 1250 1920 3
1278 1884 1379 1921 dein-

86 1946 190 1984 ceps·
226 1937 383 1973 Censuit
412 1941 541 1973 tamen
572 1937 618 1974 cl.
649 1938 792 1973 Auctor
815 1937 1026 1984 (Ziyliara)
1060 1949 1099 1974 se
1130 1948 1241 1985 posse
1272 1937 1379 1974 aliter

87 1990 320 2026 sententiam
341 1991 379 2026 S.
401 1990 559 2026 Thomae
585 1990 842 2039 interpretari.
868 1991 944 2026 Cur
966 2001 1056 2038 ergo
1077 1995 1115 2027 et
1135 1991 1219 2027 aliis
1248 1990 1287 2027 in
1306 1990 1379 2026 alia

88 2051 130 2078 re
166 2042 284 2078 simili
318 2053 395 2079 non
431 2043 548 2079 licet?
581 2043 726 2080 factum
763 2042 920 2090 quidem
960 2044 1043 2090 eJus
1074 2054 1152 2080 non
1185 2043 1377 2091 improbo,

88 2094 202 2131 liceat
227 2094 359 2131 videar
381 2096 478 2132 mihi
508 2096 729 2143 improbare
755 2107 866 2144 posse
891 2096 1052 2132 modum
1073 2107 1149 2143 quo
1175 2097 1379 2133 adversarii

86 2147 405 2184 scholasticorum
432 2149 469 2185 in
495 2159 540 2185 ea
565 2149 778 2195 quaestione
808 2149 854 2186 de
885 2149 1080 2186 intellectu
1108 2154 1246 2197 agente
1275 2149 1379 2186 resel-

85 2199 232 2236 luntur.
259 2201 359 2237 Talis
385 2202 488 2238 enim
515 2206 813 2249 repraesentatur
843 2212 978 2238 eorum
1007 2202 1250 2250 impugnatio
1281 2213 1324 2238 ac
1349 2203 1378 2238 si

85 2253 288 2299 rejicerent
306 2255 537 2290 sententiam
561 2265 678 2301 quam
698 2255 778 2302 ipse
804 2254 988 2300 defendit,
1009 2265 1204 2301 quamque
1225 2253 1377 2290 exhibet

84 2310 128 2342 ut
146 2307 378 2343 sententiam
395 2308 551 2344 scholae.
572 2308 619 2343 At
641 2318 700 2344 res
720 2318 797 2344 non
818 2308 872 2344 ita
892 2319 931 2344 se
952 2307 1080 2344 habet.
1104 2308 1161 2343 llli
1184 2308 1287 2343 enim
1309 2308 1376 2343 im—

83 2363 257 2408 pugnant
279 2359 494 2398 doctrinam
520 2360 684 2408 duplicis
710 2361 924 2398 intellectus
947 2360 1132 2407 distincti,
1154 2371 1199 2398 ac
1219 2364 1375 2397 tuentur
