<?xml version="1.0" encoding="UTF-8"?>
<!DOCTYPE html PUBLIC "-//W3C//DTD XHTML 1.0 Transitional//EN"
    "http://www.w3.org/TR/xhtml1/DTD/xhtml1-transitional.dtd">
<html xmlns="http://www.w3.org/1999/xhtml" xml:lang="en" lang="en">
 <head>
  <title>
</title>
<meta http-equiv="Content-Type" content="text/html;charset=utf-8" />
  <meta name='ocr-system' content='tesseract 3.04.00' />
  <meta name='ocr-capabilities' content='ocr_page ocr_carea ocr_par ocr_line ocrx_word'/>
</head>
<body>
  <div class='ocr_page' id='page_1' title='image "./summaphilosophic03zigluoft_0129.png"; bbox 0 0 1554 2569; ppageno 0'>
   <div class='ocr_carea' id='block_1_1' title="bbox 378 130 1452 199">
    <p class='ocr_par' dir='ltr' id='par_1_1' title="bbox 378 130 1452 199">
     <span class='ocr_line' id='line_1_1' title="bbox 378 130 1452 167; baseline -0.004 -1"><span class='ocrx_word' id='word_1_1' title='bbox 378 141 459 167; x_wconf 68' lang='lat' dir='ltr'>mr.</span> <span class='ocrx_word' id='word_1_2' title='bbox 483 140 533 165; x_wconf 79' lang='lat' dir='ltr'>vl.</span> <span class='ocrx_word' id='word_1_3' title='bbox 556 139 601 165; x_wconf 73' lang='lat' dir='ltr'>nn</span> <span class='ocrx_word' id='word_1_4' title='bbox 625 138 724 165; x_wconf 71' lang='lat' dir='ltr'>meis</span> <span class='ocrx_word' id='word_1_5' title='bbox 751 138 952 165; x_wconf 60' lang='lat' dir='ltr'>nunnus</span> <span class='ocrx_word' id='word_1_6' title='bbox 973 136 1171 163; x_wconf 62' lang='lat' dir='ltr'>smenon</span> <span class='ocrx_word' id='word_1_7' title='bbox 1387 130 1452 163; x_wconf 83' lang='grc'>119</span> 
     </span>
     <span class='ocr_line' id='line_1_2' title="bbox 1183 181 1196 199; baseline 0 0"><span class='ocrx_word' id='word_1_8' title='bbox 1183 181 1196 199; x_wconf 67' lang='lat' dir='ltr'>‘t</span> 
     </span>
    </p>
   </div>
   <div class='ocr_carea' id='block_1_2' title="bbox 167 208 1458 836">
    <p class='ocr_par' dir='ltr' id='par_1_2' title="bbox 167 208 1458 836">
     <span class='ocr_line' id='line_1_3' title="bbox 167 208 1452 259; baseline -0.005 -9"><span class='ocrx_word' id='word_1_9' title='bbox 167 213 278 250; x_wconf 88' lang='lat' dir='ltr'>niunt</span> <span class='ocrx_word' id='word_1_10' title='bbox 295 213 373 249; x_wconf 86' lang='lat' dir='ltr'>sive</span> <span class='ocrx_word' id='word_1_11' title='bbox 394 223 440 248; x_wconf 87' lang='lat' dir='ltr'>ex</span> <span class='ocrx_word' id='word_1_12' title='bbox 470 215 610 248; x_wconf 86' lang='lat' dir='ltr'>natura</span> <span class='ocrx_word' id='word_1_13' title='bbox 631 210 794 259; x_wconf 88' lang='lat' dir='ltr'>generis,</span> <span class='ocrx_word' id='word_1_14' title='bbox 815 209 893 245; x_wconf 86' lang='lat' dir='ltr'>sive</span> <span class='ocrx_word' id='word_1_15' title='bbox 923 219 969 245; x_wconf 87' lang='lat' dir='ltr'>ex</span> <span class='ocrx_word' id='word_1_16' title='bbox 989 212 1131 245; x_wconf 79' lang='lat' dir='ltr'>natura</span> <span class='ocrx_word' id='word_1_17' title='bbox 1156 209 1308 256; x_wconf 88' lang='lat' dir='ltr'>speciei.</span> <span class='ocrx_word' id='word_1_18' title='bbox 1342 208 1452 245; x_wconf 90' lang='lat' dir='ltr'>Vide-</span> 
     </span>
     <span class='ocr_line' id='line_1_4' title="bbox 167 260 1454 312; baseline -0.002 -10"><span class='ocrx_word' id='word_1_19' title='bbox 167 267 255 302; x_wconf 86' lang='lat' dir='ltr'>licet</span> <span class='ocrx_word' id='word_1_20' title='bbox 261 265 325 312; x_wconf 86' lang='lat' dir='ltr'>jus</span> <span class='ocrx_word' id='word_1_21' title='bbox 337 268 487 301; x_wconf 64' lang='lat' dir='ltr'>naturae</span> <span class='ocrx_word' id='word_1_22' title='bbox 507 274 551 299; x_wconf 85' lang='lat' dir='ltr'>ea</span> <span class='ocrx_word' id='word_1_23' title='bbox 563 263 721 310; x_wconf 84' lang='lat' dir='ltr'>respicit</span> <span class='ocrx_word' id='word_1_24' title='bbox 740 271 826 310; x_wconf 81' lang='lat' dir='ltr'>quae</span> <span class='ocrx_word' id='word_1_25' title='bbox 844 264 994 297; x_wconf 82' lang='lat' dir='ltr'>naturae</span> <span class='ocrx_word' id='word_1_26' title='bbox 1006 260 1188 297; x_wconf 85' lang='lat' dir='ltr'>humanae</span> <span class='ocrx_word' id='word_1_27' title='bbox 1207 261 1267 297; x_wconf 86' lang='lat' dir='ltr'>vel</span> <span class='ocrx_word' id='word_1_28' title='bbox 1283 261 1454 299; x_wconf 73' lang='lat' dir='ltr'>absolute</span> 
     </span>
     <span class='ocr_line' id='line_1_5' title="bbox 167 313 1455 362; baseline -0.005 -7"><span class='ocrx_word' id='word_1_29' title='bbox 167 318 400 355; x_wconf 85' lang='lat' dir='ltr'>conveniunt</span> <span class='ocrx_word' id='word_1_30' title='bbox 418 316 479 352; x_wconf 78' lang='lat' dir='ltr'>vel</span> <span class='ocrx_word' id='word_1_31' title='bbox 507 315 677 352; x_wconf 81' lang='lat' dir='ltr'>absolute</span> <span class='ocrx_word' id='word_1_32' title='bbox 705 317 934 362; x_wconf 81' lang='lat' dir='ltr'>repugnant.</span> <span class='ocrx_word' id='word_1_33' title='bbox 962 314 1009 349; x_wconf 90' lang='lat' dir='ltr'>At</span> <span class='ocrx_word' id='word_1_34' title='bbox 1032 317 1168 350; x_wconf 88' lang='lat' dir='ltr'>contra</span> <span class='ocrx_word' id='word_1_35' title='bbox 1183 313 1247 360; x_wconf 88' lang='lat' dir='ltr'>jus</span> <span class='ocrx_word' id='word_1_36' title='bbox 1280 313 1455 361; x_wconf 84' lang='lat' dir='ltr'>gentium</span> 
     </span>
     <span class='ocr_line' id='line_1_6' title="bbox 168 365 1456 431; baseline -0.004 -24"><span class='ocrx_word' id='word_1_37' title='bbox 168 370 348 407; x_wconf 89' lang='lat' dir='ltr'>convenit</span> <span class='ocrx_word' id='word_1_38' title='bbox 368 368 525 416; x_wconf 89' lang='lat' dir='ltr'>quidem</span> <span class='ocrx_word' id='word_1_39' title='bbox 545 379 633 404; x_wconf 92' lang='lat' dir='ltr'>cum</span> <span class='ocrx_word' id='word_1_40' title='bbox 650 368 737 415; x_wconf 89' lang='lat' dir='ltr'>jure</span> <span class='ocrx_word' id='word_1_41' title='bbox 757 366 924 404; x_wconf 86' lang='lat' dir='ltr'>naturali</span> <span class='ocrx_word' id='word_1_42' title='bbox 943 376 990 403; x_wconf 86' lang='lat' dir='ltr'>ex</span> <span class='ocrx_word' id='word_1_43' title='bbox 1010 370 1118 414; x_wconf 89' lang='lat' dir='ltr'>parte</span> <span class='ocrx_word' id='word_1_44' title='bbox 1145 366 1337 414; x_wconf 87' lang='lat' dir='ltr'>principii,</span> <span class='ocrx_word' id='word_1_45' title='bbox 1363 365 1456 431; x_wconf 46' lang='lat' dir='ltr'>quisi</span> 
     </span>
     <span class='ocr_line' id='line_1_7' title="bbox 168 419 1453 470; baseline -0.004 -11"><span class='ocrx_word' id='word_1_46' title='bbox 168 427 227 460; x_wconf 88' lang='lat' dir='ltr'>est</span> <span class='ocrx_word' id='word_1_47' title='bbox 245 426 283 459; x_wconf 91' lang='lat' dir='ltr'>et</span> <span class='ocrx_word' id='word_1_48' title='bbox 298 422 426 470; x_wconf 90' lang='lat' dir='ltr'>ipsum</span> <span class='ocrx_word' id='word_1_49' title='bbox 441 420 598 468; x_wconf 81' lang='lat' dir='ltr'>aliquod</span> <span class='ocrx_word' id='word_1_50' title='bbox 614 420 807 457; x_wconf 85' lang='lat' dir='ltr'><strong>dictamen</strong></span> <span class='ocrx_word' id='word_1_51' title='bbox 823 419 1010 456; x_wconf 87' lang='lat' dir='ltr'>naturalis</span> <span class='ocrx_word' id='word_1_52' title='bbox 1026 420 1201 465; x_wconf 85' lang='lat' dir='ltr'>rationis,</span> <span class='ocrx_word' id='word_1_53' title='bbox 1217 419 1284 455; x_wconf 89' lang='lat' dir='ltr'>sed</span> <span class='ocrx_word' id='word_1_54' title='bbox 1304 419 1453 455; x_wconf 86' lang='lat' dir='ltr'>ratione</span> 
     </span>
     <span class='ocr_line' id='line_1_8' title="bbox 168 471 1456 520; baseline -0.003 -9"><span class='ocrx_word' id='word_1_55' title='bbox 168 475 339 511; x_wconf 81' lang='lat' dir='ltr'>materioe</span> <span class='ocrx_word' id='word_1_56' title='bbox 357 473 498 519; x_wconf 80' lang='lat' dir='ltr'>differt,</span> <span class='ocrx_word' id='word_1_57' title='bbox 519 474 612 520; x_wconf 85' lang='lat' dir='ltr'>quia</span> <span class='ocrx_word' id='word_1_58' title='bbox 630 483 708 509; x_wconf 91' lang='lat' dir='ltr'>non</span> <span class='ocrx_word' id='word_1_59' title='bbox 740 476 809 517; x_wconf 87' lang='lat' dir='ltr'>est,</span> <span class='ocrx_word' id='word_1_60' title='bbox 828 472 926 508; x_wconf 90' lang='lat' dir='ltr'>sicut</span> <span class='ocrx_word' id='word_1_61' title='bbox 940 472 1005 519; x_wconf 77' lang='lat' dir='ltr'>J&#39;us</span> <span class='ocrx_word' id='word_1_62' title='bbox 1021 475 1185 517; x_wconf 75' lang='lat' dir='ltr'>naturae,</span> <span class='ocrx_word' id='word_1_63' title='bbox 1208 471 1254 507; x_wconf 88' lang='lat' dir='ltr'>de</span> <span class='ocrx_word' id='word_1_64' title='bbox 1280 471 1340 508; x_wconf 88' lang='lat' dir='ltr'>his</span> <span class='ocrx_word' id='word_1_65' title='bbox 1366 473 1456 519; x_wconf 70' lang='lat' dir='ltr'>quae&#39;=</span> 
     </span>
     <span class='ocr_line' id='line_1_9' title="bbox 168 519 1457 572; baseline -0.001 -9"><span class='ocrx_word' id='word_1_66' title='bbox 168 527 338 563; x_wconf 77' lang='lat' dir='ltr'>absolute</span> <span class='ocrx_word' id='word_1_67' title='bbox 371 526 604 563; x_wconf 91' lang='lat' dir='ltr'>conveniunt</span> <span class='ocrx_word' id='word_1_68' title='bbox 640 530 708 561; x_wconf 86' lang='lat' dir='ltr'>aut</span> <span class='ocrx_word' id='word_1_69' title='bbox 738 528 955 572; x_wconf 83' lang='lat' dir='ltr'>repugnant</span> <span class='ocrx_word' id='word_1_70' title='bbox 990 528 1139 561; x_wconf 84' lang='lat' dir='ltr'>naturae</span> <span class='ocrx_word' id='word_1_71' title='bbox 1175 525 1362 572; x_wconf 77' lang='lat' dir='ltr'>genericae</span> <span class='ocrx_word' id='word_1_72' title='bbox 1394 519 1457 562; x_wconf 66' lang='lat' dir='ltr'>vei,</span> 
     </span>
     <span class='ocr_line' id='line_1_10' title="bbox 170 563 1458 627; baseline -0.003 -11"><span class='ocrx_word' id='word_1_73' title='bbox 170 579 357 627; x_wconf 84' lang='lat' dir='ltr'>specificae</span> <span class='ocrx_word' id='word_1_74' title='bbox 368 578 551 622; x_wconf 89' lang='lat' dir='ltr'>hominis,</span> <span class='ocrx_word' id='word_1_75' title='bbox 565 577 630 614; x_wconf 89' lang='lat' dir='ltr'>sed</span> <span class='ocrx_word' id='word_1_76' title='bbox 647 578 773 613; x_wconf 86' lang='lat' dir='ltr'>solum</span> <span class='ocrx_word' id='word_1_77' title='bbox 794 577 840 613; x_wconf 90' lang='lat' dir='ltr'>de</span> <span class='ocrx_word' id='word_1_78' title='bbox 857 576 917 612; x_wconf 92' lang='lat' dir='ltr'>his</span> <span class='ocrx_word' id='word_1_79' title='bbox 937 586 1025 623; x_wconf 83' lang='lat' dir='ltr'>quae</span> <span class='ocrx_word' id='word_1_80' title='bbox 1040 577 1244 613; x_wconf 83' lang='lat' dir='ltr'>secundum</span> <span class='ocrx_word' id='word_1_81' title='bbox 1260 576 1366 623; x_wconf 83' lang='lat' dir='ltr'>quid,</span> <span class='ocrx_word' id='word_1_82' title='bbox 1388 563 1458 613; x_wconf 67' lang='lat' dir='ltr'>seul</span> 
     </span>
     <span class='ocr_line' id='line_1_11' title="bbox 171 629 1458 678; baseline -0.002 -11"><span class='ocrx_word' id='word_1_83' title='bbox 171 630 406 678; x_wconf 81' lang='lat' dir='ltr'><em>hypothetice</em></span> <span class='ocrx_word' id='word_1_84' title='bbox 424 634 574 666; x_wconf 85' lang='lat' dir='ltr'>naturae</span> <span class='ocrx_word' id='word_1_85' title='bbox 590 630 710 677; x_wconf 89' lang='lat' dir='ltr'>ipsius</span> <span class='ocrx_word' id='word_1_86' title='bbox 730 629 899 665; x_wconf 89' lang='lat' dir='ltr'>hominis</span> <span class='ocrx_word' id='word_1_87' title='bbox 912 632 980 665; x_wconf 85' lang='lat' dir='ltr'>aut</span> <span class='ocrx_word' id='word_1_88' title='bbox 998 629 1232 665; x_wconf 87' lang='lat' dir='ltr'>conveniunt</span> <span class='ocrx_word' id='word_1_89' title='bbox 1243 633 1310 665; x_wconf 87' lang='lat' dir='ltr'>aut</span> <span class='ocrx_word' id='word_1_90' title='bbox 1320 639 1458 676; x_wconf 58' lang='lat' dir='ltr'>repuga</span> 
     </span>
     <span class='ocr_line' id='line_1_12' title="bbox 170 668 1458 730; baseline -0.002 -11"><span class='ocrx_word' id='word_1_91' title='bbox 170 687 277 728; x_wconf 87' lang='lat' dir='ltr'>nant,</span> <span class='ocrx_word' id='word_1_92' title='bbox 305 688 348 719; x_wconf 93' lang='lat' dir='ltr'>ut</span> <span class='ocrx_word' id='word_1_93' title='bbox 382 693 500 730; x_wconf 87' lang='lat' dir='ltr'>supra</span> <span class='ocrx_word' id='word_1_94' title='bbox 531 682 825 730; x_wconf 78' lang='lat' dir='ltr'>explicavimus3</span> <span class='ocrx_word' id='word_1_95' title='bbox 859 685 896 718; x_wconf 89' lang='lat' dir='ltr'>et</span> <span class='ocrx_word' id='word_1_96' title='bbox 921 680 1007 717; x_wconf 88' lang='lat' dir='ltr'>ideo</span> <span class='ocrx_word' id='word_1_97' title='bbox 1032 682 1229 718; x_wconf 85' lang='lat' dir='ltr'>verificata</span> <span class='ocrx_word' id='word_1_98' title='bbox 1253 668 1458 729; x_wconf 63' lang='lat' dir='ltr'>hypothesi</span> 
     </span>
     <span class='ocr_line' id='line_1_13' title="bbox 168 733 1458 783; baseline 0 -12"><span class='ocrx_word' id='word_1_99' title='bbox 168 737 232 783; x_wconf 83' lang='lat' dir='ltr'>J&#39;us</span> <span class='ocrx_word' id='word_1_100' title='bbox 260 735 434 783; x_wconf 86' lang='lat' dir='ltr'>gentium</span> <span class='ocrx_word' id='word_1_101' title='bbox 454 735 558 782; x_wconf 84' lang='lat' dir='ltr'>viget</span> <span class='ocrx_word' id='word_1_102' title='bbox 578 734 681 781; x_wconf 90' lang='lat' dir='ltr'>apud</span> <span class='ocrx_word' id='word_1_103' title='bbox 708 744 855 779; x_wconf 90' lang='lat' dir='ltr'>omnes,</span> <span class='ocrx_word' id='word_1_104' title='bbox 879 733 971 780; x_wconf 85' lang='lat' dir='ltr'>quia</span> <span class='ocrx_word' id='word_1_105' title='bbox 989 734 1091 781; x_wconf 84' lang='lat' dir='ltr'>viget</span> <span class='ocrx_word' id='word_1_106' title='bbox 1110 733 1212 780; x_wconf 90' lang='lat' dir='ltr'>apud</span> <span class='ocrx_word' id='word_1_107' title='bbox 1233 743 1366 770; x_wconf 89' lang='lat' dir='ltr'>omnes</span> <span class='ocrx_word' id='word_1_108' title='bbox 1388 733 1458 771; x_wconf 81' lang='lat' dir='ltr'>ho-</span> 
     </span>
     <span class='ocr_line' id='line_1_14' title="bbox 171 785 1303 836; baseline -0.001 -13"><span class='ocrx_word' id='word_1_109' title='bbox 171 788 293 824; x_wconf 89' lang='lat' dir='ltr'>mines</span> <span class='ocrx_word' id='word_1_110' title='bbox 313 787 548 836; x_wconf 88' lang='lat' dir='ltr'>principium</span> <span class='ocrx_word' id='word_1_111' title='bbox 574 797 640 823; x_wconf 89' lang='lat' dir='ltr'>seu</span> <span class='ocrx_word' id='word_1_112' title='bbox 661 787 760 822; x_wconf 87' lang='lat' dir='ltr'>ratio</span> <span class='ocrx_word' id='word_1_113' title='bbox 781 785 968 822; x_wconf 88' lang='lat' dir='ltr'>naturalis</span> <span class='ocrx_word' id='word_1_114' title='bbox 985 796 1007 821; x_wconf 87' lang='lat' dir='ltr'>a</span> <span class='ocrx_word' id='word_1_115' title='bbox 1027 796 1104 832; x_wconf 87' lang='lat' dir='ltr'>qua</span> <span class='ocrx_word' id='word_1_116' title='bbox 1124 785 1303 822; x_wconf 86' lang='lat' dir='ltr'>dictatur.</span> 
     </span>
    </p>
   </div>
   <div class='ocr_carea' id='block_1_3' title="bbox 510 902 1117 1113">
    <p class='ocr_par' dir='ltr' id='par_1_3' title="bbox 510 902 1117 1113">
     <span class='ocr_line' id='line_1_15' title="bbox 542 902 1090 940; baseline -0.004 0"><span class='ocrx_word' id='word_1_117' title='bbox 542 903 849 940; x_wconf 80' lang='lat' dir='ltr'>ARTICULUS</span> <span class='ocrx_word' id='word_1_118' title='bbox 884 902 1090 939; x_wconf 88' lang='lat' dir='ltr'>SEXTUS</span> 
     </span>
     <span class='ocr_line' id='line_1_16' title="bbox 778 986 851 1029; baseline 0 0"><span class='ocrx_word' id='word_1_119' title='bbox 778 986 851 1029; x_wconf 80' lang='lat'>(27)</span> 
     </span>
     <span class='ocr_line' id='line_1_17' title="bbox 510 1065 1117 1113; baseline -0.003 -11"><span class='ocrx_word' id='word_1_120' title='bbox 510 1066 565 1102; x_wconf 83' lang='lat' dir='ltr'>De</span> <span class='ocrx_word' id='word_1_121' title='bbox 583 1066 676 1113; x_wconf 74' lang='lat' dir='ltr'>leqis</span> <span class='ocrx_word' id='word_1_122' title='bbox 695 1066 891 1102; x_wconf 78' lang='lat' dir='ltr'>naturalis</span> <span class='ocrx_word' id='word_1_123' title='bbox 909 1065 1117 1102; x_wconf 78' lang='lat' dir='ltr'>sanctione.</span> 
     </span>
    </p>
   </div>
   <div class='ocr_carea' id='block_1_4' title="bbox 175 1147 1469 2400">
    <p class='ocr_par' dir='ltr' id='par_1_4' title="bbox 175 1147 1463 1406">
     <span class='ocr_line' id='line_1_18' title="bbox 221 1147 1462 1195; baseline -0.004 -7"><span class='ocrx_word' id='word_1_124' title='bbox 221 1152 249 1188; x_wconf 89' lang='lat'>1.</span> <span class='ocrx_word' id='word_1_125' title='bbox 272 1152 492 1189; x_wconf 75' lang='lat' dir='ltr'>sanctionis</span> <span class='ocrx_word' id='word_1_126' title='bbox 516 1152 638 1188; x_wconf 88' lang='lat' dir='ltr'>notio.</span> <span class='ocrx_word' id='word_1_127' title='bbox 663 1149 878 1185; x_wconf 83' lang='lat' dir='ltr'>sanctionis</span> <span class='ocrx_word' id='word_1_128' title='bbox 901 1148 1058 1184; x_wconf 87' lang='lat' dir='ltr'>nomine</span> <span class='ocrx_word' id='word_1_129' title='bbox 1078 1147 1348 1194; x_wconf 83' lang='lat' dir='ltr'>intelliguntur</span> <span class='ocrx_word' id='word_1_130' title='bbox 1366 1158 1462 1195; x_wconf 51' lang='lat' dir='ltr'>pree-¹</span> 
     </span>
     <span class='ocr_line' id='line_1_19' title="bbox 178 1199 1463 1251; baseline -0.003 -12"><span class='ocrx_word' id='word_1_131' title='bbox 178 1205 257 1240; x_wconf 81' lang='lat' dir='ltr'>mie.</span> <span class='ocrx_word' id='word_1_132' title='bbox 269 1209 305 1239; x_wconf 87' lang='lat' dir='ltr'>et</span> <span class='ocrx_word' id='word_1_133' title='bbox 320 1214 445 1251; x_wconf 87' lang='lat' dir='ltr'>poenae</span> <span class='ocrx_word' id='word_1_134' title='bbox 454 1214 477 1239; x_wconf 86' lang='lat' dir='ltr'>a</span> <span class='ocrx_word' id='word_1_135' title='bbox 489 1203 708 1250; x_wconf 70' lang='lat' dir='ltr'>legislatore</span> <span class='ocrx_word' id='word_1_136' title='bbox 723 1205 868 1237; x_wconf 89' lang='lat' dir='ltr'>statuta</span> <span class='ocrx_word' id='word_1_137' title='bbox 881 1211 950 1247; x_wconf 90' lang='lat' dir='ltr'>pro</span> <span class='ocrx_word' id='word_1_138' title='bbox 965 1200 1256 1236; x_wconf 83' lang='lat' dir='ltr'>observantibus</span> <span class='ocrx_word' id='word_1_139' title='bbox 1269 1199 1326 1236; x_wconf 80' lang='lat' dir='ltr'>vel</span> <span class='ocrx_word' id='word_1_140' title='bbox 1342 1199 1463 1236; x_wconf 85' lang='lat' dir='ltr'>trans-&#39;</span> 
     </span>
     <span class='ocr_line' id='line_1_20' title="bbox 175 1252 1461 1302; baseline -0.003 -11"><span class='ocrx_word' id='word_1_141' title='bbox 175 1255 437 1302; x_wconf 83' lang='lat' dir='ltr'>gredientibus</span> <span class='ocrx_word' id='word_1_142' title='bbox 468 1255 594 1302; x_wconf 86' lang='lat' dir='ltr'>legem</span> <span class='ocrx_word' id='word_1_143' title='bbox 625 1264 647 1289; x_wconf 90' lang='lat' dir='ltr'>a</span> <span class='ocrx_word' id='word_1_144' title='bbox 682 1263 721 1288; x_wconf 88' lang='lat' dir='ltr'>se</span> <span class='ocrx_word' id='word_1_145' title='bbox 754 1253 886 1288; x_wconf 66' lang='lat' dir='ltr'>latam.</span> <span class='ocrx_word' id='word_1_146' title='bbox 920 1252 1136 1293; x_wconf 68' lang='lat' dir='ltr'>Quaerimus</span> <span class='ocrx_word' id='word_1_147' title='bbox 1169 1252 1298 1298; x_wconf 87' lang='lat' dir='ltr'>itaque</span> <span class='ocrx_word' id='word_1_148' title='bbox 1330 1256 1461 1288; x_wconf 90' lang='lat' dir='ltr'>utrum</span> 
     </span>
     <span class='ocr_line' id='line_1_21' title="bbox 177 1304 1461 1353; baseline -0.003 -10"><span class='ocrx_word' id='word_1_149' title='bbox 177 1309 276 1343; x_wconf 89' lang='lat' dir='ltr'>Deus</span> <span class='ocrx_word' id='word_1_150' title='bbox 297 1308 535 1343; x_wconf 79' lang='lat' dir='ltr'>sanctionem</span> <span class='ocrx_word' id='word_1_151' title='bbox 553 1305 777 1353; x_wconf 86' lang='lat' dir='ltr'>apposuerit</span> <span class='ocrx_word' id='word_1_152' title='bbox 795 1304 944 1352; x_wconf 85' lang='lat' dir='ltr'>legibus</span> <span class='ocrx_word' id='word_1_153' title='bbox 964 1314 986 1339; x_wconf 88' lang='lat' dir='ltr'>a</span> <span class='ocrx_word' id='word_1_154' title='bbox 1006 1315 1045 1340; x_wconf 92' lang='lat' dir='ltr'>se</span> <span class='ocrx_word' id='word_1_155' title='bbox 1063 1304 1151 1340; x_wconf 86' lang='lat' dir='ltr'>latis</span> <span class='ocrx_word' id='word_1_156' title='bbox 1171 1314 1240 1350; x_wconf 90' lang='lat' dir='ltr'>pro</span> <span class='ocrx_word' id='word_1_157' title='bbox 1258 1304 1461 1340; x_wconf 86' lang='lat' dir='ltr'>hominum</span> 
     </span>
     <span class='ocr_line' id='line_1_22' title="bbox 177 1357 967 1406; baseline -0.005 -10"><span class='ocrx_word' id='word_1_158' title='bbox 177 1360 400 1397; x_wconf 84' lang='lat' dir='ltr'>directione.</span> <span class='ocrx_word' id='word_1_159' title='bbox 420 1359 476 1395; x_wconf 88' lang='lat' dir='ltr'>Sit</span> <span class='ocrx_word' id='word_1_160' title='bbox 492 1369 582 1406; x_wconf 86' lang='lat' dir='ltr'>ergo</span> <span class='ocrx_word' id='word_1_161' title='bbox 601 1359 728 1405; x_wconf 88' lang='lat' dir='ltr'>prima</span> <span class='ocrx_word' id='word_1_162' title='bbox 741 1357 936 1393; x_wconf 82' lang='lat' dir='ltr'>conclusio</span> <span class='ocrx_word' id='word_1_163' title='bbox 959 1368 967 1392; x_wconf 92' lang='lat'>:</span> 
     </span>
    </p>

    <p class='ocr_par' dir='ltr' id='par_1_5' title="bbox 178 1409 1463 1607">
     <span class='ocr_line' id='line_1_23' title="bbox 223 1409 1462 1455; baseline -0.002 -6"><span class='ocrx_word' id='word_1_164' title='bbox 223 1414 270 1448; x_wconf 88' lang='lat'>11.</span> <span class='ocrx_word' id='word_1_165' title='bbox 298 1413 375 1448; x_wconf 86' lang='lat' dir='ltr'>Lex</span> <span class='ocrx_word' id='word_1_166' title='bbox 391 1415 544 1448; x_wconf 84' lang='lat' dir='ltr'>naturae</span> <span class='ocrx_word' id='word_1_167' title='bbox 555 1411 773 1448; x_wconf 85' lang='lat' dir='ltr'>necessario</span> <span class='ocrx_word' id='word_1_168' title='bbox 787 1419 867 1455; x_wconf 82' lang='lat' dir='ltr'>prae</span> <span class='ocrx_word' id='word_1_169' title='bbox 881 1419 921 1446; x_wconf 85' lang='lat' dir='ltr'>se</span> <span class='ocrx_word' id='word_1_170' title='bbox 935 1409 1013 1445; x_wconf 77' lang='lat' dir='ltr'>fert</span> <span class='ocrx_word' id='word_1_171' title='bbox 1027 1410 1197 1445; x_wconf 87' lang='lat' dir='ltr'>divinam</span> <span class='ocrx_word' id='word_1_172' title='bbox 1211 1410 1462 1447; x_wconf 82' lang='lat' dir='ltr'>sanctionem.</span> 
     </span>
     <span class='ocr_line' id='line_1_24' title="bbox 179 1462 1463 1512; baseline -0.002 -11"><span class='ocrx_word' id='word_1_173' title='bbox 179 1466 266 1501; x_wconf 82' lang='lat' dir='ltr'>Haec</span> <span class='ocrx_word' id='word_1_174' title='bbox 282 1465 494 1512; x_wconf 85' lang='lat' dir='ltr'>propositio</span> <span class='ocrx_word' id='word_1_175' title='bbox 507 1475 552 1500; x_wconf 86' lang='lat' dir='ltr'>ex</span> <span class='ocrx_word' id='word_1_176' title='bbox 564 1463 705 1511; x_wconf 86' lang='lat' dir='ltr'>triplici</span> <span class='ocrx_word' id='word_1_177' title='bbox 716 1464 841 1510; x_wconf 88' lang='lat' dir='ltr'>capite</span> <span class='ocrx_word' id='word_1_178' title='bbox 853 1462 1099 1509; x_wconf 86' lang='lat' dir='ltr'>potissimum</span> <span class='ocrx_word' id='word_1_179' title='bbox 1113 1462 1310 1509; x_wconf 84' lang='lat' dir='ltr'>probatur,</span> <span class='ocrx_word' id='word_1_180' title='bbox 1326 1472 1463 1510; x_wconf 85' lang='lat' dir='ltr'>nempe</span> 
     </span>
     <span class='ocr_line' id='line_1_25' title="bbox 178 1514 1462 1565; baseline -0.002 -11"><span class='ocrx_word' id='word_1_181' title='bbox 178 1529 225 1554; x_wconf 87' lang='lat' dir='ltr'>ex</span> <span class='ocrx_word' id='word_1_182' title='bbox 243 1518 327 1565; x_wconf 88' lang='lat' dir='ltr'>ipsa</span> <span class='ocrx_word' id='word_1_183' title='bbox 343 1521 482 1553; x_wconf 86' lang='lat' dir='ltr'>natura</span> <span class='ocrx_word' id='word_1_184' title='bbox 497 1516 740 1564; x_wconf 86' lang='lat' dir='ltr'>legislatoris,</span> <span class='ocrx_word' id='word_1_185' title='bbox 764 1526 809 1550; x_wconf 89' lang='lat' dir='ltr'>ex</span> <span class='ocrx_word' id='word_1_186' title='bbox 838 1519 977 1551; x_wconf 88' lang='lat' dir='ltr'>natura</span> <span class='ocrx_word' id='word_1_187' title='bbox 1007 1518 1163 1550; x_wconf 82' lang='lat' dir='ltr'>actuum</span> <span class='ocrx_word' id='word_1_188' title='bbox 1188 1514 1462 1561; x_wconf 86' lang='lat' dir='ltr'>humanorum,</span> 
     </span>
     <span class='ocr_line' id='line_1_26' title="bbox 179 1567 938 1607; baseline -0.007 0"><span class='ocrx_word' id='word_1_189' title='bbox 179 1581 226 1607; x_wconf 87' lang='lat' dir='ltr'>ex</span> <span class='ocrx_word' id='word_1_190' title='bbox 252 1574 392 1606; x_wconf 81' lang='lat' dir='ltr'>natura</span> <span class='ocrx_word' id='word_1_191' title='bbox 418 1570 505 1605; x_wconf 77' lang='lat' dir='ltr'>finis</span> <span class='ocrx_word' id='word_1_192' title='bbox 525 1567 751 1605; x_wconf 86' lang='lat' dir='ltr'>eorumdem</span> <span class='ocrx_word' id='word_1_193' title='bbox 769 1571 938 1604; x_wconf 82' lang='lat' dir='ltr'>actuum.</span> 
     </span>
    </p>

    <p class='ocr_par' dir='ltr' id='par_1_6' title="bbox 177 1620 1468 2140">
     <span class='ocr_line' id='line_1_27' title="bbox 226 1620 1463 1669; baseline -0.002 -10"><span class='ocrx_word' id='word_1_194' title='bbox 226 1623 289 1659; x_wconf 68' lang='lat' dir='ltr'>Em</span> <span class='ocrx_word' id='word_1_195' title='bbox 308 1627 452 1659; x_wconf 77' lang='lat' dir='ltr'>natura</span> <span class='ocrx_word' id='word_1_196' title='bbox 470 1620 717 1669; x_wconf 75' lang='lat' dir='ltr'>quislatoris.</span> <span class='ocrx_word' id='word_1_197' title='bbox 739 1620 828 1656; x_wconf 86' lang='lat' dir='ltr'>Ideo</span> <span class='ocrx_word' id='word_1_198' title='bbox 849 1620 952 1656; x_wconf 83' lang='lat' dir='ltr'>enim</span> <span class='ocrx_word' id='word_1_199' title='bbox 981 1620 1179 1667; x_wconf 87' lang='lat' dir='ltr'>legislator</span> <span class='ocrx_word' id='word_1_200' title='bbox 1197 1620 1301 1667; x_wconf 87' lang='lat' dir='ltr'>leges</span> <span class='ocrx_word' id='word_1_201' title='bbox 1320 1620 1463 1663; x_wconf 81' lang='lat' dir='ltr'>condit,</span> 
     </span>
     <span class='ocr_line' id='line_1_28' title="bbox 180 1672 1464 1718; baseline -0.002 -7"><span class='ocrx_word' id='word_1_202' title='bbox 180 1679 222 1712; x_wconf 92' lang='lat' dir='ltr'>ut</span> <span class='ocrx_word' id='word_1_203' title='bbox 241 1686 264 1711; x_wconf 86' lang='lat' dir='ltr'>a</span> <span class='ocrx_word' id='word_1_204' title='bbox 285 1674 449 1710; x_wconf 88' lang='lat' dir='ltr'>subditis</span> <span class='ocrx_word' id='word_1_205' title='bbox 469 1675 740 1718; x_wconf 82' lang='lat' dir='ltr'>observentur3</span> <span class='ocrx_word' id='word_1_206' title='bbox 763 1683 871 1708; x_wconf 90' lang='lat' dir='ltr'>secus</span> <span class='ocrx_word' id='word_1_207' title='bbox 890 1672 994 1708; x_wconf 85' lang='lat' dir='ltr'>enirn</span> <span class='ocrx_word' id='word_1_208' title='bbox 1018 1673 1049 1707; x_wconf 85' lang='lat' dir='ltr'>si</span> <span class='ocrx_word' id='word_1_209' title='bbox 1071 1672 1315 1708; x_wconf 86' lang='lat' dir='ltr'>observantia</span> <span class='ocrx_word' id='word_1_210' title='bbox 1333 1683 1464 1709; x_wconf 88' lang='lat' dir='ltr'>earum</span> 
     </span>
     <span class='ocr_line' id='line_1_29' title="bbox 177 1725 1464 1771; baseline -0.003 -8"><span class='ocrx_word' id='word_1_211' title='bbox 177 1732 277 1764; x_wconf 89' lang='lat' dir='ltr'>esset</span> <span class='ocrx_word' id='word_1_212' title='bbox 294 1727 348 1763; x_wconf 93' lang='lat' dir='ltr'>illi</span> <span class='ocrx_word' id='word_1_213' title='bbox 369 1726 605 1771; x_wconf 79' lang='lat' dir='ltr'>indifferens,</span> <span class='ocrx_word' id='word_1_214' title='bbox 624 1730 692 1762; x_wconf 88' lang='lat' dir='ltr'>aut</span> <span class='ocrx_word' id='word_1_215' title='bbox 709 1725 887 1761; x_wconf 86' lang='lat' dir='ltr'>eamdem</span> <span class='ocrx_word' id='word_1_216' title='bbox 908 1725 1192 1761; x_wconf 84' lang='lat' dir='ltr'>observantiam</span> <span class='ocrx_word' id='word_1_217' title='bbox 1204 1735 1282 1760; x_wconf 91' lang='lat' dir='ltr'>non</span> <span class='ocrx_word' id='word_1_218' title='bbox 1300 1730 1464 1769; x_wconf 81' lang='lat' dir='ltr'>curaret,</span> 
     </span>
     <span class='ocr_line' id='line_1_30' title="bbox 180 1777 1466 1825; baseline -0.002 -10"><span class='ocrx_word' id='word_1_219' title='bbox 180 1785 218 1816; x_wconf 90' lang='lat' dir='ltr'>et</span> <span class='ocrx_word' id='word_1_220' title='bbox 234 1780 460 1815; x_wconf 84' lang='lat' dir='ltr'>stultissime</span> <span class='ocrx_word' id='word_1_221' title='bbox 479 1783 517 1815; x_wconf 91' lang='lat' dir='ltr'>et</span> <span class='ocrx_word' id='word_1_222' title='bbox 534 1778 852 1825; x_wconf 87' lang='lat' dir='ltr'>insipientissime</span> <span class='ocrx_word' id='word_1_223' title='bbox 874 1781 1017 1824; x_wconf 88' lang='lat' dir='ltr'>ageret,</span> <span class='ocrx_word' id='word_1_224' title='bbox 1040 1778 1119 1812; x_wconf 88' lang='lat' dir='ltr'>imo</span> <span class='ocrx_word' id='word_1_225' title='bbox 1143 1787 1231 1813; x_wconf 87' lang='lat' dir='ltr'>vero</span> <span class='ocrx_word' id='word_1_226' title='bbox 1252 1777 1355 1824; x_wconf 83' lang='lat' dir='ltr'>leges</span> <span class='ocrx_word' id='word_1_227' title='bbox 1376 1777 1466 1813; x_wconf 77' lang='lat' dir='ltr'>latae</span> 
     </span>
     <span class='ocr_line' id='line_1_31' title="bbox 180 1829 1466 1878; baseline -0.002 -10"><span class='ocrx_word' id='word_1_228' title='bbox 180 1833 242 1868; x_wconf 81' lang='lat' dir='ltr'>vix</span> <span class='ocrx_word' id='word_1_229' title='bbox 265 1842 308 1868; x_wconf 89' lang='lat' dir='ltr'>ac</span> <span class='ocrx_word' id='word_1_230' title='bbox 336 1842 384 1867; x_wconf 91' lang='lat' dir='ltr'>ne</span> <span class='ocrx_word' id='word_1_231' title='bbox 416 1831 479 1866; x_wconf 83' lang='lat' dir='ltr'>vix</span> <span class='ocrx_word' id='word_1_232' title='bbox 500 1830 658 1878; x_wconf 88' lang='lat' dir='ltr'>quidem</span> <span class='ocrx_word' id='word_1_233' title='bbox 686 1830 782 1877; x_wconf 87' lang='lat' dir='ltr'>legis</span> <span class='ocrx_word' id='word_1_234' title='bbox 807 1830 998 1865; x_wconf 87' lang='lat' dir='ltr'>rationem</span> <span class='ocrx_word' id='word_1_235' title='bbox 1034 1829 1233 1865; x_wconf 89' lang='lat' dir='ltr'>haberent.</span> <span class='ocrx_word' id='word_1_236' title='bbox 1262 1829 1337 1864; x_wconf 85' lang='lat' dir='ltr'>Lex</span> <span class='ocrx_word' id='word_1_237' title='bbox 1364 1830 1466 1865; x_wconf 88' lang='lat' dir='ltr'>enim</span> 
     </span>
     <span class='ocr_line' id='line_1_32' title="bbox 181 1880 1464 1930; baseline -0.002 -11"><span class='ocrx_word' id='word_1_238' title='bbox 181 1883 458 1930; x_wconf 83' lang='lat' dir='ltr'>obligationem</span> <span class='ocrx_word' id='word_1_239' title='bbox 479 1883 593 1929; x_wconf 88' lang='lat' dir='ltr'>parit,</span> <span class='ocrx_word' id='word_1_240' title='bbox 618 1891 705 1929; x_wconf 81' lang='lat' dir='ltr'>quae</span> <span class='ocrx_word' id='word_1_241' title='bbox 731 1892 822 1917; x_wconf 88' lang='lat' dir='ltr'>sane</span> <span class='ocrx_word' id='word_1_242' title='bbox 838 1881 912 1916; x_wconf 90' lang='lat' dir='ltr'>nisi</span> <span class='ocrx_word' id='word_1_243' title='bbox 931 1885 1087 1916; x_wconf 82' lang='lat' dir='ltr'>curetur</span> <span class='ocrx_word' id='word_1_244' title='bbox 1113 1891 1135 1916; x_wconf 90' lang='lat' dir='ltr'>a</span> <span class='ocrx_word' id='word_1_245' title='bbox 1160 1880 1393 1927; x_wconf 85' lang='lat' dir='ltr'>legislatore,</span> <span class='ocrx_word' id='word_1_246' title='bbox 1421 1882 1464 1916; x_wconf 92' lang='lat' dir='ltr'>ri-</span> 
     </span>
     <span class='ocr_line' id='line_1_33' title="bbox 183 1932 1464 1980; baseline -0.004 -7"><span class='ocrx_word' id='word_1_247' title='bbox 183 1936 309 1973; x_wconf 89' lang='lat' dir='ltr'>dicula</span> <span class='ocrx_word' id='word_1_248' title='bbox 328 1939 398 1974; x_wconf 89' lang='lat' dir='ltr'>est.</span> <span class='ocrx_word' id='word_1_249' title='bbox 420 1935 519 1971; x_wconf 86' lang='lat' dir='ltr'>Deus</span> <span class='ocrx_word' id='word_1_250' title='bbox 545 1939 676 1970; x_wconf 87' lang='lat' dir='ltr'>autern</span> <span class='ocrx_word' id='word_1_251' title='bbox 698 1933 1005 1980; x_wconf 87' lang='lat' dir='ltr'>sapientissimus</span> <span class='ocrx_word' id='word_1_252' title='bbox 1024 1937 1081 1968; x_wconf 86' lang='lat' dir='ltr'>est</span> <span class='ocrx_word' id='word_1_253' title='bbox 1105 1937 1143 1969; x_wconf 89' lang='lat' dir='ltr'>et</span> <span class='ocrx_word' id='word_1_254' title='bbox 1159 1932 1464 1979; x_wconf 83' lang='lat' dir='ltr'>providissimus,</span> 
     </span>
     <span class='ocr_line' id='line_1_34' title="bbox 181 1984 1464 2036; baseline -0.002 -12"><span class='ocrx_word' id='word_1_255' title='bbox 181 1990 278 2036; x_wconf 86' lang='lat' dir='ltr'>Ergo</span> <span class='ocrx_word' id='word_1_256' title='bbox 296 1987 502 2024; x_wconf 84' lang='lat' dir='ltr'>efficaciter</span> <span class='ocrx_word' id='word_1_257' title='bbox 521 1986 670 2023; x_wconf 89' lang='lat' dir='ltr'>inducit</span> <span class='ocrx_word' id='word_1_258' title='bbox 683 1986 861 2022; x_wconf 86' lang='lat' dir='ltr'>homines</span> <span class='ocrx_word' id='word_1_259' title='bbox 881 1984 929 2021; x_wconf 89' lang='lat' dir='ltr'>ad</span> <span class='ocrx_word' id='word_1_260' title='bbox 947 1985 1231 2021; x_wconf 85' lang='lat' dir='ltr'>observantiam</span> <span class='ocrx_word' id='word_1_261' title='bbox 1250 1995 1330 2021; x_wconf 78' lang='lat' dir='ltr'>suae</span> <span class='ocrx_word' id='word_1_262' title='bbox 1346 1985 1441 2033; x_wconf 90' lang='lat' dir='ltr'>legis</span> <span class='ocrx_word' id='word_1_263' title='bbox 1456 1997 1464 2021; x_wconf 78' lang='lat' dir='ltr'>t</span> 
     </span>
     <span class='ocr_line' id='line_1_35' title="bbox 181 2036 1468 2088; baseline -0.002 -11"><span class='ocrx_word' id='word_1_264' title='bbox 181 2040 284 2087; x_wconf 89' lang='lat' dir='ltr'>quod</span> <span class='ocrx_word' id='word_1_265' title='bbox 304 2040 345 2076; x_wconf 88' lang='lat' dir='ltr'>fit</span> <span class='ocrx_word' id='word_1_266' title='bbox 365 2050 434 2088; x_wconf 90' lang='lat' dir='ltr'>per</span> <span class='ocrx_word' id='word_1_267' title='bbox 452 2039 614 2087; x_wconf 82' lang='lat' dir='ltr'>praemia</span> <span class='ocrx_word' id='word_1_268' title='bbox 636 2042 675 2074; x_wconf 87' lang='lat' dir='ltr'>et</span> <span class='ocrx_word' id='word_1_269' title='bbox 700 2048 848 2085; x_wconf 82' lang='lat' dir='ltr'>poenaS,</span> <span class='ocrx_word' id='word_1_270' title='bbox 866 2042 922 2082; x_wconf 88' lang='lat' dir='ltr'>ut,</span> <span class='ocrx_word' id='word_1_271' title='bbox 944 2038 983 2073; x_wconf 93' lang='lat' dir='ltr'>in</span> <span class='ocrx_word' id='word_1_272' title='bbox 1008 2037 1100 2084; x_wconf 87' lang='lat' dir='ltr'>ipsis</span> <span class='ocrx_word' id='word_1_273' title='bbox 1120 2036 1303 2073; x_wconf 86' lang='lat' dir='ltr'>humanis</span> <span class='ocrx_word' id='word_1_274' title='bbox 1318 2037 1468 2085; x_wconf 84' lang='lat' dir='ltr'>legisla-</span> 
     </span>
     <span class='ocr_line' id='line_1_36' title="bbox 182 2093 543 2140; baseline 0 -11"><span class='ocrx_word' id='word_1_275' title='bbox 182 2093 352 2130; x_wconf 83' lang='lat' dir='ltr'>tionibus</span> <span class='ocrx_word' id='word_1_276' title='bbox 371 2096 543 2140; x_wconf 86' lang='lat' dir='ltr'>apparet.</span> 
     </span>
    </p>

    <p class='ocr_par' dir='ltr' id='par_1_7' title="bbox 181 2141 1469 2400">
     <span class='ocr_line' id='line_1_37' title="bbox 228 2141 1468 2181; baseline -0.002 0"><span class='ocrx_word' id='word_1_277' title='bbox 228 2145 292 2181; x_wconf 75' lang='lat' dir='ltr'>Em</span> <span class='ocrx_word' id='word_1_278' title='bbox 313 2149 458 2181; x_wconf 77' lang='lat' dir='ltr'>natura</span> <span class='ocrx_word' id='word_1_279' title='bbox 495 2148 650 2180; x_wconf 79' lang='lat' dir='ltr'>actuum</span> <span class='ocrx_word' id='word_1_280' title='bbox 681 2143 947 2178; x_wconf 76' lang='lat' dir='ltr'>humanorum.</span> <span class='ocrx_word' id='word_1_281' title='bbox 978 2141 1161 2178; x_wconf 87' lang='lat' dir='ltr'>Homines</span> <span class='ocrx_word' id='word_1_282' title='bbox 1192 2142 1295 2177; x_wconf 87' lang='lat' dir='ltr'>enim</span> <span class='ocrx_word' id='word_1_283' title='bbox 1322 2142 1468 2179; x_wconf 84' lang='lat' dir='ltr'>actibus</span> 
     </span>
     <span class='ocr_line' id='line_1_38' title="bbox 181 2193 1468 2242; baseline -0.001 -9"><span class='ocrx_word' id='word_1_284' title='bbox 181 2198 311 2233; x_wconf 86' lang='lat' dir='ltr'>liberis</span> <span class='ocrx_word' id='word_1_285' title='bbox 323 2196 372 2233; x_wconf 82' lang='lat' dir='ltr'>ad</span> <span class='ocrx_word' id='word_1_286' title='bbox 386 2196 547 2233; x_wconf 83' lang='lat' dir='ltr'>invicem</span> <span class='ocrx_word' id='word_1_287' title='bbox 568 2195 895 2237; x_wconf 87' lang='lat' dir='ltr'>discriminantur,</span> <span class='ocrx_word' id='word_1_288' title='bbox 911 2198 949 2230; x_wconf 88' lang='lat' dir='ltr'>et</span> <span class='ocrx_word' id='word_1_289' title='bbox 968 2194 1032 2230; x_wconf 85' lang='lat' dir='ltr'>alii</span> <span class='ocrx_word' id='word_1_290' title='bbox 1052 2193 1180 2240; x_wconf 87' lang='lat' dir='ltr'>laude,</span> <span class='ocrx_word' id='word_1_291' title='bbox 1198 2195 1263 2230; x_wconf 85' lang='lat' dir='ltr'>alii</span> <span class='ocrx_word' id='word_1_292' title='bbox 1279 2195 1468 2242; x_wconf 89' lang='lat' dir='ltr'>vituperio</span> 
     </span>
     <span class='ocr_line' id='line_1_39' title="bbox 182 2247 1469 2297; baseline 0 -12"><span class='ocrx_word' id='word_1_293' title='bbox 182 2250 288 2297; x_wconf 90' lang='lat' dir='ltr'>digni</span> <span class='ocrx_word' id='word_1_294' title='bbox 314 2252 517 2286; x_wconf 87' lang='lat' dir='ltr'>censentur</span> <span class='ocrx_word' id='word_1_295' title='bbox 542 2250 615 2295; x_wconf 82' lang='lat'>(18,</span> <span class='ocrx_word' id='word_1_296' title='bbox 643 2247 693 2284; x_wconf 90' lang='lat'>111</span> <span class='ocrx_word' id='word_1_297' title='bbox 722 2251 760 2284; x_wconf 87' lang='lat' dir='ltr'>et</span> <span class='ocrx_word' id='word_1_298' title='bbox 786 2248 922 2294; x_wconf 86' lang='lat' dir='ltr'>seqq.),</span> <span class='ocrx_word' id='word_1_299' title='bbox 953 2250 991 2283; x_wconf 91' lang='lat' dir='ltr'>et</span> <span class='ocrx_word' id='word_1_300' title='bbox 1019 2248 1176 2294; x_wconf 89' lang='lat' dir='ltr'>insuper</span> <span class='ocrx_word' id='word_1_301' title='bbox 1200 2248 1383 2283; x_wconf 87' lang='lat' dir='ltr'>meritum</span> <span class='ocrx_word' id='word_1_302' title='bbox 1403 2252 1469 2285; x_wconf 87' lang='lat' dir='ltr'>aut</span> 
     </span>
     <span class='ocr_line' id='line_1_40' title="bbox 182 2299 1469 2348; baseline -0.001 -10"><span class='ocrx_word' id='word_1_303' title='bbox 182 2302 412 2339; x_wconf 87' lang='lat' dir='ltr'>demeritum</span> <span class='ocrx_word' id='word_1_304' title='bbox 449 2304 737 2348; x_wconf 89' lang='lat' dir='ltr'>consequuntur</span> <span class='ocrx_word' id='word_1_305' title='bbox 767 2299 870 2347; x_wconf 84' lang='lat' dir='ltr'>apud</span> <span class='ocrx_word' id='word_1_306' title='bbox 907 2300 1041 2338; x_wconf 89' lang='lat' dir='ltr'>Deum.</span> <span class='ocrx_word' id='word_1_307' title='bbox 1081 2300 1196 2347; x_wconf 86' lang='lat' dir='ltr'>Atqui</span> <span class='ocrx_word' id='word_1_308' title='bbox 1223 2303 1260 2336; x_wconf 84' lang='lat' dir='ltr'>et</span> <span class='ocrx_word' id='word_1_309' title='bbox 1288 2301 1469 2337; x_wconf 81' lang='lat' dir='ltr'>sanctitas</span> 
     </span>
     <span class='ocr_line' id='line_1_41' title="bbox 182 2351 1467 2400; baseline -0.002 -10"><span class='ocrx_word' id='word_1_310' title='bbox 182 2354 311 2390; x_wconf 85' lang='lat' dir='ltr'>divina</span> <span class='ocrx_word' id='word_1_311' title='bbox 330 2357 367 2390; x_wconf 89' lang='lat' dir='ltr'>et</span> <span class='ocrx_word' id='word_1_312' title='bbox 384 2353 537 2400; x_wconf 76' lang='lat' dir='ltr'>Justitia</span> <span class='ocrx_word' id='word_1_313' title='bbox 560 2352 688 2390; x_wconf 83' lang='lat' dir='ltr'>divina</span> <span class='ocrx_word' id='word_1_314' title='bbox 705 2352 902 2400; x_wconf 86' lang='lat' dir='ltr'>postulant</span> <span class='ocrx_word' id='word_1_315' title='bbox 921 2356 965 2388; x_wconf 90' lang='lat' dir='ltr'>ut</span> <span class='ocrx_word' id='word_1_316' title='bbox 984 2351 1191 2388; x_wconf 87' lang='lat' dir='ltr'>discrimen</span> <span class='ocrx_word' id='word_1_317' title='bbox 1209 2351 1398 2388; x_wconf 87' lang='lat' dir='ltr'>resultans</span> <span class='ocrx_word' id='word_1_318' title='bbox 1421 2363 1467 2388; x_wconf 85' lang='lat' dir='ltr'>ex</span> 
     </span>
    </p>
   </div>
  </div>
 </body>
</html>
