1554 2569
183 132 226 167 42
248 140 370 166 E'rfflcA
382 141 451 167 LlB.
465 141 501 166 ll.
518 141 595 166 CAP.
607 141 633 166 1.
650 141 691 166 DE
706 140 851 166 ACTIBUS
866 140 1003 167 HUMAN.
1019 141 1056 166 m
1073 141 1199 167 SEIPSIS
1215 133 1468 166 con's‘mnnmis

183 213 369 260 regulam,
386 212 483 248 nihil
501 212 605 249 aliud
622 212 803 248 videntur
819 222 946 258 agere,
966 224 1084 259 quam
1103 215 1143 247 ut
1162 214 1237 248 Deo
1255 212 1466 259 adjungant

182 267 413 314 principium
441 265 596 312 aliquod
625 269 863 302 coaeternum
892 266 1163 306 extrinsecum,
1191 266 1292 312 quod
1324 265 1404 312 ipse
1429 266 1469 301 in

181 319 424 365 assignandis
447 329 573 353 rerum
595 317 726 353 formis
749 318 857 364 sequi
879 328 1077 354 necessum
1098 318 1289 354 habuerit.
1312 331 1327 350 ι

226 373 333 417 Resp.
362 372 464 418 Nego
492 375 695 406 assertum.
724 371 906 406 Ponimus
933 371 1036 406 enim
1063 375 1106 406 ut
1131 371 1305 416 regulam
1331 370 1467 406 huma-

181 434 320 460 narum
348 424 544 459 actionum
574 422 699 470 legem
727 426 926 467 aeternam,
958 433 1043 470 quae
1070 427 1126 458 est
1153 424 1237 468 ipsa
1265 423 1365 458 ratio
1384 423 1483 469 Dei‚;

182 487 268 522 quae
295 478 352 512 est
376 477 531 512 realiter
557 476 640 522 ipsa
665 475 831 511 essentia
857 475 998 521 divina,
1021 475 1101 522 ipse
1130 477 1240 514 Deus.
1262 475 1365 512 Unde
1392 486 1468 511 non

182 529 428 576 adjungimus
460 529 535 564 Deo
569 528 799 574 principium
832 527 987 574 aliquod
1020 532 1254 564 coaeternum
1290 529 1470 565 extrinse-

180 592 276 627 cum,
293 581 383 628 quia
402 582 499 616 Deus
514 581 586 616 sibi
604 581 676 627 ipsi
694 580 929 616 extrinsecus
947 579 1018 615 dici
1037 580 1120 615 sine
1139 580 1374 616 absurditate
1392 592 1468 618 non

182 638 320 681 potest.

229 686 398 733 Objeecz'o
416 687 541 722 tertia.
566 699 584 717 «
607 685 644 721 Si
669 696 819 731 quaeras
839 695 885 721 ex
906 685 989 720 istis
1010 684 1232 721 hominibus
1254 685 1392 732 (nobis)
1422 685 1483 738 dell

180 740 413 785 quibusnam
444 739 525 784 lege
557 742 706 773 naturae
742 738 998 784 disponatur?
1031 738 1265 784 respondent
1293 749 1301 774 :
1337 739 1386 775 de
1423 739 1486 789 iis,¹

181 802 267 838 quoe
289 802 356 838 per
382 802 421 827 se
442 796 581 827 natura
602 801 671 826 sua
697 791 857 827 honesta
883 794 920 826 et
945 790 1074 836 turpia
1095 794 1197 826 sunt.
1219 790 1282 826 Sin
1307 790 1468 828 ulterius

179 854 346 890 quaeras,
380 854 560 891 quaenam
597 847 726 879 autern
760 845 848 878 sunt
878 842 955 887 illa,
991 853 1058 890 per
1086 853 1126 878 se
1157 847 1193 878 et
1226 854 1296 879 sua
1329 847 1479 881 natura*

180 897 340 932 honesta
365 897 422 931 vel
451 896 604 942 turpia?
633 895 727 930 nihil
755 894 857 931 aliud
888 895 1032 931 habent
1061 894 1162 941 quod
1192 890 1480 942 respondeant,¹

180 960 297 995 quam
319 959 363 985 ea
382 949 427 984 de
445 948 584 995 quibus
605 947 687 994 lege
708 952 856 983 naturae
878 946 1106 994 disponitur.
1131 961 1147 980 ι
1171 948 1249 984 Hoc
1268 952 1338 993 est,
1356 949 1468 996 juxta

181 1000 500 1042 Pusfendorfium,
528 1010 598 1035 nos
624 1000 864 1036 obvolvimur
886 999 1030 1036 circulo
1056 999 1206 1041 vitioso,
1239 1003 1275 1035 et
1301 1002 1468 1048 petimus

182 1053 426 1100 principium.

229 1105 444 1152 Respondeo
464 1115 551 1141 cum
572 1105 710 1141 Roselli
734 1105 801 1150 Op.
823 1109 856 1141 et
877 1105 946 1141 loc.
966 1105 1031 1141 eit.
1054 1105 1092 1140 in
1111 1105 1215 1141 nullo
1237 1117 1306 1142 nos
1328 1108 1467 1144 revolvi

178 1158 335 1203 circulo,
363 1168 431 1194 nec
457 1158 576 1194 ullam
603 1168 684 1194 esse
710 1158 936 1204 petitionem
963 1158 1155 1205 principii.
1178 1159 1274 1194 Nam
1301 1160 1333 1195 si
1353 1160 1468 1197 inter-

179 1220 373 1257 rogemur,
406 1210 452 1246 de
479 1210 709 1256 quibusnam
744 1210 826 1257 lege
859 1214 1006 1245 naturae
1040 1209 1278 1257 disponitur?
1312 1223 1467 1259 respon—

179 1263 268 1299 dere
307 1262 461 1309 quidem
503 1262 715 1310 poterimus
753 1262 930 1308 (dicimus
965 1263 1196 1309 poterimus,
1237 1274 1327 1299 nam
1369 1265 1466 1301 alias

181 1315 350 1351 rationes
380 1315 489 1351 affert
520 1315 555 1351 S.
586 1314 754 1351 Thomas
785 1316 863 1360 1·11,
898 1315 966 1357 Qu.
1001 1316 1039 1360 C,
1073 1316 1189 1350 Artie.
1221 1317 1313 1361 VIII)
1346 1316 1392 1353 de
1422 1318 1467 1354 iis

180 1378 265 1415 quae
292 1378 360 1415 per
387 1378 426 1403 se
453 1371 593 1404 natura
619 1378 689 1403 sua
718 1370 805 1403 sunt
835 1367 997 1403 honesta
1022 1367 1080 1402 vel
1107 1368 1247 1414 turpia.
1276 1368 1313 1404 Si
1335 1372 1465 1417 autem

179 1422 475 1467 interrogemur,
492 1430 672 1467 quaenam
693 1420 769 1455 sint
787 1430 854 1467 per
871 1430 910 1455 se
927 1422 964 1454 et
981 1423 1121 1455 natura
1140 1429 1210 1455 sua
1230 1419 1394 1458 honesta
1409 1422 1466 1458 vel

181 1473 336 1520 turpia?
359 1472 692 1520 respondebimus,
719 1483 796 1508 non
824 1475 865 1507 ut
890 1472 1172 1508 Pussendorfius
1193 1473 1370 1520 imponit,
1399 1476 1469 1511 sci-

178 1526 265 1560 lieet
287 1535 370 1561 esse
393 1535 438 1561 ea
466 1524 512 1560 de
532 1524 670 1570 quibus
691 1525 774 1570 lege
801 1528 950 1560 naturae
972 1523 1208 1570 disponitur3
1233 1524 1298 1561 sed
1319 1536 1401 1562 esse
1422 1537 1467 1563 ea

177 1587 262 1623 quae
283 1581 371 1612 sunt
390 1587 459 1623 per
478 1587 517 1612 se
538 1579 575 1611 et
593 1579 731 1612 natura
751 1586 820 1612 sua
833 1576 1047 1612 conformia
1061 1576 1119 1612 vel
1140 1576 1334 1612 difformia
1353 1580 1481 1621 rectae,

177 1629 330 1664 rationi.
357 1630 399 1664 Et
428 1629 458 1664 si
489 1639 619 1664 rursus
649 1632 858 1674 quaeratur,
894 1639 1012 1674 quare
1041 1628 1116 1664 ista
1149 1630 1225 1664 sint
1255 1629 1468 1667 conformia

176 1681 233 1717 vel
253 1681 474 1717 difformia‘?
494 1681 827 1728 respondebimus,
849 1682 942 1728 quia
968 1685 1057 1717 sunt
1079 1682 1294 1718 conformia
1314 1682 1371 1718 vel
1399 1683 1466 1719 dif-

176 1734 315 1770 sormia
331 1734 405 1781 legi
430 1734 493 1769 Dei
515 1736 682 1770 aeternae.
705 1734 765 1769 Sic
786 1736 915 1769 autem
937 1734 1063 1769 nullus
1084 1737 1140 1769 est
1159 1734 1337 1776 circulus,
1360 1736 1466 1772 nulla

177 1786 310 1831 petitio
332 1786 519 1833 principii.

225 1838 395 1885 Objectz'o
417 1843 570 1885 quarta.
595 1853 610 1871 ‹
631 1839 811 1875 Admissa
831 1838 903 1874 hac
924 1839 982 1884 (de
1002 1839 1213 1875 intrinseca
1235 1840 1466 1888 moralitate)

177 1890 381 1935 sententia,
405 1891 443 1926 in
465 1891 624 1926 obscuro
652 1894 783 1927 manet
803 1891 963 1938 quinam
985 1891 1142 1927 demum
1169 1893 1246 1927 sint
1275 1892 1330 1927 illi
1360 1893 1474 1929 actus

178 1945 215 1979 in
246 1954 284 1980 se
315 1943 436 1979 illiciti
465 1946 501 1979 et
534 1954 610 1990 quo
638 1944 778 1980 indicio
809 1944 856 1979 ab
886 1944 968 1979 aliis
999 1944 1148 1980 actibus
1173 1944 1321 1991 liquido
1351 1944 1465 1980 inter-

175 2000 406 2043 noscantur3
435 2006 521 2043 quae
546 1997 637 2032 item
663 1997 763 2032 ratio
790 1997 839 2031 sit
866 1997 1055 2044 proxima,
1084 2007 1203 2042 quare
1226 1996 1342 2032 iidem
1371 1997 1466 2033 tales

176 2050 265 2085 sint.
291 2063 307 2081 ι

220 2102 329 2147 Resp.
358 2103 460 2147 Nego
488 2105 678 2137 assertum
707 2112 715 2137 :
744 2102 885 2137 etenim
911 2101 1091 2147 quaedam
1118 2103 1220 2145 sunt,
1249 2102 1465 2148 praesertim

175 2153 361 2200 principia
376 2154 502 2199 prima
515 2153 609 2200 legis
624 2158 786 2197 naturae,
803 2164 969 2200 quorum
984 2154 1194 2189 intrinseca
1214 2154 1465 2200 conformitas
1506 2166 1515 2202 g

174 2216 258 2241 cum
276 2209 378 2240 reela
402 2206 552 2241 ratione
572 2205 854 2241 evidentissime
874 2208 979 2252 patet
998 2205 1143 2241 lumine
1164 2206 1330 2242 naturali
1356 2206 1464 2242 intel·
1509 2202 1514 2211 ⁷

174 2258 293 2293 lectus
310 2257 445 2293 nostri.
468 2256 574 2294 Unde
593 2257 700 2292 nulla
719 2262 777 2293 est
797 2258 1010 2294 obscuritas
1029 2258 1069 2293 in
1087 2258 1133 2292 iis
1153 2258 1416 2295 decernendis.
1502 2300 1512 2311 X

222 2309 393 2356 objectio
414 2309 562 2356 quinta.
587 2323 606 2342 «
628 2309 795 2351 Quilibet
814 2314 922 2345 aetus
936 2310 1031 2346 eitra
1049 2310 1175 2356 legem
1196 2314 1285 2346 sunt
1305 2312 1463 2347 omnino

174 2362 447 2399 indifferentes.
478 2363 642 2399 Remota
669 2362 772 2398 enim
805 2362 902 2406 lege.
935 2366 1156 2399 removetur
1185 2363 1373 2410 Quidquid
1406 2366 1464 2400 est
