1584 2569
371 121 451 146 aar.
470 121 509 146 11.
533 120 576 145 ns.
595 120 737 145 aarum.
757 119 798 144 ετ
817 120 968 145 Jusrim
990 121 1089 146 nsLm
1338 115 1403 148 279

131 196 185 230 les
214 192 386 228 nationes
418 202 501 227 eam
536 195 757 227 constanter
785 195 821 226 et
851 191 1116 227 universaliter
1149 194 1402 239 praemittunt.

132 246 334 283 Consentio
354 243 603 280 nihilominus
624 248 754 279 nostro
781 244 933 287 Roselli,
954 244 1095 280 Echica
1115 245 1183 286 Qu.
1208 247 1264 283 VI.
1288 247 1403 282 Artic.

131 299 191 343 lV,
213 309 250 334 n.
271 298 352 342 479,
374 308 418 332 ex
451 307 496 332 ea
515 301 621 343 parte
648 307 724 342 qua
744 297 852 344 ponit
880 296 1161 333 solemnitatem
1189 298 1404 335 indictionis

132 363 209 388 non
227 349 476 387 essentialiter
495 350 637 396 requiri
658 349 705 384 ad
739 349 824 385 belli
841 349 1039 396 justitiam
1057 362 1068 385 .·
1091 350 1171 386 haec
1192 352 1292 386 enim
1313 363 1404 399 prae-

132 404 445 452 supponiturnon
457 403 703 438 constituitur
714 403 761 438 ab
773 402 992 446 indictione,
1009 414 1094 449 qua:
1107 405 1314 440 extrinsece
1328 405 1406 440 asli-

131 458 183 494 cit
202 457 358 499 bellum,
379 460 417 491 et
439 460 495 491 est
522 455 649 502 potius
676 455 881 491 declaratio
903 455 1005 502 quod
1024 457 1173 492 nonnisi
1196 469 1261 504 per
1283 459 1405 493 modia

132 510 297 547 violenta
329 509 589 545 controversia
617 508 921 545 internationalis
941 513 998 545 est
1026 511 1305 557 componenda.
1329 512 1406 553 Qua

133 565 178 600 de
196 573 312 599 causa
335 561 579 598 indictionem
596 571 670 596 non
692 561 802 596 retuli
824 561 921 597 inter
937 563 1153 598 essentiales
1171 564 1406 599 conditiones

128 615 287 663 justitiae
307 614 408 650 belli.

178 669 275 705 VIII.
294 668 395 702 Nou
416 667 477 702 ΙΙΙ.
499 667 549 703 De
571 667 618 702 iis
631 676 714 711 quae
731 667 832 703 bello
853 668 1016 703 durante
1033 670 1095 714 aqi
1108 672 1280 713 possunt.
1298 670 1406 704 Fran-

132 722 254 758 ciscus
274 720 439 756 Victoria
458 719 664 755 Releclione
682 720 738 761 VI,
760 719 912 766 Dejure
931 719 1030 765 belli,
1054 732 1089 756 n.
1112 723 1167 762 00,
1190 722 1286 756 int-er
1300 733 1406 757 cano-

134 785 215 818 neS‚
231 783 327 820 quos
339 771 385 808 de
398 772 497 808 bello
512 771 678 818 gerendo
694 772 815 818 ponit,
826 777 1060 819 sequentem,
1073 775 1138 820 qui
1154 778 1208 809 est
1221 773 1408 809 secundus

134 827 172 863 in
199 825 346 869 ordine,
373 824 537 860 statuit:
561 838 577 856 ι
608 824 779 860 Conssato
807 824 890 871 jam
925 835 971 861 ex
991 825 1107 872 justis
1138 827 1262 862 causis
1295 827 1408 870 hello,

134 881 285 927 oportet
303 876 398 913 illud
419 887 562 924 gerere,
586 887 661 912 non
685 877 733 913 ad
754 877 958 924 perniciem
982 879 1119 924 gentis,
1141 884 1274 915 contra
1293 890 1409 926 quam

133 931 353 969 bellandum
376 934 445 973 est,
472 929 539 965 sed
561 929 609 965 ad
629 930 935 966 consecutionem
953 931 1049 977 juris
1069 932 1141 975 sui,
1164 934 1199 967 et
1219 932 1409 968 defensio-

135 996 221 1022 nem
238 983 374 1032 patriae
388 987 425 1018 et
438 982 667 1028 Reipublicae
690 993 782 1024 suae,
798 986 835 1018 et
855 987 895 1018 ut
917 984 980 1019 illo
999 984 1096 1020 bello
1113 995 1186 1031 pax
1205 985 1410 1031 aliquando

136 1043 170 1075 et
185 1036 365 1073 securitas
384 1039 653 1082 consequatur.
678 1049 694 1068 ι
711 1055 757 1062 -
771 1037 814 1071 Et
827 1046 971 1080 revera,
996 1037 1137 1072 bellum
1158 1048 1202 1073 ex
1221 1048 1257 1073 se
1279 1041 1332 1073 est
1347 1037 1410 1074 fla-

136 1090 276 1138 gellum
293 1088 523 1136 populorum
545 1087 828 1124 atrocissimum
846 1089 894 1124 ad
915 1089 1020 1136 quod
1046 1090 1238 1135 Principes
1260 1091 1410 1126 nonnisi

135 1140 360 1190 gravissima
385 1140 610 1176 necessitate
635 1150 829 1176 recurrere
856 1140 1018 1185 debent;
1042 1152 1131 1189 ergo
1157 1153 1308 1179 necesse
1336 1154 1410 1178 non

134 1198 191 1232 est
220 1197 260 1230 ut
280 1204 346 1241 per
368 1192 632 1228 crudelitatem
654 1197 767 1240 atque
794 1193 1023 1230 inhumanas
1055 1195 1218 1230 saevitias
1247 1196 1411 1231 atrocius

136 1250 217 1284 fiat.
248 1247 332 1282 Haec
352 1245 469 1281 dictat
487 1245 721 1281 humanitas.
746 1266 789 1272 -
820 1246 1000 1288 Quaerens
1022 1253 1154 1283 autem
1185 1249 1221 1284 S.
1245 1247 1411 1284 Thomas

135 1302 229 1344 ΙΙ-ΙΙ,
251 1299 319 1341 Qu.
342 1298 412 1340 XL,
434 1298 549 1333 Artio.
565 1299 626 1342 ΙΙΙ,
653 1298 785 1334 Utrum
804 1299 855 1334 sit
876 1299 1023 1335 licitum
1051 1300 1091 1335 in
1112 1299 1219 1336 bellis
1238 1301 1297 1336 uti
1315 1301 1412 1337 insi-

135 1353 227 1396 diis,
254 1350 458 1397 respondet
489 1349 605 1397 quod,
628 1364 643 1382 ‹
678 1351 826 1387 insidioe
859 1351 1085 1387 ordinantur
1117 1352 1164 1388 ad
1205 1352 1412 1389 fallendum

135 1407 276 1441 hostes.
293 1403 500 1450 Dupliciter
514 1406 640 1438 autem
656 1403 794 1449 aliquis
815 1407 940 1450 potest
960 1404 1039 1440 falli
1061 1415 1108 1441 ex
1128 1405 1227 1442 facto
1242 1406 1298 1442 vel
1313 1406 1412 1442 dicto

137 1457 307 1495 alterius.
336 1456 416 1492 Uno
446 1456 560 1492 modo
585 1466 629 1492 ex
657 1466 700 1491 eo
734 1457 837 1502 quod
857 1457 890 1492 ei
913 1457 1051 1493 dicitur
1077 1457 1230 1502 falsum,
1260 1458 1319 1494 vel
1339 1469 1412 1495 non

136 1514 308 1547 servatur
329 1509 587 1555 promissum3
610 1512 646 1544 et
674 1509 775 1545 istud
809 1519 959 1556 semper
984 1512 1040 1546 est
1065 1510 1266 1556 illicitum;
1289 1515 1325 1546 et
1343 1512 1413 1547 hoc

137 1562 251 1599 modo
270 1561 393 1596 nullus
417 1561 527 1596 debet
556 1561 685 1597 hostes
711 1561 854 1598 fallere.
884 1563 978 1598 Sunt
1003 1562 1104 1599 enim
1129 1563 1308 1610 quaedam
1328 1564 1413 1610 jura

72 1636 77 1638 <
137 1616 323 1652 bellorum
338 1617 373 1649 et
387 1613 531 1660 scedera
546 1614 660 1650 etiam
677 1615 775 1650 inter
790 1615 890 1661 ipsos
910 1616 1030 1652 hostes
1049 1617 1249 1659 servanda,
1268 1622 1310 1653 ut
1328 1618 1412 1652 Am-

85 1683 88 1686 *
139 1669 285 1704 brosius
305 1667 392 1702 dicit
412 1667 449 1702 in
468 1667 533 1702 lib.
555 1667 610 1703 De
637 1668 793 1714 officiis.
814 1688 859 1694 —
885 1668 966 1704 Alio
995 1669 1110 1705 modo
1137 1669 1274 1717 aliquis
1292 1672 1413 1717 potest

137 1720 214 1756 salli
235 1731 281 1754 ex
302 1719 402 1754 dicto
422 1718 477 1754 vel
498 1719 596 1754 facto
615 1724 759 1763 nostro,
783 1721 873 1766 quia
890 1720 923 1756 ei
941 1723 1195 1767 propositum,
1222 1726 1288 1758 aut
1308 1722 1414 1758 intel-

139 1773 278 1809 lectum
324 1782 400 1807 non
439 1772 630 1817 aperimus
658 1784 665 1807 :
697 1772 769 1807 hoc
805 1777 934 1808 autem
984 1784 1135 1820 semper
1179 1775 1301 1810 facere
1339 1785 1414 1811 non

137 1829 314 1861 tenemur
338 1824 408 1869 (40,
442 1824 514 1867 VI),
537 1824 628 1870 quia
647 1824 762 1859 etiam
794 1825 832 1859 in
853 1825 1025 1861 doctrina
1058 1837 1166 1862 sacra
1187 1827 1310 1862 multa
1329 1832 1414 1863 sunt

139 1876 377 1919 occultanda,
417 1876 581 1911 maxime
619 1876 846 1921 infidelibus,
891 1888 937 1913 ne
968 1879 1166 1923 irrideant,
1208 1880 1414 1916 secundum

139 1929 232 1965 illud
251 1927 380 1964 Matth.
406 1929 461 1963 vn
483 1928 638 1964 :Nolite
663 1933 834 1964 sanctum
854 1929 946 1965 dare
971 1930 1144 1966 canibus.
1169 1927 1272 1968 Unde
1296 1933 1414 1968 multo

138 1981 263 2028 magis
288 1991 346 2025 ea,
373 1990 456 2026 quae
483 1979 531 2015 ad
562 1981 866 2028 impugnandum
895 1981 1068 2018 inimicos
1100 1994 1295 2029 paramus,
1327 1989 1413 2020 sunt

138 2035 190 2070 eis
208 2032 444 2070 occultanda.
476 2033 578 2069 Unde
608 2034 706 2069 inter
731 2038 856 2070 cetera
885 2034 1113 2071 documenta
1145 2037 1198 2072 rei
1224 2037 1413 2080 militaris,

139 2088 211 2123 hoc
227 2087 415 2133 praecipue
441 2086 596 2132 ponitur
615 2085 660 2122 de
681 2086 916 2122 occultandis
944 2089 1127 2132 consiliis,
1150 2099 1197 2126 ne
1219 2089 1264 2125 ad
1287 2090 1413 2126 hostes

139 2139 401 2187 perveniant...
421 2140 464 2174 Et
477 2138 561 2174 talis
577 2139 777 2175 occultatio
797 2140 961 2186 pertinet
979 2140 1026 2176 ad
1043 2142 1232 2178 rationem
1251 2143 1413 2179 insidia-

140 2202 237 2237 rum,
260 2192 396 2239 quibus
416 2191 562 2227 licitum
587 2196 644 2227 est
662 2192 716 2227 uti
733 2192 771 2227 in
792 2192 900 2228 bellis
921 2195 1049 2239 Justis.
1073 2195 1147 2230 Nec.
1168 2197 1319 2241 proprie
1341 2196 1411 2231 hua

141 2243 305 2290 jusmodi
332 2243 477 2279 insidiae
498 2248 679 2279 vocantur
708 2244 875 2289 fraudes,
906 2256 973 2282 nec
998 2247 1158 2291 Justitiae
1186 2253 1410 2294 repugnant.

142 2306 210 2332 nec
237 2295 421 2331 ordinata}
442 2296 637 2332 voluntati.
674 2297 777 2332 Esset
809 2298 910 2333 enim
936 2299 1155 2335 inordinata
1174 2300 1362 2344 voluntas,
1383 2311 1413 2336 si

143 2347 278 2395 aliquis
297 2347 407 2384 vellet
427 2347 522 2385 nihil
540 2349 611 2385 sibi
638 2350 684 2387 ab
705 2352 790 2387 aliis
809 2353 1005 2389 occultari.
1030 2368 1043 2384 ι
