1584 2569
226 117 306 142 Anr.
334 117 374 142 ιι.
391 118 434 143 02.
456 118 535 141 «πῖ.
559 117 646 141 nou.
662 116 781 146 Quom
801 117 949 141 rnoxmi
974 117 1235 142 Pnnrncnorzrn
1305 108 1366 141 177

97 187 257 223 maxime
273 188 345 234 ipsi
362 187 618 234 reperiuntur,
640 187 687 223 ad
703 186 967 223 occultandam
982 198 1089 223 suam
1104 198 1219 233 quam
1235 190 1366 234 putant

98 240 306 285 veritatem,
328 240 585 287 dogmatizare
605 239 860 275 mendacium.
884 253 903 272 »
923 259 968 265 —
985 239 1137 274 Grotius
1155 250 1256 283 vero,
1277 239 1367 273 falsa

97 303 164 327 sua
185 291 320 328 ductus
337 291 559 328 definitione
580 292 782 337 mendacii,
801 291 873 328 hoc
896 292 1105 339 generatim
1126 292 1217 327 dicit
1237 293 1377 326 immo-

98 344 192 389 rale3
220 343 286 380 sed
312 345 452 392 excipit
474 345 644 391 quinque
670 355 778 380 casus
798 345 837 380 in
863 344 1001 391 quibus
1027 344 1270 379 mendacium
1293 343 1369 379 vult

95 407 222 433 carere
235 397 326 433 vitio
348 407 358 432 ε
381 399 417 432 1⁰
437 397 468 432 si
501 397 593 443 quid
616 396 753 432 salsum
774 395 924 432 dicatur
944 396 1092 441 infanti,
1115 401 1180 432 aut
1204 397 1372 438 amenti3

100 469 139 474 -
156 451 194 485 2⁰
221 450 252 485 si
269 450 314 494 is,
330 449 377 485 ad
396 460 510 496 quem
532 460 656 485 sermo
673 449 863 496 dirigitur,
880 460 956 485 non
977 448 1201 496 decipiatur,
1222 449 1370 485 etiamsi

98 502 229 537 tertius
255 501 391 549 aliquis
419 502 506 538 inde
533 502 666 537 falsam
694 502 845 538 hauriat
867 502 1172 550 persuasionem3
1199 522 1244 527 —-
1277 502 1315 535 3⁰
1341 505 1371 539 si

95 553 275 601 deceptus
291 565 368 590 non
389 555 438 590 sit
458 565 558 602 aegre
578 555 726 590 laturus
746 554 1022 601 deceptionem,
1041 565 1085 590 ex
1104 564 1179 600 qua
1205 564 1377 590 commo-

95 606 188 642 dum
207 606 363 654 aliquod
383 608 416 644 ei
432 608 624 655 provenit;
655 627 699 634 —
719 608 757 643 40
771 608 802 643 si
823 608 907 654 quis
925 607 1063 643 habeat
1083 608 1146 654 jus
1167 606 1371 654 superemi-

96 670 188 696 nens
204 660 243 695 in
255 661 345 707 jura
361 660 539 705 aliorum,
562 665 604 695 ut
621 661 826 707 imperium
847 660 1031 696 habentes
1051 661 1089 696 in
1110 660 1310 704 societate;
1331 679 1364 684 —

94 714 132 745 5⁰
148 712 180 747 si
202 712 279 748 vita
299 713 513 748 innocentis
530 718 596 748 aut
610 712 754 759 aliquid
772 712 995 760 hujusmodi
1010 714 1150 749 servari
1169 712 1280 747 aliter
1296 722 1368 747 non

94 768 233 810 potest.
260 784 306 791 —
334 765 498 806 Quartus
524 775 632 801 casus
657 766 855 802 constituit
881 765 1077 812 politicam
1101 763 1367 800 Macchiavelli.

96 815 201 852 Unde
216 816 439 864 Talleyrand
461 817 600 853 dixisse
620 817 740 853 fertur
761 828 769 853 :
796 817 1010 854 Sermonem
1037 828 1061 853 a
1081 822 1224 852 natura
1244 817 1368 852 datum

94 879 169 904 esse
181 869 233 904 ad
248 869 493 905 occultandas
508 871 641 906 mentis
654 870 873 914 sententias;
886 874 923 906 et
936 881 1006 906 nos
1020 870 1237 905 audivimus
1252 869 1370 904 homi-

94 931 181 956 nem
202 921 401 968 politicum
418 922 569 969 publice
589 922 801 958 exclamare
819 933 828 957 :
856 923 1017 958 Vei-itate
1031 922 1134 957 haud
1155 932 1263 968 posse
1285 932 1372 956 rem-

92 973 289 1019 publicam
302 973 524 1021 yubernari.
706 1018 711 1020 Π

152 1027 193 1062 V.
209 1027 474 1063 Praenotamen
489 1028 668 1072 primum.
680 1027 898 1062 Notandum
915 1028 1105 1074 imprimis
1120 1027 1371 1073 quaestionem

95 1089 173 1114 esse
194 1078 239 1115 de
259 1079 459 1115 mendacio
478 1080 606 1115 stricte
626 1084 795 1127 sumpto,
815 1090 891 1115 non
911 1090 999 1115 vero
1019 1079 1064 1115 de
1080 1080 1277 1115 sententiis
1298 1089 1371 1114 am-

97 1131 236 1177 biquis,
261 1131 333 1168 hoc
351 1137 406 1168 est
427 1132 588 1179 duplicis
621 1143 766 1177 sensus,
800 1143 886 1179 quae
919 1131 1131 1168 dummodo
1159 1132 1252 1167 tales
1282 1132 1371 1174 sint,

96 1183 191 1218 nihil
205 1183 348 1220 habent
371 1184 506 1220 illiciti.
537 1185 593 1220 Ita
611 1185 648 1220 S.
666 1184 908 1228 Athanasius,
934 1185 1161 1220 satellitibus
1181 1184 1308 1219 missis
1328 1183 1372 1218 ad

95 1247 183 1272 cum
203 1236 446 1283 capiendum,
464 1238 680 1283 ipsumque,
702 1248 816 1283 quem
834 1248 910 1273 non
932 1238 1238 1284 suspicabantur,
1261 1237 1373 1271 inter-

95 1289 333 1336 rogantibus,
360 1300 408 1324 an
431 1289 682 1325 Athanasium
703 1289 911 1336 fugientem
938 1289 1106 1333 vidisset,
1138 1287 1335 1334 respondit
1360 1295 1368 1324 :

97 1342 296 1386 Festinate,
316 1352 392 1377 non
412 1342 511 1377 enim
535 1353 559 1377 α
585 1341 689 1377 vobis
713 1342 869 1377 multum
891 1342 1022 1377 discat.
1048 1341 1188 1376 Revera
1208 1340 1372 1375 multum

97 1405 171 1429 non
192 1394 378 1440 distabat3
401 1394 467 1430 sed
495 1395 675 1430 satellites
696 1399 871 1430 errarunt
898 1395 936 1429 in
963 1393 1214 1440 intelligentia
1234 1392 1369 1428 distan-

97 1447 160 1482 tioe
179 1446 225 1482 de
246 1457 321 1493 qua
348 1446 577 1483 Athanasius
597 1447 837 1493 loquebatur.
865 1467 909 1472 —
937 1446 1117 1482 Consulto
1148 1450 1276 1480 tamen
1294 1444 1372 1480 dixi

95 1499 292 1535 dummodo
311 1499 389 1536 sint
410 1500 502 1536 tales
523 1511 535 1535 :
556 1510 645 1535 nam
661 1500 692 1534 si
713 1499 902 1535 sententia
916 1499 953 1534 in
975 1509 1013 1534 se
1034 1509 1111 1534 non
1135 1498 1275 1533 habeat
1294 1508 1373 1533 am-

95 1551 336 1600 biguitatem,
368 1552 433 1589 sed
460 1552 533 1600 ipsi
565 1563 587 1588 a
606 1556 733 1588 mente
763 1557 799 1588 et
826 1553 863 1588 in
895 1556 1022 1587 mente
1050 1551 1210 1586 dicentis
1239 1549 1373 1586 adnec-

97 1605 191 1640 titur
209 1605 307 1641 alius
327 1616 459 1642 sensus
488 1605 634 1641 alienus
663 1616 685 1640 a
705 1605 893 1641 sententia
925 1605 1007 1652 ipsa
1031 1603 1289 1639 communiter
1317 1613 1374 1638 ac-

96 1661 227 1704 cepta3
246 1668 323 1693 non
340 1662 397 1694 est
413 1658 601 1694 sententia
619 1657 814 1704 ambigua,
836 1656 901 1693 sed
922 1667 1018 1704 pura
1030 1656 1223 1692 restrictio
1237 1660 1370 1691 menta-

98 1708 159 1754 lis,
179 1720 264 1755 quae
285 1720 307 1745 a
325 1710 525 1746 mendacio
546 1720 674 1746 revera
688 1720 765 1744 non
784 1709 1045 1756 distinguitur.
1063 1726 1108 1733 -
1127 1708 1180 1743 Cf.
1203 1707 1374 1750 Billuart,

100 1761 237 1797 Cursus
247 1761 422 1808 theolog„
435 1762 597 1797 Tractat.
608 1761 867 1807 Dereliyione,
878 1760 1188 1804 etc.Dissert.1X,
1201 1761 1314 1795 Artic.
1327 1760 1372 1793 Il.

143 1814 203 1849 VI.
224 1815 492 1850 Praenotamen
517 1815 695 1849 alterum.
723 1813 831 1855 Quod
858 1813 1024 1849 diximus
1043 1813 1088 1848 de
1108 1813 1372 1859 ambiguitate,

99 1865 199 1901 idem
212 1865 416 1902 dicendum
431 1870 486 1901 est
498 1865 543 1901 de
556 1865 735 1912 prudenti
747 1864 1001 1901 occultatione
1015 1865 1198 1900 veritatis.
1212 1864 1259 1899 Ut
1274 1864 1375 1899 enim

99 1922 197 1954 recte
216 1918 448 1966 Augustinus
476 1918 567 1953 dicit
588 1918 625 1953 in
656 1917 754 1953 libro
775 1918 830 1953 De
857 1917 1053 1953 mendacio
1074 1917 1164 1963 Cap.
1183 1917 1225 1961 X,
1242 1928 1279 1952 n.
1305 1918 1344 1952 17
1366 1928 1374 1952 z

99 1983 118 2002 ιι
129 1970 231 2006 Licet
242 1971 359 2017 igitur
368 1970 426 2006 vel
436 1969 632 2006 dissertori
646 1980 690 2005 ac
701 1969 928 2016 disputatori
939 1973 1053 2014 atque
1066 1967 1307 2015 praedicatori
1322 1979 1376 2003 re-

100 2033 183 2057 rum
205 2027 449 2067 aeternarum,
469 2023 529 2058 vel
550 2023 739 2059 narratori
757 2021 813 2057 vel
830 2021 1112 2068 pronuntiatori
1135 2031 1263 2056 rerum
1285 2025 1376 2056 tem-

100 2075 289 2121 poralium
309 2075 357 2112 ad
383 2075 650 2112 aedificandam
678 2075 902 2122 religionem
923 2078 1037 2120 atque
1064 2074 1244 2120 pietatem
1264 2074 1375 2119 perti-

102 2128 287 2173 nentium,
303 2127 491 2165 occultare
506 2128 547 2163 in
563 2133 722 2174 tempore
735 2126 924 2174 quidquid
938 2126 1202 2163 occultandum
1215 2126 1375 2162 videtur.

100 2180 249 2216 Mentiri
260 2185 388 2217 autem
400 2191 612 2227 numquam
624 2181 722 2217 licet.
736 2180 833 2226 Ergo
845 2189 913 2215 nec
924 2180 1113 2216 occultare
1123 2178 1347 2214 mentiendo.
1360 2193 1374 2211 n

146 2234 224 2269 VII.
244 2234 485 2272 Mendacium
498 2238 558 2270 est
570 2244 639 2279 per
659 2243 699 2270 se
719 2237 759 2269 et.
775 2233 984 2268 intrinsece
1000 2234 1156 2276 malum,
1176 2236 1212 2266 et
1236 2230 1320 2267 ideo
1339 2232 1376 2266 in

101 2285 206 2321 nullo
240 2296 328 2322 casu
362 2291 419 2322 est
451 2287 622 2331 licitum3
652 2286 728 2322 sive
754 2286 803 2320 sit
832 2285 1075 2321 mendacium
1100 2284 1375 2330 perniciosum,

102 2336 205 2384 quod
222 2338 334 2374 alicui
349 2339 491 2386 injuste
502 2343 636 2385 nocet;
654 2339 728 2374 sive
744 2338 792 2373 sit
800 2337 986 2384 jocosum,
1001 2348 1136 2384 nempe
1147 2347 1234 2373 cum
1252 2336 1374 2373 inten-
