1584 2569
735 102 834 129 ωε*
1366 95 1421 129 339

394 223 864 270 PHILOSOPHIAE
901 225 1190 271 MORALIS

657 313 744 339 PAns
775 313 911 338 ALTERA

583 372 663 409 SEU
690 373 765 410 JUS
792 373 990 409 NATURAE

147 469 309 512 Prologus
329 490 1323 506 ..................
1368 473 1423 504 123

612 603 747 639 LIBER
782 603 957 639 PRIMUS

434 699 486 731 DE
522 700 622 730 JURE
664 701 842 731 NATURAE
882 701 1138 733 INDIVIDUALI

147 801 309 842 Prologus
331 823 1325 838 ...................
1370 803 1424 834 124

584 907 753 947 CAPUT
791 908 991 948 PRIMUM

355 1000 406 1028 DE
433 1001 527 1029 JURE
556 1001 604 1028 ΕΤ
634 999 785 1029 ormoro
810 1001 1033 1029 GENERArm
1062 1001 1221 1031 SUMPTIS

146 1087 309 1129 Prologus
325 1112 1311 1122 ...................
1376 1090 1426 1124 ib.

144 1148 227 1181 Assr.
245 1148 276 1181 1.
300 1148 349 1180 De
369 1150 499 1180 natura
521 1150 553 1180 et
573 1148 806 1181 divisionibus
815 1148 929 1189 juris.
951 1166 991 1173 —
1012 1150 1037 1181 Ι.
1051 1149 1144 1181 Juris
1159 1149 1254 1182 notio
1270 1157 1330 1181 no—

228 1195 384 1227 minalis.
409 1213 448 1218 —
468 1196 512 1227 11.
538 1195 633 1228 Juris
664 1195 758 1228 notio
783 1196 899 1227 realis.
928 1214 966 1219 —
992 1196 1053 1228 111.
1076 1196 1138 1228 Jus
1161 1196 1329 1236 objective

227 1247 406 1283 sumptum
423 1246 456 1274 et
471 1242 676 1284 subjective.
697 1258 737 1266 -
756 1242 811 1274 1v.
828 1243 924 1275 Juris
942 1242 1067 1275 dIvisio
1081 1247 1119 1275 ut
1139 1248 1192 1274 est
1206 1244 1271 1274 lex.
1292 1260 1330 1266 -

227 1289 266 1321 V.
289 1288 384 1321 Juris
415 1289 540 1321 divisio
574 1289 740 1330 objective
769 1289 913 1329 accepti.
937 1306 977 1314 -
1004 1288 1059 1321 VI.
1090 1289 1218 1321 Divisio
1244 1289 1332 1330 juris

228 1335 418 1376 subjective
438 1336 583 1377 accepti.
600 1352 640 1361 —
655 1336 724 1369 VII.
742 1336 888 1377 Dejuris
906 1336 1179 1378 proprietatibus
1200 1345 1261 1368 seu
1282 1341 1331 1368 at—

227 1382 379 1414 tributis.
407 1399 446 1407 -
471 1383 561 1415 VIII.
592 1383 767 1415 Limitatio
795 1383 897 1424 juris.
918 1399 958 1407 —
990 1382 1043 1415 IX.
1072 1384 1204 1415 Jurium
1234 1383 1331 1415 colli-

229 1429 291 1462 sio.
313 1447 352 1453 —
371 1430 407 1462 X.
433 1430 570 1463 CoactIO
591 1439 630 1463 ex
647 1431 725 1471 jure
770 1453 1325 1464 ...........
1386 1430 1429 1463 ib.

145 1488 224 1522 Ari-r.
249 1489 293 1521 ΙΙ.
314 1489 364 1521 De
377 1493 511 1522 natura
526 1492 558 1522 et
580 1490 754 1522 divisione
767 1489 984 1531 officiorum.
997 1506 1038 1514 —
1052 1490 1079 1521 Ι.
1097 1488 1208 1521 Officii
1222 1488 1329 1521 notio.

228 1552 268 1561 -·
287 1536 327 1569 11.
352 1536 550 1569 Corollaria.
574 1554 613 1561 —
642 1537 702 1570 111.
724 1536 889 1570 Generica
916 1535 1039 1568 divisio
1058 1535 1265 1568 officiorum.
1289 1552 1328 1559 --

229 1582 284 1615 IV.
307 1583 425 1615 Officia
441 1583 590 1624 juridica
607 1588 640 1616 et
659 1593 727 1616 non
751 1583 901 1625 juridIca
945 1606 1329 1616 ........
1379 1584 1428 1614 127

146 1642 223 1675 ΛΒΤ.
249 1642 307 1674 111.
329 1642 378 1675 De
390 1641 480 1683 jure
499 1646 531 1675 et
550 1642 669 1684 officio
689 1643 783 1675 inter
797 1651 832 1675 se
852 1643 1080 1683 comparatis.
1104 1659 1144 1666 —
1165 1643 1191 1674 1.
1214 1643 1331 1681 Quaes-

231 1688 353 1721 tiones.
382 1706 422 1714 —
453 1690 496 1721 ΙΙ.
526 1690 728 1729 Ontologioe
756 1689 929 1730 loquendo
954 1689 1050 1730 prius
1074 1694 1127 1722 est
1144 1689 1203 1730 jus
1224 1698 1327 1730 quam

229 1736 396 1768 officium.
417 1753 457 1761 -
474 1737 531 1768 ΙΙΙ.
552 1737 711 1768 Attamen
731 1736 767 1769 in
788 1745 937 1777 persona
955 1735 1078 1768 morali
1101 1740 1214 1768 creata
1234 1735 1329 1776 prius

229 1788 281 1815 est
297 1783 450 1815 officium
471 1791 578 1825 quam
598 1784 669 1824 jus.
690 1800 730 1808 -
748 1784 805 1815 1v.
827 1783 1060 1816 Praenotiones
1073 1782 1115 1814 ad
1130 1783 1330 1814 solvendam

231 1830 460 1870 quaestionem
475 1831 516 1862 de
537 1832 765 1871 suspensione
780 1830 881 1871 juris.
896 1846 936 1853 —
950 1830 985 1860 V.
997 1828 1073 1861 Alia
1094 1830 1330 1870 praenotanda.

229 1893 268 1902 —
289 1877 345 1909 VI.
366 1878 465 1910 Nulla
488 1877 676 1911 necessitas
699 1876 816 1909 eximit
842 1878 884 1909 ab
916 1875 1139 1918 adimplendo
1163 1880 1327 1918 praecepte

231 1924 391 1966 negativo
412 1924 497 1966 legis
518 1925 700 1957 naturalis.
724 1941 764 1948 —
786 1924 859 1956 VII.
883 1923 1077 1956 Necessitas
1106 1926 1259 1955 extrema
1281 1921 1334 1955 vel

230 1971 336 2004 etiam
374 1972 485 2012 gravis
511 1971 631 2004 eximit
662 1972 704 2004 ab
736 1971 849 2004 officio
882 1969 1097 2011 adimplendi
1123 1973 1331 2010 praeceptum

230 2018 319 2059 legis
340 2019 508 2052 naturalis
531 2019 716 2060 positIvum
737 2028 745 2059 3
764 2018 955 2051 dummodo
972 2017 1145 2058 exemptio
1158 2018 1201 2050 ab
1220 2017 1333 2050 officio

231 2066 394 2107 praecepti
429 2066 569 2107 positivi
608 2076 677 2100 non
714 2066 866 2098 involvat
899 2064 1214 2106 transgressionem
1244 2073 1331 2106 prae—

230 2113 320 2155 cepti
339 2113 502 2155 negativi.
526 2130 566 2139 —
587 2114 676 2147 VIII.
697 2113 922 2147 corollarium
939 2136 947 2144 .
994 2136 1001 2144 .
1049 2137 1057 2144 .
1158 2134 1167 2144 .
1213 2135 1221 2143 .
1268 2135 1276 2144 .
1323 2136 1329 2143 .
1381 2112 1434 2143 130

149 2170 228 2204 Aur.
243 2170 298 2204 IV.
310 2171 360 2205 De
373 2171 530 2214 subjecto
541 2172 643 2214 juv-is
658 2175 691 2205 et
704 2171 830 2214 officii.
844 2188 884 2196 —
898 2172 924 2204 1.
941 2172 1104 2210 Quaestio.
1116 2186 1156 2195 —
1171 2171 1213 2203 11.
1229 2171 1333 2202 Bruta

233 2219 382 2260 aliaeque
418 2224 585 2254 creaturae
614 2219 831 2253 irrationales
863 2227 939 2252 esse
970 2223 1148 2261 nequeunt
1178 2217 1333 2259 subjecta

230 2266 375 2306 jurium,
396 2271 648 2309 consequenter
679 2266 774 2300 nullo
799 2266 913 2300 officio
935 2265 1198 2308 adstninguntur
1220 2265 1331 2297 homi-

233 2321 296 2346 nes
315 2322 398 2356 erga
422 2315 492 2348 illa.
515 2331 556 2341 --
581 2315 640 2347 III.
667 2315 716 2348 De
743 2313 898 2356 antiquis
926 2315 1160 2347 Romanorum
1182 2312 1330 2354 legibus.

232 2360 343 2395 -1v.
367 2361 518 2396 Solvitur
533 2361 679 2405 objectio
724 2382 1329 2395 ...........
1377 2359 1433 2392 133
