1584 2569
408 107 488 133 nr.
516 106 571 133 111.
600 106 642 133 DE
667 104 865 132 mamm:
889 103 1052 131 cunum(
1310 89 1375 124 307

88 179 157 214 bus
179 178 310 224 fuisse,
328 177 476 215 cultum
501 178 727 226 praecepisse
747 177 1048 214 determinatum
1084 174 1293 212 Ecclesiam
1319 182 1377 206 ca·

88 231 274 268 tholioam
308 231 549 268 constituisse
586 235 628 267 ut
659 231 813 268 unicam
852 230 1081 278 magistram
1129 229 1167 263 in
1204 228 1251 263 iis
1290 236 1377 274 quae

88 284 316 331 religionem
343 285 565 333 respiciunt,
595 286 710 332 atque
742 283 904 331 proinde
932 293 1011 319 non
1042 291 1126 318 esse
1163 279 1377 328 approban-

88 337 183 373 dum
205 337 277 374 nisi
297 337 444 374 cultum
463 337 512 374 ab
531 337 700 373 Ecclesia
719 337 922 379 sancitum,
943 335 991 372 ab
1010 335 1091 383 ipso
1110 334 1186 369 Deo
1205 341 1376 380 praecep-

89 395 187 429 tum·

135 444 197 480 1v.
212 445 326 481 Nou.
351 445 523 482 Solvitur
537 444 760 481 difficultas.
781 444 910 480 Dices:
928 442 964 478 vi
983 440 1170 478 libertatis
1190 439 1375 480 cultuum,

90 498 209 533 etiam
244 495 434 534 catholica
451 496 619 534 Ecclesia
649 497 768 533 libere
794 496 941 532 cultum
970 504 1084 530 suum
1111 502 1286 529 exercere
1313 500 1378 537 po-

90 552 176 594 test,
204 559 292 585 cum
312 554 460 596 contra,
488 560 534 587 ea
562 549 726 593 sublata,
759 548 929 586 aufertur
946 551 984 584 et
1013 547 1086 594 ipsi
1113 544 1288 582 Ecclesiae
1310 553 1378 579 sua

89 601 254 649 juridica
279 601 450 639 libertas.
482 623 529 629 —
562 602 788 650 Respondeo
819 600 891 637 hoc
930 610 1050 648 genus
1082 594 1378 646 argumentandi

91 665 173 691 esse
195 654 245 691 ad
264 654 393 691 fucum
414 654 649 699 faciendum,
667 659 704 691 et
730 664 791 691 res
807 652 1040 691 confundere
1060 661 1146 699 quae
1173 653 1261 687 sunt
1280 650 1378 684 inter

92 718 132 743 se
151 707 341 744 distinctae
359 710 396 744 et
414 707 710 756 distinguendae.
732 708 781 743 De
795 707 971 744 libertate
992 706 1093 741 enim
1114 704 1288 740 cultuum
1310 701 1378 737 du-

92 761 240 808 pliciter
255 761 362 809 loqui
389 772 608 809 possumus,
636 760 688 798 ad
706 760 894 797 hominem
913 764 950 796 et
973 758 1142 796 absolute
1159 758 1212 803 (L.
1237 757 1279 792 41
1302 755 1376 801 XI).

93 813 154 850 Ad
177 813 378 857 hominem,
411 819 547 851 contra
573 814 658 851 illos
694 824 830 862 nempe
859 813 926 861 qui
957 812 1174 849 libertatem
1206 809 1378 846 cultuum

93 866 350 914 proclamant,
362 870 400 903 et
410 870 540 903 tamen
554 867 667 914 (sicut
681 877 704 903 a
722 867 919 903 Rousseau
934 865 980 902 de
994 864 1171 901 libertate
1185 862 1378 899 conscien-

93 919 158 956 tiae
184 918 416 966 audivimus)
443 920 651 957 Ecclesiam
677 922 830 965 vexant,
858 928 1020 964 eamque
1047 916 1252 963 prohibent
1280 924 1378 962 quo-

94 972 221 1008 minus
246 971 366 1008 libere
397 977 573 1009 exerceat
601 973 802 1020 proprium
834 971 992 1016 cultum,
1023 969 1096 1006 hoc
1128 968 1243 1005 modo
1270 977 1382 1013 argu-

94 1029 316 1062 mentamur
335 1035 344 1061 :
365 1026 442 1062 Aut
465 1025 624 1063 libertas
641 1025 817 1062 cultuum
838 1027 894 1061 est
915 1022 1157 1060 admittenda
1182 1024 1224 1057 ut
1247 1019 1378 1056 verum

95 1078 327 1126 principium
345 1078 499 1124 sociale,
521 1082 588 1115 aut
602 1089 722 1115 secus.
744 1078 781 1114 Si
794 1075 1034 1114 admittenda
1054 1079 1123 1118 est,
1137 1085 1227 1121 ergo
1241 1073 1381 1120 injuste

94 1135 132 1167 et
152 1130 465 1167 irrationabiliter
483 1131 735 1178 probibentur
753 1130 934 1167 catholici
953 1129 1163 1177 quominus
1181 1126 1246 1163 illa
1264 1125 1380 1162 liber-

95 1187 174 1220 tate
204 1183 404 1229 fruantur;
436 1185 467 1220 si
496 1188 626 1221 autem
654 1194 776 1228 secus,
808 1194 899 1230 ergo
929 1182 1082 1218 nonnisi
1114 1191 1182 1228 per
1211 1179 1381 1215 solemne

96 1235 342 1273 mendacium
359 1236 533 1273 cultuum
558 1235 715 1273 libertas
743 1236 1018 1281 proclamatur.
1044 1233 1136 1276 Quae
1159 1243 1250 1269 sane
1272 1242 1366 1278 argu

96 1288 283 1325 mentatio
302 1291 406 1325 recta
425 1293 482 1326 est
501 1291 539 1326 et
556 1288 797 1326 adversarios
817 1287 1042 1336 perstringit
1060 1297 1069 1322 :
1091 1285 1192 1322 unde
1212 1288 1248 1321 et
1260 1285 1382 1323 Eccle-

97 1342 154 1378 sia
171 1341 256 1389 ipsa
283 1341 473 1379 catholica
498 1353 584 1379 eam
612 1352 689 1378 non
720 1340 962 1388 dedignatur,
991 1339 1058 1375 sed
1091 1348 1176 1376 eam
1210 1340 1317 1384 urget
1343 1340 1384 1372 ut

96 1395 182 1442 jura
206 1405 286 1431 suae
304 1394 494 1432 libertatis
523 1395 716 1432 defendat.
750 1415 795 1420 —-
814 1396 862 1430 At
890 1392 929 1428 id
960 1403 1036 1429 non
1070 1392 1255 1438 importat
1280 1390 1384 1438 quod

95 1446 271 1483 cultuum
282 1447 441 1484 libertas
454 1448 576 1495 possit
591 1446 743 1484 defendi
760 1446 929 1483 absolute
942 1456 965 1482 a
984 1444 1194 1482 catholicis.
1214 1443 1384 1480 Libertas

97 1500 202 1536 enim
221 1499 397 1537 cultuum
412 1501 453 1537 in
467 1511 506 1537 se
527 1502 699 1548 spectata
720 1503 777 1536 est
791 1497 961 1536 absurda
974 1500 1012 1534 et
1030 1497 1163 1544 impia,
1186 1501 1227 1531 ut
1246 1495 1383 1542 proba-

97 1557 182 1589 tum
203 1556 275 1589 est.
294 1554 393 1601 Ergo
413 1553 629 1590 absurdum
648 1558 685 1590 et
699 1552 865 1601 impium
883 1555 939 1588 est
958 1561 1043 1588 eam
1065 1549 1238 1587 absolute
1259 1548 1383 1586 defen-

99 1605 203 1642 dere.
225 1606 269 1642 Et
286 1607 463 1653 quamvis
483 1618 529 1643 ex
541 1606 609 1644 tali
627 1606 805 1643 libertate
817 1605 998 1642 oriuntur
1014 1602 1248 1651 quandoque
1269 1602 1383 1647 bona,

98 1669 236 1705 nempe
257 1659 539 1696 catholicorum
564 1659 734 1703 libertas,
763 1669 840 1695 non
866 1660 1072 1705 propterea
1093 1655 1270 1693 catholici
1300 1665 1383 1692 eam

100 1712 275 1748 absolute
301 1711 438 1749 docere
459 1716 526 1749 aut
553 1711 756 1749 defendere
782 1715 964 1758 possunt;
993 1719 1071 1746 non
1104 1710 1206 1745 enim
1238 1708 1383 1744 licitum

100 1768 158 1800 est
185 1764 309 1801 dicere
340 1775 510 1801 errorem
538 1764 588 1801 ad
613 1768 863 1812 apparentem
896 1762 1157 1799 defensionem
1186 1761 1383 1797 veritatis:

103 1830 120 1849 ι
149 1816 188 1854 Si
207 1816 311 1853 enim
329 1816 469 1853 veritas
495 1817 562 1853 Dei
594 1817 633 1853 in
666 1826 752 1853 meo
786 1814 984 1852 mendacio
1018 1813 1227 1851 abundavit
1250 1814 1288 1849 in
1311 1813 1383 1860 glo-

101 1869 202 1906 riam
223 1868 357 1916 ipsius,
378 1868 470 1917 quid
499 1868 625 1906 adhuc
646 1873 682 1905 et
702 1879 773 1916 ego
800 1872 986 1914 tanquam
1014 1870 1191 1914 peccator
1209 1865 1384 1913 judicor?

101 1921 148 1958 Et
178 1932 256 1957 non
284 1921 397 1969 (sicut
425 1922 754 1970 blasphemamur,
788 1925 825 1958 et
858 1922 955 1957 sicut
987 1920 1093 1956 aiunt
1128 1919 1285 1966 quidam
1319 1929 1383 1954 noa

102 1973 243 2021 dicere)
268 1974 456 2012 faciamus
482 1975 585 2012 mala
604 1977 645 2011 ut
673 1974 827 2011 veniant
845 1973 972 2010 bona:
1002 1981 1169 2022 quorum
1191 1971 1382 2009 damnatio

103 2025 207 2073 iusta
224 2030 293 2065 est.
316 2041 335 2062 n
356 2028 520 2067 -Rom.
542 2028 605 2073 111,
626 2030 646 2064 7
667 2032 705 2065 et
724 2028 763 2067 8.
