1554 2569
101 139 184 166 ΛΚΤ.
220 140 271 165 Vl.
305 141 349 167 DE
379 142 572 168 PRlNCIPlIs
604 143 840 169 uoRALITAns
872 143 1097 169 HUMANARUM
1128 141 1311 166 ACTIONCM
1347 131 1391 165 59

102 220 183 247 sese
196 212 534 259 exponitpericulo
549 214 725 260 proximo
741 213 908 261 ponendi
924 214 1113 249 actionem
1130 211 1387 255 inhonestam,

101 266 140 298 et
165 263 382 300 offendendi
403 265 537 308 Deum,
561 271 598 301 et
619 267 813 303 avertendi
834 277 915 303 sese
935 267 982 303 ab
1004 266 1141 302 ultimo
1159 265 1247 301 siue.
1277 265 1388 306 Quod

92 314 257 363 ‘quidem
278 319 335 353 est
354 328 512 366 prorsus
533 319 796 356 inhonestum.

516 430 770 467 ARTICULUS
805 431 976 469 SEXTUS

710 514 780 559 (14)

228 593 282 629 De
297 594 513 641 principiis
531 596 767 631 moralitatis
789 595 1045 631 humanarum
1066 594 1272 638 actionum,

149 677 178 712 1.
198 677 324 714 Prima
342 678 496 714 bonitas
515 679 578 714 vel
595 680 746 715 malitia
763 683 875 716 actus
894 679 1053 715 humani
1073 682 1133 714 est.
1152 689 1198 714 ex
1224 678 1382 723 objecto*

102 730 304 767 Probatur.
332 730 483 766 Dictum
510 736 566 766 est
592 741 709 776 supra
734 734 783 776 (9,
805 733 850 777 11)
868 731 972 778 quod
995 732 1138 767 bonum
1160 731 1217 766 vel
1244 731 1389 766 maium

103 782 268 817 actionis
292 782 486 826 humanae,
515 783 613 818 sicut
637 789 673 819 et
696 787 911 819 ceterarum
939 794 1081 824 rerum,
1113 782 1325 818 attenditur
1344 793 1390 817 ex

103 834 340 881 plenitudiue
373 835 523 871 essendi
551 836 585 871 ei
612 836 756 880 debita,
782 836 838 872 vel
866 847 912 871 ex
939 836 1087 872 defectu
1115 836 1248 882 ipsius.
1274 835 1391 882 Atqui

102 886 269 934 primum
298 887 403 935 quod
436 887 485 923 ad
515 889 794 935 plenitudinem
828 890 977 925 essendi
1006 890 1045 924 iu
1071 899 1110 924 re
1146 898 1391 935 quacumque

51 984 57 990 ὁ
92 940 291 985 pertinere
315 940 477 982 videtur,
503 944 561 976 est
577 940 616 976 id
631 941 735 987 quod
756 941 827 987 ipsi
849 942 902 977 rei
925 942 990 978 dat
1014 942 1205 987 speeiem3
1228 941 1325 975 sicut
1354 941 1391 974 in

103 992 260 1028 homine
285 992 410 1040 prima
435 992 587 1028 essendi
618 994 818 1040 plenitudo
850 999 906 1029 est
930 993 1032 1041 quod
1058 994 1106 1030 sit
1134 1004 1210 1029 non
1240 992 1390 1028 animal

102 1049 270 1089 tantum,
289 1045 356 1082 sed
375 1045 479 1093 quod
498 1046 547 1081 sit
563 1047 787 1090 rationalis,
809 1057 876 1093 per
896 1057 1014 1094 quam
1032 1046 1287 1082 differentiam
1306 1056 1388 1092 spe-

27 1097 32 1100 ’
64 1098 206 1160 (vitice
219 1098 608 1135 constituiturhomo.
629 1101 725 1146 Ergo
743 1100 912 1146 prImum
929 1099 1032 1146 quod
1048 1099 1096 1135 ad
1111 1099 1390 1146 plenitudinem

63 1165 72 1190 i
102 1150 254 1187 essendi
273 1151 437 1188 actionis
449 1150 632 1188 humanae
643 1153 821 1199 pertinet,
841 1158 897 1189 est
912 1153 951 1189 id
969 1152 1073 1200 quod
1089 1152 1233 1188 actioni
1252 1152 1390 1187 morali

55 1192 71 1219 ⁵¹
103 1204 169 1240 dat
195 1204 372 1251 speciem.
403 1205 516 1250 Atqui
543 1204 582 1240 id
607 1205 712 1251 quod
737 1204 802 1240 dat
822 1206 989 1252 speciem
1008 1208 1064 1241 est
1085 1204 1271 1251 objectum
1288 1204 1389 1239 circa

45 1253 54 1275 x.
103 1256 208 1303 quod
233 1259 270 1291 et
288 1256 337 1292 ad
360 1256 464 1303 quod
488 1261 626 1293 natura
647 1268 718 1293 sua
736 1258 968 1293 terminatur
986 1259 1060 1303 (Ps.
1080 1259 1137 1298 21.
1157 1258 1190 1292 11
1210 1261 1246 1292 et
1268 1257 1390 1303 seqq.)

40 1217 140 1431 {et
157 1308 260 1356 quod
281 1309 330 1344 ad
351 1310 542 1345 actionem
559 1320 598 1345 se
615 1309 730 1346 habet.
745 1315 786 1345 ut
801 1310 883 1356 ejus
901 1310 1133 1357 principium
1153 1309 1328 1355 formale,
1346 1319 1391 1343 eo

103 1361 347 1398 sermemodo
359 1373 435 1410 quo
450 1361 575 1397 forma
584 1363 851 1398 substantialis
863 1363 1056 1409 specificat
1067 1366 1103 1398 et
1113 1361 1337 1397 denominat
1353 1363 1391 1396 in

104 1414 239 1450 ceteris
253 1413 368 1450 rebus
380 1414 454 1460 (Ps.
472 1416 528 1459 5¹,
547 1415 622 1460 VI).
643 1415 743 1461 Ergo
758 1416 883 1461 prima
892 1416 1044 1451 bonitas
1055 1419 1160 1450 aetus
1170 1414 1327 1449 moralis
1341 1419 1393 1449 at·

108 1466 328 1503 tenditurex
336 1467 500 1514 objecto,
512 1478 590 1503 non
602 1468 825 1514 simpliciter
840 1472 1009 1515 accepto,
1023 1468 1088 1503 sed
1105 1471 1145 1502 ut
1161 1472 1217 1503 est
1230 1467 1391 1510 morale,

109 1530 175 1556 seu
194 1524 237 1556 ut
256 1519 344 1556 dicit
363 1520 540 1556 ordinem
558 1521 831 1557 convenientiae
849 1521 898 1556 ad
910 1521 1124 1567 appetitum
1144 1520 1391 1561 rationalem,

107 1583 172 1608 seu
193 1572 242 1608 ad
261 1573 452 1610 rationem
471 1575 519 1619 (9,
539 1574 594 1619 V).
616 1574 708 1616 Quae
727 1574 854 1620 prima
874 1574 1025 1610 bonitas
1045 1576 1150 1609 actus
1172 1573 1310 1608 dicitur
1329 1572 1393 1607 ho-

105 1625 207 1661 nitas
218 1636 264 1661 ex
274 1636 418 1672 qenere,
434 1636 501 1661 seu
516 1626 668 1662 bonitas
684 1627 863 1673 specifica
878 1631 997 1671 actus,
1017 1631 1111 1672 puta
1127 1627 1186 1661 uti
1198 1637 1237 1660 re
1250 1636 1333 1660 sua.
1348 1644 1393 1650 —-

87 1677 289 1734 <Similiter
301 1689 347 1714 ex
360 1678 508 1714 ratione
524 1679 716 1726 opposita,
730 1679 857 1725 prima
871 1678 1023 1714 malitia
1034 1679 1072 1714 in
1088 1678 1392 1714 actionibusmo-

94 1730 313 1767 rahhusest
321 1741 368 1767 ex
376 1731 540 1778 objecto,
552 1731 655 1778 quod
665 1742 742 1767 non
752 1732 1005 1767 estvoluntati
1018 1731 1246 1766 conveniens
1262 1740 1394 1765 secun-

85 1768 200 1825 (dum
212 1784 422 1829 rationem3
436 1784 532 1819 sicut
544 1785 713 1830 accipere
725 1795 802 1820 rem
811 1784 992 1820 alienam.
1006 1784 1097 1826 Quae
1107 1784 1232 1830 prima
1242 1782 1394 1818 malitia

92 1839 215 1882 3actus
234 1835 395 1871 humani
415 1835 552 1871 dicitur
571 1837 718 1872 malum
739 1847 784 1872 em
797 1847 942 1883 genere,
960 1847 1026 1872 seu
1048 1836 1197 1872 malitia
1217 1835 1394 1882 specifica

93 1890 214 1924 actus
231 1887 403 1924 moralis.
423 1907 469 1913 —
484 1888 563 1933 1-11,
585 1888 655 1930 Qu.
682 1889 804 1930 XVIII,
826 1889 943 1924 Artic.
965 1889 1011 1924 II.
1029 1908 1075 1914 —
1095 1889 1189 1923 Hinc
1209 1888 1246 1922 in
1270 1887 1393 1922 aetio-

91 1938 220 1977 fnibus
252 1940 432 1976 humanis
462 1944 550 1976 ante
583 1941 713 1976 omnia
744 1940 1021 1976 attendendum
1052 1945 1108 1976 est
1133 1940 1180 1976 ad
1208 1939 1394 1985 objectum

78 1987 206 2033 jcirca
224 1992 328 2040 quod
343 1996 432 2029 sunt
445 1992 541 2028 sicut
557 1993 658 2028 circa
675 1992 876 2039 proprium
893 1993 1125 2036 terminum3
1149 1992 1179 2027 si
1201 1991 1393 2037 objectum

81 2038 88 2078 >f
106 2049 165 2081 est
182 2049 296 2082 reotae
313 2045 455 2082 rationi
469 2045 710 2090 conveniens,
727 2045 824 2080 siout
838 2055 928 2080 usus
938 2046 996 2080 rei
998 2045 1187 2091 proprioe,
1205 2045 1304 2080 actio
1323 2045 1395 2079 erit

74 2119 87 2137 ..-
107 2098 282 2145 specifice
305 2097 427 2141 bona3
454 2099 485 2133 si
511 2097 704 2144 obJ'eetum
731 2097 925 2133 discordat
943 2108 965 2133 a
983 2101 1089 2133 recta
1108 2097 1270 2140 ratione,
1299 2096 1395 2132 sieut

74 2172 85 2193 -„
107 2150 278 2197 accipere
305 2161 383 2187 rem
405 2150 585 2195 alienam,
615 2151 715 2186 actio
742 2151 813 2186 erit
835 2150 1102 2192 essentialiter,
1126 2160 1192 2186 seu
1220 2150 1394 2196 specifice

80 2232 84 2242 ,
108 2202 225 2239 mala.
246 2223 290 2229 -—
309 2204 396 2240 Haec
409 2203 623 2249 propositio
644 2207 702 2238 est
717 2202 851 2238 intime
871 2213 1044 2239 connexa
1057 2213 1146 2238 oum
1166 2205 1306 2238 natura
1320 2212 1396 2237 esse

0 2287 6 2291 .
109 2255 268 2292 moralis
282 2257 330 2300 (9,
351 2256 427 2301 IV).

68 2302 77 2326 ⁷'
154 2307 203 2344 11.
226 2308 321 2352 Quid
340 2308 420 2344 siut
437 2309 744 2345 circumstantiae
765 2311 923 2344 actuum
941 2309 1210 2344 humanorum.
1234 2308 1396 2343 Nomina

110 2370 240 2396 rerum
257 2361 494 2397 sensibilium
509 2372 594 2408 quae
612 2361 778 2398 notiorIa
791 2366 894 2404 sunt,
911 2361 1034 2397 solent
1049 2371 1071 2397 a
1085 2361 1195 2397 nobis
1211 2359 1395 2407 appIIcari
