1584 2569
159 105 238 131 An‘r.
265 104 315 131 vr.
336 104 381 131 nn
402 105 601 132 rorrsnrss
623 105 814 131 :unicum
843 105 1001 132 rou‘rlcAE
1028 103 1284 131 Auci-omnus
1304 94 1372 129 249

89 176 179 213 laris
200 176 238 212 in
265 177 446 213 societate
473 177 640 213 existens
665 181 913 225 eomparatur
932 177 980 213 ad
1009 177 1131 224 ipsam
1153 176 1375 212 societatem

89 230 188 266 sicut
208 240 296 277 pars
315 229 364 266 ad
387 234 524 266 totum.
543 230 726 266 Videmus
746 235 874 267 autem
892 229 996 276 quod
1022 230 1053 265 si
1071 229 1185 265 saluti
1206 229 1376 275 corporis

90 281 250 318 humani
274 283 451 330 expediat
477 283 652 330 praecisio
681 283 841 331 alicujus
867 283 1046 327 membri,
1073 286 1180 329 puta,
1209 292 1295 317 cum
1321 286 1377 317 est

89 335 290 382 putridum
316 336 375 372 vel
413 336 676 383 corruptivum
706 336 870 372 aliorum
900 336 1179 379 membrorum,
1205 334 1376 369 laudabi-

89 387 178 424 liter
195 392 234 424 et
265 388 470 424 salubriter
491 388 743 424 abscinditur.
776 388 889 436 Ergo,
920 387 1115 424 concludit
1143 387 1180 422 S.
1210 386 1377 422 Thomas

90 439 189 476 11-11.
212 440 282 481 Qu.
303 441 423 477 LXIV.
444 441 560 477 Artic.
583 441 628 476 11.
656 455 671 473 «
703 441 740 476 Si
761 440 898 488 aliquis
928 440 1045 476 homo
1066 440 1115 476 sit
1141 439 1379 486 periculosus

89 493 374 538 communitati,
387 494 801 541 etcorruptivusipsius
814 498 972 541 propter
988 492 1145 539 aliquod
1161 497 1376 540 peccatum,

89 545 336 582 laudabiliter
350 551 387 583 et
404 547 609 583 salubriter
625 547 825 591 occiditur,
844 551 888 582 ut
903 547 1050 583 bonum
1065 556 1271 582 commune
1289 555 1376 580 con-

89 603 275 635 servetur:
292 599 486 636 Modicum
496 600 598 635 enim
611 600 836 646 fermentum
850 604 965 635 totam
979 609 1143 635 massam
1151 597 1376 643 corrumpit,

90 656 133 686 ut
150 650 290 688 dicitur
309 651 322 686 1
343 651 391 687 ad
409 651 494 687 Cor.
517 652 559 688 V.
583 666 600 685 ι
619 673 664 678 -
684 652 765 694 Quo
787 652 825 687 in
840 662 929 688 casu
948 652 1112 687 habetur
1131 661 1246 697 poena
1273 660 1377 696 repa-

91 704 210 740 ratrix
222 704 368 740 ordinis
376 705 539 750 socialis,
553 706 617 752 qui
633 716 701 752 per
711 706 874 741 crimina
887 704 1042 740 laeditur
1058 716 1067 749 3
1085 709 1245 751 etpoena
1262 703 1376 738 habet

92 757 281 793 rationem
291 757 490 794 medicinae
503 769 579 794 non
592 757 748 804 quidem
765 758 940 794 membro
955 757 1122 793 abscisso
1134 755 1199 792 sed
1211 756 1375 803 corpori,

91 820 168 845 non
187 820 252 846 reo
273 811 338 857 qui
359 810 558 854 occiditur,
578 810 643 847 sed
669 811 820 858 corpori
846 810 976 847 sociali
997 809 1100 856 quod
1121 820 1189 856 per
1211 812 1376 844 mortem

91 861 144 897 rei
171 866 429 898 conservatur.
452 883 496 889 —
515 862 611 898 Addi
642 863 758 899 etiarn
787 866 915 910 potest
947 861 1050 909 quod
1088 861 1294 898 christiane
1326 860 1378 896 lo-

92 913 245 960 quendo
265 918 324 950 est.
339 915 456 952 etiam
477 915 606 962 aliquo
628 915 745 951 modo
763 914 956 951 medicina
973 925 1052 960 reo,
1074 915 1140 962 qui
1161 913 1312 950 rediens
1330 912 1378 949 ad

90 977 169 1012 cor,
186 977 342 1014 poenam
362 967 435 1003 sibi
452 967 622 1003 debitam
644 968 837 1015 patienter
853 968 1029 1011 sustinet,
1051 971 1088 1003 et
1104 977 1245 1013 corpus
1265 966 1375 1002 amit·

91 1018 222 1064 tendo,
243 1020 415 1056 animam
437 1021 569 1056 salvat.

136 1071 200 1108 Ex
213 1074 464 1118 proportione
477 1083 600 1119 poenoe
619 1083 703 1110 cum
721 1073 871 1109 delicto.
893 1072 971 1108 Hoc
991 1072 1223 1119 principium
1240 1071 1343 1118 quod
1358 1082 1377 1106 a

91 1125 268 1161 Beccaria
298 1126 509 1162 assumitur
543 1130 580 1162 et
611 1130 771 1173 urgetur
801 1125 850 1161 ad
881 1126 945 1172 Jus
974 1124 1148 1172 capitalis
1180 1125 1376 1160 sententia?

91 1177 375 1225 denegandum,
395 1178 532 1225 probat
543 1179 673 1225 potius
692 1177 865 1225 eJ'usdem
876 1178 975 1224 juris
993 1178 1252 1213 existentiam.
1268 1177 1377 1221 Nam,

90 1234 132 1265 ut
159 1230 304 1277 optime
332 1232 586 1267 ratiocinatur
610 1231 681 1267 loc.
710 1231 774 1267 cit.
797 1230 845 1267 ad
878 1233 911 1275 3,
935 1230 972 1266 S.
1003 1230 1184 1275 Thomas,
1207 1244 1226 1263 «
1258 1231 1377 1265 Homo

90 1282 284 1329 peccando
305 1283 352 1319 ab
367 1282 501 1319 ordine
522 1283 683 1319 rationis
703 1282 846 1319 recedit
863 1294 870 1318 :
893 1287 931 1319 et
951 1282 1036 1319 ideo
1053 1281 1194 1318 decidit
1211 1293 1233 1318 a
1254 1281 1377 1329 digni-

93 1339 169 1372 tate
188 1335 374 1382 humana‚
409 1340 525 1384 prout
548 1336 690 1372 scilicet
710 1336 827 1372 homo
854 1340 911 1372 est
945 1335 1173 1371 naturaliter
1200 1335 1310 1379 liber,
1343 1340 1376 1370 et

90 1393 250 1436 propter
267 1390 436 1437 seipsum
454 1390 633 1435 existens,
654 1394 692 1425 et
711 1388 847 1425 incidit
863 1388 1153 1436 quodammodo
1169 1389 1208 1423 in
1220 1389 1375 1424 servitu-

94 1447 170 1477 tem
185 1441 410 1488 bestharum,
431 1446 473 1478 ut
490 1443 633 1479 scilicet
647 1442 694 1478 de
713 1442 796 1489 ipso
815 1442 1027 1486 ordinetur,
1045 1441 1255 1477 secundum
1274 1441 1375 1487 quod

92 1499 148 1530 est
168 1495 261 1530 utile
283 1494 381 1531 aliiS.
400 1515 445 1520 —
462 1495 508 1530 Et
527 1495 613 1531 ideo
634 1495 808 1542 quamvis
824 1494 1022 1530 hominem
1041 1494 1080 1529 in
1101 1504 1170 1530 sua
1188 1493 1377 1541 dignitate

91 1552 313 1585 manentem
326 1547 498 1585 occidere
517 1549 566 1584 sit
585 1547 797 1584 secundum
808 1558 847 1584 se
857 1546 1018 1592 malum,
1035 1551 1163 1583 tamen
1178 1546 1375 1582 hominem

90 1606 332 1647 peccatorem
353 1600 523 1637 occidere
540 1605 666 1649 potest
695 1611 776 1637 esse
799 1601 959 1645 bonum,
981 1600 1079 1636 sicut
1105 1599 1276 1635 occidere
1297 1599 1375 1635 bes-

93 1654 202 1689 tiam.
223 1654 336 1701 Pej0r
354 1654 458 1690 enim
479 1658 536 1691 est
552 1654 678 1690 malus
695 1653 828 1699 homo,
849 1663 967 1700 quam
988 1653 1123 1697 bestia,
1146 1657 1183 1688 et
1208 1652 1294 1699 plus
1314 1662 1377 1687 no-

94 1710 166 1742 cet.
191 1720 207 1739 ι
228 1706 274 1742 Et
293 1706 383 1743 hinc
402 1711 460 1743 est
479 1707 582 1754 quod
604 1706 795 1751 homines,
815 1707 881 1753 qui
901 1706 955 1742 rei
972 1705 1231 1752 quorumdam
1252 1705 1378 1740 crimi-

93 1769 187 1795 num
204 1760 316 1803 fiunt,
333 1763 374 1794 ut
393 1760 472 1795 vita
487 1758 637 1806 indigni
657 1759 856 1795 communi
872 1758 1062 1794 sententia
1077 1757 1315 1804 judicantur.
1334 1777 1379 1782 —

93 1810 139 1847 Et
158 1821 204 1847 ex
226 1810 299 1847 hac
318 1815 425 1859 parte
447 1821 562 1859 poena
591 1811 726 1858 capitis
753 1815 811 1848 est
838 1811 1007 1846 maxime
1026 1810 1267 1856 exemplaris,
1289 1810 1380 1856 quia

93 1863 243 1910 justitia
256 1862 428 1900 humana
441 1863 536 1900 alios
556 1863 721 1900 deterret
736 1874 759 1899 a
774 1863 948 1907 crimine,
967 1863 1100 1906 vitam,
1122 1872 1240 1908 quam
1260 1861 1378 1898 homo

93 1915 324 1952 naturaliter
340 1920 379 1952 et
397 1915 645 1953 vehementer
662 1920 781 1960 amat,
802 1915 990 1951 violenter
1006 1914 1214 1950 auferendo
1227 1914 1301 1949 illis
1314 1915 1378 1961 qui

94 1970 174 2005 vita
189 1969 368 2006 rationali
388 1969 603 2005 abutuntur
616 1973 654 2005 et
673 1968 804 2004 bestiis
824 1968 1100 2004 assimilantur.

139 2023 202 2059 XI.
213 2022 332 2059 NOTA.
345 2023 557 2060 Solvuntur
565 2022 830 2059 difficultates.
845 2021 918 2068 Obj
921 2021 1014 2057 ectio
1017 2021 1163 2067 prima.
1176 2020 1230 2056 Ex
1242 2020 1378 2057 Statis·

96 2076 185 2112 licis
203 2079 355 2112 constat
373 2075 478 2123 quod
491 2086 608 2123 supra
623 2079 778 2112 centum
793 2075 1034 2119 criminosos,
1051 2075 1249 2121 octoginta
1264 2084 1376 2120 quan-

95 2128 222 2176 doque
247 2128 392 2165 inventi
414 2132 505 2165 sunt
531 2128 598 2176 qui
617 2127 848 2165 adstiterant
867 2127 1050 2163 inssitioni
1078 2136 1204 2175 poenae
1239 2127 1376 2174 capita·

95 2181 154 2217 lis.
174 2181 275 2230 Ergo
292 2191 407 2230 poena
425 2181 600 2229 capitalis
619 2192 697 2218 non
722 2184 779 2217 est
799 2180 1041 2227 exemplaris.

143 2234 252 2282 Reep.
271 2234 376 2282 Nego
393 2234 717 2282 consequentiam:
738 2233 794 2269 Ad
820 2232 894 2270 hoc
913 2233 1016 2269 enim
1044 2236 1088 2269 ut
1107 2236 1380 2279 argumentum

95 2285 313 2332 concludat,
334 2297 486 2325 necesse
501 2292 558 2324 est
577 2292 620 2323 ut
639 2286 782 2324 nedum
802 2290 1073 2323 recenseantur
1097 2285 1236 2333 quibus
1257 2296 1379 2321 exem-

98 2339 205 2385 plum
225 2340 399 2388 capitalis
415 2340 614 2377 sententiae
633 2350 711 2376 non
730 2339 888 2387 profuit,
910 2338 976 2376 sed
996 2338 1114 2376 etiam
1135 2338 1275 2385 quibus
1296 2349 1380 2385 pro-
