1584 2569
435 146 514 171 Arx-r.
543 147 567 171 1.
595 147 638 172 DE
662 147 804 171 NATURA
831 147 1042 171 miramomi
1316 139 1375 171 187

89 218 229 265 inquit,
264 218 409 265 nuptiae
451 218 508 254 vel
553 218 866 262 matrimonium,
907 219 988 254 viri
1021 218 1265 264 mulierisque
1297 229 1376 253 con·

85 272 236 317 junctio
261 271 457 307 maritalis
482 271 582 306 inter
611 271 800 318 legitimas
818 282 1002 317 personas
1027 271 1271 306 individuam
1292 272 1377 306 victe

89 324 393 360 consuetudinem
417 324 595 360 retinens.
616 344 660 351 —-
684 324 776 366 Quae
802 324 969 360 secunda
989 324 1176 367 definitio,
1205 325 1378 370 quamvis

89 377 372 424 aliquantulum
392 376 639 422 enucleatior,
662 381 716 414 est
739 377 873 414 eadem
894 387 938 413 ac
954 377 1082 424 prima
1102 376 1244 412 tradita
1261 388 1282 412 a
1293 377 1378 424 jure

92 440 264 465 romano.
935 432 944 434 '
963 431 998 434 W

137 482 377 528 ConJunctio.
398 483 475 519 Hoc
488 486 546 519 est
567 494 686 530 genus
701 484 741 519 in
759 483 981 519 definitione
999 483 1238 519 matrimonii
1259 493 1266 517 :
1290 494 1378 518 nam

88 535 381 572 matrimonium
402 539 458 571 est
481 536 519 571 in
541 546 677 583 genere
704 536 999 582 conjunctionis.
1028 536 1256 582 Conjunctio
1277 536 1378 571 enim

88 588 364 625 adunationem
387 588 597 635 quamdam
619 589 823 636 importat,
845 594 1122 636 consequenter
1147 589 1379 635 ubicumque

88 645 145 677 est
164 641 347 677 adunatio
362 641 546 688 plurium,
569 642 620 677 ibi
639 646 695 677 est
710 642 838 688 aliqua
855 642 946 678 unio
963 642 1020 678 vel
1037 642 1271 689 conjunctio.
1288 642 1379 683 Quae

90 705 176 731 vero
206 693 436 730 ordinantur
465 694 513 730 ad
544 694 701 741 aliquod
731 706 866 740 unum,
889 695 1070 730 dicuntur
1097 695 1135 731 in
1164 694 1297 732 ordine
1333 694 1377 729 ad

88 746 183 782 illud
218 746 401 792 adunari3
439 748 537 784 sicut
563 747 675 782 multi
711 747 886 783 homines
916 748 1137 783 adunantur
1177 746 1224 784 ad
1263 757 1380 783 unam

90 800 267 835 militiam
293 800 352 835 vel
377 801 681 848 negotiationem
707 800 985 847 exequendam,
1016 812 1062 836 ex
1092 811 1167 846 qua
1200 799 1380 836 dicuntur

87 853 359 888 commilitones
385 851 433 888 ad
453 853 628 897 invicem,
649 853 708 888 vel
728 853 829 889 socii
855 853 1141 899 negotiationis.
1168 853 1263 888 Cum
1290 862 1380 898 ergo

86 916 155 953 per
178 905 472 940 matrimonium
495 905 722 940 ordinentur
741 906 797 941 vir
820 910 857 941 et
877 906 1016 941 mulier
1041 905 1089 941 ad
1117 916 1234 941 unam
1271 915 1381 952 gene·

89 959 276 994 rationem
297 962 334 993 et
353 956 620 994 educationem
650 958 781 1005 prolis,
809 963 846 993 et
872 959 1011 994 iterum
1039 958 1085 994 ad
1117 969 1234 993 unam
1262 959 1380 993 vitam

88 1009 362 1055 domesticam3
384 1014 535 1046 constat
555 1010 659 1056 quod
685 1011 979 1046 matrimonium
1010 1015 1066 1046 cst
1093 1011 1271 1057 quaedam
1296 1022 1381 1047 con-

82 1064 245 1110 junctio,
268 1062 479 1099 secundum
500 1073 617 1109 quam
635 1062 775 1099 dicitur
791 1064 956 1099 maritus
976 1068 1012 1099 et
1032 1073 1131 1099 umor
1147 1075 1159 1099 .·
1186 1074 1272 1110 quae
1296 1074 1381 1099 con-

83 1116 231 1163 junctio
258 1126 304 1152 ex
324 1116 398 1152 hoo
416 1115 521 1162 quod
548 1115 750 1152 ordinatur
766 1116 813 1152 ad
837 1116 993 1162 aliquod
1012 1127 1147 1161 unum,
1172 1120 1228 1152 est
1250 1116 1382 1152 matri-

85 1170 267 1205 monium.
287 1189 332 1195 —
353 1168 412 1204 IV.
430 1169 525 1204 Dist.
547 1169 688 1213 XXVII,
707 1169 776 1210 Qu.
800 1170 827 1214 I,
849 1170 927 1204 Art.
953 1170 980 1213 Ι,
998 1180 1058 1214 qu.
1083 1171 1115 1205 1.

140 1222 225 1258 Viri
244 1226 276 1257 et
291 1221 479 1257 mulieris.
500 1222 595 1257 Nam
623 1222 917 1257 matrimonium
939 1221 1140 1257 ordinatur
1160 1222 1207 1257 ad
1227 1233 1382 1269 genera-

89 1275 231 1310 tionem
257 1274 388 1321 prolis,
419 1284 505 1320 quae
529 1275 683 1309 nonnisi
710 1284 777 1321 per
811 1274 950 1309 diversi
981 1285 1093 1310 sexus
1129 1285 1379 1321 personarum

86 1328 403 1364 commixtionem
426 1331 553 1373 potest
580 1326 726 1362 haberi.
750 1326 855 1363 Unde
877 1328 976 1363 inter
998 1338 1181 1374 personas
1210 1328 1382 1374 ejusdem

86 1391 199 1416 sexus
225 1380 342 1416 variae
370 1380 654 1426 conjunctionis
685 1380 828 1426 species
849 1390 929 1415 esse
950 1385 1125 1427 possunt,
1148 1392 1225 1416 non
1253 1384 1379 1416 autem

88 1434 178 1469 unio
198 1443 286 1479 quae
303 1433 352 1468 sit
368 1433 675 1468 matrimonium.

129 1486 377 1522 Indiuiduam
413 1486 501 1522 vicoe
535 1486 842 1522 consuetudinem
879 1486 1063 1531 retinens,
1104 1497 1181 1522 non
1221 1486 1378 1532 quidem

77 1543 276 1589 ,quantum
296 1538 344 1575 ad
370 1542 478 1575 actus
507 1538 720 1586 singulares
747 1539 946 1585 utriusque
964 1539 1154 1586 conjugis,
1184 1549 1274 1574 nam
1295 1550 1383 1575 cum

76 1596 246 1639 ,uterque
266 1592 306 1628 in
330 1589 580 1627 matrimonio
611 1591 774 1627 retineat
803 1592 1116 1638 personalitatem
1147 1590 1382 1636 distinctam,

75 1643 302 1693 {singulares
329 1648 436 1681 actus
463 1644 664 1680 distinctos
694 1644 837 1691 pariter
864 1644 1003 1680 habeat
1032 1655 1185 1680 necesse
1212 1648 1290 1689 est3
1317 1644 1382 1680 sed

77 1702 281 1744 'quantum
301 1697 350 1734 ad
376 1698 769 1734 communicationem
796 1698 1053 1744 conjugalem.
1082 1697 1245 1742 Etenim,
1274 1702 1384 1734 notat

92 1750 129 1785 S.
157 1750 338 1795 Thomas,
362 1763 379 1783 ‹
408 1751 505 1786 sicut
534 1750 612 1786 vita
639 1750 758 1786 civilis
784 1760 861 1785 non
888 1750 1074 1796 importat
1100 1754 1228 1785 actum
1255 1751 1384 1797 singu-

71 1803 209 1839 ·larem
238 1803 354 1849 hujus
382 1803 440 1838 vel
471 1803 586 1847 illius,
618 1802 682 1838 sed
718 1813 763 1838 ea
785 1813 870 1848 quae
909 1803 956 1838 ad
992 1803 1384 1838 communicationem

89 1856 240 1891 civilem
261 1855 476 1903 pertinent;
507 1855 562 1890 ita
581 1855 658 1890 vita
681 1855 894 1901 conjugalis
917 1855 1014 1890 nihil
1037 1859 1093 1890 est
1126 1855 1232 1892 aliud
1266 1866 1383 1902 quam

88 1909 326 1945 conversatio
352 1907 401 1944 ad
427 1908 819 1943 communicationem
847 1907 962 1943 talem
984 1908 1191 1954 pertinens.
1220 1908 1266 1943 Et
1296 1908 1382 1944 ideo

88 1965 293 2009 quamtum
310 1960 358 1996 ad
377 1961 476 1997 hanc
491 1961 624 2005 vitam,
641 1971 792 2007 semper
810 1960 865 2004 (in
881 1960 1123 2007 conjuyibus)
1144 1960 1383 2008 consuetudo

88 2017 146 2051 est
170 2013 367 2050 individua
403 2015 480 2058 (scu
511 2013 711 2058 indivisa),
740 2013 913 2059 quamvis
939 2013 988 2048 sit
1016 2013 1163 2048 diversa
1195 2017 1383 2059 quantum

89 2066 137 2103 ad
171 2070 279 2104 actus
317 2067 531 2114 singulares
571 2067 783 2112 utriusque.
817 2080 836 2098 »
866 2086 911 2091 —
937 2065 993 2102 Jb.
1026 2066 1141 2102 Artic.
1179 2066 1206 2109 1,
1247 2077 1309 2112 qu.
1349 2067 1382 2102 3.

82 2118 136 2155 'ad
164 2122 197 2155 3.

134 2172 201 2220 111.
224 2174 383 2209 Mutuus
403 2183 613 2210 consensus
643 2174 848 2218 coniugum
878 2175 938 2209 est
968 2182 1083 2209 causa
1110 2173 1280 2208 efficiens
1306 2182 1386 2208 ma»

89 2226 279 2263 trimonii.
310 2226 536 2273 Conjunctio
561 2226 663 2262 enim
691 2226 759 2261 viri
791 2230 827 2260 et
856 2225 1028 2261 mulieris
1063 2225 1110 2261 ad
1145 2224 1384 2260 individuam

30 2313 38 2327 2
85 2278 208 2327 'vitam
228 2278 266 2314 in
293 2278 406 2314 rebus
435 2278 656 2315 domesticis
676 2277 904 2322 ducendam,
934 2278 972 2313 in
993 2289 1068 2325 quo
1090 2278 1384 2313 matrimonium

24 2334 34 2372 ,’
91 2331 296 2367 consistere
325 2331 509 2378 diximus,
532 2343 609 2368 non
627 2335 684 2367 est
705 2342 727 2368 a
742 2335 880 2367 natura
896 2332 996 2367 inter
1009 2331 1284 2367 determinatas
1303 2341 1388 2377 per-

82 2386 211 2420 ³sonas
230 2385 455 2432 praescripta
476 2395 485 2421 z
513 2395 591 2422 non
611 2384 713 2421 enim
733 2385 789 2420 vir
813 2384 842 2420 A
868 2387 1018 2421 tenetur
1037 2384 1239 2420 mulierem
1263 2383 1387 2420 deter-
