1584 2569
226 137 290 169 4ξῦ
341 145 398 169 JUS
418 145 580 170 NATURAE.
602 144 673 170 Lm.
696 146 721 170 Ι.
749 145 827 170 CAP.
848 144 888 169 11.
910 144 954 169 DE
971 144 1045 169 01²8.
1067 144 1156 170 ΗΟΙ.
1182 143 1275 170 ERGA
1296 143 1388 169 minu

223 220 395 252 nostram
415 216 485 253 sub
520 217 644 264 specie
671 216 882 253 divinitatis
907 216 1082 253 colimus.
1102 215 1208 253 Unde
1226 215 1506 253 naturali-imus

221 273 277 305 est
297 273 431 316 aperta
449 279 537 305 cum
554 270 677 316 seipso
699 268 964 306 contradictio.

267 322 327 359 VI.
340 323 457 358 NOTA.
470 323 521 359 De
539 323 779 359 revelatione
790 323 1087 360 rationalistica.
1109 321 1372 359 Rationalistae
1382 321 1506 367 cujus-

221 386 295 422 que
315 375 497 420 nominis,
522 375 752 412 recentiores
784 375 1001 422 praesertim
1034 385 1135 422 saepe
1162 379 1325 411 utuntur
1349 373 1506 410 nomine

222 428 480 473 revelationis,
502 438 664 475 eamque
681 428 873 465 inculcant
893 432 935 464 ut
955 428 1211 466 necessariam
1232 427 1381 464 homini
1407 430 1444 462 et
1465 430 1507 461 ut

223 481 419 517 criterium
455 492 679 528 supremum
709 482 829 517 totius
858 482 1058 527 veritatis;
1092 481 1160 518 sed
1195 481 1298 517 illius
1322 479 1506 517 vocabulo

223 533 326 570 aliud
353 534 576 581 intelligunt
607 545 629 571 a
648 535 772 570 nobis.
792 534 908 571 Juxta
926 535 1030 571 enim
1050 535 1168 582 ipsos,
1204 534 1336 570 Verum
1356 531 1502 580 princi—

219 587 329 633 pium
347 587 515 624 revelans
527 587 626 634 jura
646 587 842 623 hominum
862 587 916 623 nil
934 587 1037 623 aliud
1058 592 1114 623 est
1138 597 1254 635 quam
1277 587 1360 634 ipsa
1377 585 1505 623 Ratio.

222 639 335 675 Ratio
353 639 522 676 humana
548 650 631 686 quoe
647 645 699 676 est
719 650 896 687 suprema
911 645 1092 686 potestas,
1114 644 1156 676 ut
1174 640 1348 687 loquitur
1371 649 1508 686 parens

223 693 444 729 iocentioris
458 693 664 730 eclectismi
680 692 805 740 gallici
820 694 960 729 cousin
977 694 1015 729 in
1033 704 1101 729 sua
1114 693 1286 729 Histoire
1301 693 1345 728 de
1363 692 1402 729 la
1416 691 1495 728 Phi

224 745 392 790 losophie
402 745 558 791 morale,
572 747 671 783 Lect.
688 746 784 791 VIII,
802 757 838 793 p.
855 748 919 782 291
938 748 1022 793 (par
1032 745 1233 791 Vacherot,
1251 745 1369 790 Paris,
1387 746 1490 787 1839)

224 798 508 844 Consequenter
523 798 662 844 religio
683 799 901 835 christiana
920 803 972 834 esc
991 799 1170 835 revelatio
1187 799 1308 846 ipsius
1327 797 1494 834 rationis

224 855 266 885 ut
293 851 436 897 passim
460 850 572 888 docet
592 851 884 887 naturalismus.
905 852 987 893 Qua
1007 851 1052 888 de
1070 863 1185 888 causa
1205 852 1244 888 in
1265 851 1406 887 horum
1427 862 1508 886 sen-

226 904 347 939 tentia
366 903 545 939 revelatio
567 905 723 940 nomine
744 904 986 950 relinquitur,
1010 915 1049 940 re
1065 909 1194 940 autem
1212 904 1373 940 tollitur.
1394 904 1509 949 Atqui

226 955 328 1002 quod
348 955 446 992 Deus
475 956 588 992 nobis
616 956 766 993 dederit
784 957 945 993 rationis
969 957 1100 993 lumen
1129 956 1177 993 ad
1203 955 1509 1004 cognoscendam

224 1009 438 1053 veritatem,
453 1009 617 1045 libenter
629 1009 896 1055 concedimus;
915 1009 980 1046 sed
995 1009 1097 1057 quod
1118 1009 1190 1046 hoc
1207 1009 1336 1046 lumen
1347 1009 1391 1045 de
1404 1009 1509 1055 facto

225 1062 317 1097 satis
338 1062 388 1097 sit
413 1061 461 1098 ad
484 1061 727 1110 dirigendam
747 1064 866 1099 vitam
892 1067 1064 1099 nostram
1089 1063 1128 1098 in
1150 1062 1283 1098 ordine
1301 1062 1454 1098 virtutis
1473 1068 1511 1097 et

224 1115 409 1160 veritatis,
431 1119 470 1151 et
489 1115 647 1163 insuper
665 1116 769 1163 quod
789 1115 976 1163 impediat
993 1116 1200 1162 quominus
1220 1114 1374 1151 aliunde
1394 1125 1510 1161 quam

225 1178 271 1203 ex
288 1168 372 1215 ipso
393 1167 599 1205 intrinseco
617 1169 762 1205 lumine
780 1169 878 1204 Deus
893 1179 980 1204 suas
992 1169 1170 1204 veritates
1190 1168 1423 1213 manifestet,
1439 1167 1511 1204 hoc

225 1225 281 1256 est
301 1220 404 1267 quod
427 1221 676 1258 vehementer
695 1232 894 1270 negamus,
917 1226 1050 1268 utpote
1071 1232 1158 1258 cum
1185 1221 1294 1257 sactis
1320 1221 1511 1258 historicis

225 1273 479 1310 humanitatis
496 1279 534 1311 et
550 1285 638 1310 cum
659 1276 741 1322 ipsa
758 1279 897 1312 natura
916 1274 1043 1310 divina
1059 1275 1297 1321 apertissime
1318 1285 1510 1321 pugnans,

225 1332 268 1361 ut
288 1327 326 1361 in
347 1327 609 1374 superioribus
635 1328 806 1364 numeris
827 1331 919 1363 satis
945 1338 1148 1374 superque,
1169 1330 1212 1362 ut
1236 1327 1428 1371 existimo,
1451 1327 1510 1362 de-

224 1381 539 1416 monstravimus.
561 1401 606 1408 --
627 1381 681 1416 Cf.
703 1382 818 1417 Artic.
840 1383 898 1426 25,
920 1381 986 1416 ubi
1006 1380 1251 1416 difficultates
1276 1379 1510 1416 adversario-

223 1444 310 1469 rum
331 1433 468 1469 solutae
486 1438 589 1470 sunt.

271 1487 349 1522 VII.
371 1487 486 1522 Amor
505 1488 573 1523 Dei
590 1487 738 1524 homini
755 1487 950 1533 possibilis
967 1489 1039 1523 est.
1061 1486 1149 1522 Haec
1168 1489 1225 1522 est
1241 1485 1408 1522 secunda
1424 1496 1511 1533 pars

225 1539 422 1585 religionis
443 1539 650 1585 interioriS,
672 1550 790 1586 quam
814 1539 1094 1576 defendendam
1117 1539 1357 1586 suscepimus
1381 1538 1419 1574 in
1440 1538 1513 1574 hoc

225 1591 401 1627 articulo.
424 1591 634 1639 Incipimus
653 1597 783 1629 autem
803 1603 826 1629 a
855 1592 1111 1639 possibilitate
1138 1601 1224 1638 quae
1255 1591 1293 1626 in
1320 1590 1430 1627 nobis
1456 1595 1514 1627 est

229 1643 384 1679 amandi
415 1643 552 1689 Deum,
580 1654 697 1691 quam
726 1644 1022 1691 possibilitatem
1051 1643 1150 1678 Kant
1175 1643 1382 1688 inficiatur,
1410 1642 1515 1679 aiens

226 1697 347 1732 Deum
387 1707 469 1732 esse
507 1707 574 1733 ens
609 1697 813 1742 invisibile,
847 1701 884 1733 et
921 1695 1227 1744 computandum
1273 1696 1373 1731 inter
1410 1695 1513 1731 entia

228 1749 589 1795 transcendentalia,
605 1760 691 1797 quae
701 1751 815 1797 Juxta
830 1750 1025 1794 Kantium,
1048 1753 1157 1785 extra
1176 1758 1332 1784 omnem
1353 1748 1513 1784 rationis

228 1802 410 1838 humanae
430 1802 767 1850 investigationem
787 1807 877 1839 sunt
902 1803 1028 1850 posita
1048 1802 1101 1847 (L.
1125 1803 1182 1846 56,
1203 1801 1216 1837 1
1241 1805 1278 1837 et
1296 1801 1357 1837 Ps.
1377 1801 1513 1846 36,11).

227 1875 272 1880 -—-
303 1855 496 1891 Probatur
521 1856 750 1904 propositio.
782 1855 865 1893 Non
897 1860 954 1892 est
985 1855 1118 1901 utique
1150 1865 1276 1890 sermo
1309 1853 1355 1891 de
1384 1864 1516 1891 amore

227 1908 545 1954 comprehensiva,
557 1919 634 1955 quo
655 1920 715 1946 res
731 1913 862 1946 amata
878 1912 1031 1945 amatur
1045 1912 1230 1955 quantum
1249 1907 1426 1943 amabilis
1444 1911 1513 1951 est,

227 1966 264 1997 et
284 1962 350 2008 qui
371 1961 532 2008 proinde
546 1966 720 2010 respectu
738 1962 805 1999 Dei
825 1961 976 2009 infiniti
991 1972 1068 1997 non
1086 1965 1213 2007 potest
1229 1970 1309 1997 esse
1325 1960 1364 1996 in
1383 1959 1514 1996 volun-

229 2017 306 2049 tate
328 2013 500 2051 humana
519 2015 655 2062 finium
675 2014 741 2052 sed
768 2014 815 2052 de
840 2024 971 2052 amore
1004 2013 1197 2050 adhaesivo
1224 2013 1289 2059 qui
1315 2012 1445 2060 potius
1469 2022 1515 2048 ex

230 2066 402 2112 subjecto
422 2072 573 2105 amante
601 2077 718 2115 quam
739 2078 785 2103 ex
817 2067 957 2114 objecti
990 2064 1227 2102 amabilitate
1252 2068 1512 2108 mensuratur,

229 2118 348 2154 Porro
370 2119 564 2166 objectum
584 2120 793 2157 voluntatis
819 2124 876 2156 est
900 2119 1045 2156 bonum
1065 2118 1278 2164 cognitum,
1298 2118 1352 2153 ita
1371 2120 1414 2153 ut
1433 2116 1514 2152 ubi-

230 2181 395 2218 cumque
416 2172 607 2209 invenitur
626 2174 724 2209 ratio
750 2173 935 2210 bonitatis
963 2171 1142 2219 cognitae,
1165 2170 1217 2206 ibi
1239 2170 1359 2217 possit
1381 2168 1514 2206 haberi

229 2225 418 2261 terminus
453 2230 562 2263 actus
596 2226 805 2264 voluntatis
839 2226 906 2273 qui
953 2229 1011 2262 est
1041 2224 1122 2272 ipse
1156 2233 1266 2259 amor
1285 2223 1512 2270 adhaesivus.

227 2278 343 2324 Atqui
372 2278 472 2315 Deus
495 2283 552 2316 est
571 2280 740 2315 maxime
759 2279 897 2323 bonus,
916 2282 954 2314 et
973 2282 1016 2314 ut
1032 2277 1119 2313 talis
1139 2275 1282 2312 nedum
1309 2280 1436 2323 potest
1454 2286 1513 2312 co-

228 2332 373 2376 gnosci,
410 2331 476 2368 sed
511 2331 558 2368 de
586 2332 686 2369 facto
725 2332 970 2381 cognoscitur
1007 2330 1054 2367 ab
1075 2329 1245 2367 homine.
1278 2328 1377 2376 Ergo
1404 2338 1514 2365 amor

224 2382 292 2419 Dei
313 2383 462 2422 homini
491 2385 683 2433 possibilis
703 2390 778 2429 esu
806 2386 884 2422 imo
920 2388 958 2421 et
983 2383 1030 2420 de
1064 2382 1164 2420 facto
1183 2382 1360 2420 voluntas
1389 2381 1509 2418 Deum
