1584 2569
235 86 316 111 aar.
343 86 377 112 v.
406 87 448 111 nr,
474 86 621 111 orrrcns
647 85 689 110 ΕΤ
713 84 852 110 sumnus
877 84 1064 110 naamon
1091 85 1126 109 m
1151 84 1264 109 riuos
1319 75 1385 109 213

113 157 250 205 gradus
278 157 482 194 academici
513 157 652 194 directe
679 156 904 193 ordinantur
931 155 978 192 ad
1010 156 1155 191 bonnm
1183 166 1386 192 commune

114 211 322 255 societatis;
355 210 419 246 sed
450 222 517 257 pro
544 210 614 246 hac
640 209 898 257 recognitione
927 208 1068 245 sufficit
1096 209 1168 255 ipsi
1199 208 1386 244 certitudo

112 263 266 299 moralis
294 263 339 299 de
367 263 574 310 capacitate
600 262 905 299 candidatorum.
932 260 1037 297 Unde
1066 260 1219 308 quando
1249 260 1388 297 scholae

112 315 248 351 florent
264 315 365 352 fama
381 316 576 363 sapientiae
593 319 630 352 et
645 316 810 359 virtutis,
829 313 982 361 quando
1000 315 1174 361 magistri
1192 315 1388 350 communi

110 378 199 404 voce
219 368 408 405 habentur
433 373 476 404 ut
501 369 602 405 docti
625 373 662 404 et
682 369 805 416 probi,
832 368 961 404 Status
987 378 1120 403 eorum
1146 366 1291 414 judicio
1312 377 1386 402 non

110 420 232 456 solum
250 425 348 456 stare
371 426 495 468 potest
515 420 580 458 sed
604 421 727 466 debet,
749 426 787 457 et
809 431 884 456 non
906 420 975 468 jus
995 419 1059 456 sed
1079 420 1252 467 officium
1275 420 1385 456 habet
1439 437 1447 453 2

109 473 402 520 recognoscendi
420 478 462 509 ut
479 473 627 521 dignos,
647 485 742 520 quos
760 478 802 509 ut
820 473 913 510 tales
933 473 1123 519 sapientes
1141 477 1178 508 et
1198 472 1309 519 probi
1326 472 1386 507 ho-

109 525 229 560 mines
244 536 375 562 omnes
387 526 574 573 judicant.
593 526 725 568 Quoad
740 536 827 562 vero
840 526 909 573 jus
923 525 1141 562 conferendi
1160 525 1301 573 gradus
1313 535 1389 560 non

108 577 215 614 video
233 588 308 624 qua
326 579 474 615 ratione
495 579 624 615 Status
644 578 737 615 illud
758 579 946 615 exclusive
966 589 1144 626 arrogare
1161 578 1233 614 sibi
1250 583 1388 625 potest.

108 631 256 666 Etenim
280 632 424 678 gradus
445 637 499 668 est
527 633 729 679 praemium
752 632 973 679 capacitatis
992 631 1224 676 scientificae,
1246 635 1289 666 ut
1314 630 1390 666 dic-

109 688 191 718 tum
217 688 285 719 est.
311 684 504 721 Judicium
525 689 653 721 autem
679 685 724 721 de
749 685 958 732 capacitate
978 685 1186 721 scientifica
1211 683 1390 720 candida-

109 741 235 772 torum
260 747 335 773 non
362 738 548 774 exclusive
571 738 756 786 competit
776 738 912 783 Statui,
934 749 999 775 seu
1022 738 1217 785 magistris
1239 748 1262 774 a
1282 737 1390 774 Statu

109 788 330 837 designatis,
348 790 411 826 sed
433 792 548 826 etiam
569 791 720 837 aequali,
740 792 770 827 si
791 802 867 827 non
886 790 1116 838 quandoque
1134 791 1274 838 potiori
1291 791 1390 837 jure,

108 841 191 877 aliis
219 843 427 889 magistris.
460 843 557 891 Ergo
593 843 722 879 Status
753 844 873 880 civilis
905 847 1006 880 stare
1039 843 1151 879 debet
1178 843 1324 890 judicio
1355 844 1391 878 in

107 894 274 930 scientiis
305 896 530 942 peritorum,
561 901 599 932 et
629 907 699 932 sua
729 897 957 932 auctoritate
989 897 1217 932 confirmare
1253 896 1392 944 gradus

107 946 343 983 academicos
369 948 581 984 candidatis
607 949 671 995 qui
698 949 804 996 digni
832 949 1000 996 praefatis
1027 948 1207 996 gradibus
1230 948 1391 995 judicati

107 1005 208 1035 sunt.
236 1000 344 1042 Quod
370 1002 399 1037 si
423 1001 565 1037 abusus
588 1002 788 1049 obrepant,
810 1002 848 1037 in
869 1013 913 1038 eo
942 1002 1070 1037 Status
1093 1001 1391 1046 animadvertat;

109 1052 173 1088 sed
196 1058 351 1101 propter
365 1054 512 1101 jurium
533 1055 695 1091 abusum
712 1055 802 1102 jura
820 1065 897 1091 non
918 1054 1034 1091 laedat

154 1105 328 1141 Ceterum
357 1107 387 1142 si
415 1107 545 1143 Status
570 1107 691 1143 civilis
710 1108 791 1143 vult
816 1107 964 1144 scholas
990 1118 1078 1143 suas
1110 1107 1298 1155 officiales
1324 1108 1394 1143 fre-

107 1159 282 1204 quentari
311 1170 333 1195 a
365 1159 633 1205 ssliisfamilias,
664 1159 727 1196 det
758 1161 950 1207 imprimis
985 1171 1141 1207 operam
1177 1163 1220 1195 ut
1254 1159 1394 1195 scholae

108 1210 287 1247 fiduciam
320 1217 539 1249 mereantur
569 1213 891 1261 patrumfamilias
922 1224 932 1249 z
961 1212 1115 1249 licentia
1144 1212 1283 1249 erroris
1317 1223 1393 1248 non

109 1265 313 1311 praevalcat
333 1265 370 1301 in
397 1265 488 1313 ipsis
508 1270 642 1302 contra
667 1266 884 1302 libertatem
903 1266 1095 1310 veritatis;
1122 1266 1198 1300 sint
1220 1265 1393 1312 magistri

107 1317 208 1353 docti
226 1322 263 1353 et
287 1319 409 1366 probi,
432 1319 497 1365 qui
515 1319 676 1355 doceant
695 1319 823 1364 verbo,
842 1318 1004 1355 doceant
1023 1318 1198 1366 exemplo
1216 1319 1394 1365 J'uventu-

107 1374 198 1415 tem,
230 1381 307 1406 non
339 1376 590 1419 corrumpant
618 1382 626 1407 :
658 1371 784 1407 officia
813 1371 1009 1419 religionis
1040 1372 1116 1407 sint
1150 1374 1238 1407 ante
1270 1370 1396 1406 officia

107 1421 305 1459 doctrinm.
332 1423 370 1459 Si
393 1434 513 1469 secus,
537 1424 716 1461 catholici
738 1426 802 1472 jus
821 1429 859 1461 et
882 1425 1052 1460 officium
1076 1434 1227 1460 sacrum
1254 1422 1396 1459 habent

106 1475 258 1512 arcendi
277 1477 452 1524 proprios
469 1477 568 1514 filios
585 1488 607 1513 a
626 1477 789 1525 publicis
805 1476 976 1513 fontibus
993 1476 1234 1523 corruptelae,
1253 1476 1316 1523 jus
1332 1475 1396 1511 ha-

107 1528 198 1564 bent
218 1533 255 1564 et
275 1529 445 1565 officium
472 1530 627 1577 petendi
647 1534 685 1566 et
704 1529 899 1578 aperiendi
922 1529 1071 1565 scholas
1095 1529 1315 1573 catholicas,
1333 1529 1396 1575 Jus

108 1580 248 1617 habent
268 1582 477 1618 obsistendi
499 1582 734 1631 despotismo
760 1583 888 1620 Status
912 1583 1032 1618 civilis
1054 1583 1154 1618 circa
1174 1581 1396 1628 monopolia

108 1634 297 1682 graduum
329 1635 637 1673 academicorum
672 1648 680 1673 :
710 1641 802 1673 sunt
832 1637 935 1672 enim
968 1636 1092 1683 magis
1126 1645 1235 1671 sacra
1268 1634 1394 1670 officia

107 1698 199 1736 erga
228 1688 363 1734 Deum,
389 1700 481 1737 erga
508 1689 737 1726 catholicam
765 1689 971 1726 Ecclesiam
1004 1699 1121 1736 quam
1151 1688 1278 1724 officia
1304 1698 1396 1734 erga

109 1740 260 1775 Statum
286 1741 435 1777 civilem
461 1742 689 1778 auctoritate
719 1742 872 1790 publica
896 1742 1120 1778 abutentem
1147 1744 1282 1777 contra
1309 1741 1399 1787 J'ura

107 1792 282 1829 Ecclesiae
303 1797 340 1829 et
362 1793 583 1830 domesticae
605 1795 811 1830 societatis.
828 1814 875 1821 —
893 1794 946 1830 De
968 1794 1121 1841 juribus
1144 1793 1320 1829 Ecclesiae
1343 1792 1399 1828 di-

107 1856 193 1882 cam
211 1856 279 1882 suo
296 1845 394 1882 loco.

157 1898 327 1946 objectio
347 1900 471 1937 tertia.
501 1899 642 1937 Saltem
665 1900 794 1936 Status
813 1899 934 1936 civilis
956 1900 1020 1946 Jus
1040 1898 1156 1934 habet
1175 1897 1399 1946 imponendi

109 1952 449 2000 patribusfamilias
475 1952 770 1990 instructionem
795 1952 1019 1989 liberorum.
1046 1951 1146 1999 Ergo
1172 1952 1211 1987 in
1238 1952 1398 1986 instruc-

110 2004 255 2040 tionem
277 2004 367 2052 Jura
391 2004 508 2042 habet
535 2005 679 2051 Status,
700 2015 786 2053 quae
806 2015 830 2041 a
855 2004 964 2041 Statu
985 2004 1068 2052 ipso
1097 2007 1258 2052 possunt
1278 2003 1399 2039 deter-

109 2067 262 2093 minari.

156 2110 263 2156 Resp.
279 2111 383 2147 Nihil
398 2111 599 2148 detrahere
615 2111 700 2148 volo
716 2111 870 2159 juribus
887 2110 1017 2146 Status
1034 2110 1174 2155 civilis3
1191 2113 1231 2146 at
1243 2109 1333 2156 jura
1346 2109 1401 2155 ip-

111 2162 189 2198 sius
208 2173 285 2200 non
302 2168 391 2200 sunt
406 2165 497 2212 jura
513 2164 656 2209 divina,
677 2163 742 2200 sed
759 2163 848 2211 jura
864 2163 1043 2209 limitata,
1062 2163 1202 2210 quibus
1221 2162 1297 2198 alia
1312 2161 1401 2208 jura

112 2216 362 2261 praeexistunt
388 2228 465 2254 non
489 2218 618 2254 minus
639 2227 758 2262 sacra,
784 2217 862 2252 Imo
888 2217 1012 2263 magis
1038 2226 1147 2252 sacra
1175 2225 1291 2261 quam
1312 2214 1402 2260 jura

116 2266 258 2314 Status,
275 2273 314 2306 et
332 2280 418 2317 quae
435 2280 513 2306 non
534 2270 727 2306 destruere
744 2269 810 2305 sed
829 2269 947 2306 tutari
969 2269 1098 2305 Status
1121 2272 1285 2304 tenetur.
1309 2266 1329 2302 J
1334 2277 1401 2301 ura

115 2324 244 2357 autem
276 2320 406 2359 Status
438 2326 590 2360 tantum
619 2333 658 2359 se
688 2321 914 2366 extendunt,
943 2325 1132 2369 quantum
1163 2331 1202 2357 se
1230 2318 1401 2357 extendit
