1584 2569
161 87 228 123 226
253 96 314 123 ms
325 93 474 122 NATURAE
484 94 557 120 mn.
574 94 614 120 ιι.
634 93 711 120 cu.
727 93 769 118 n.
784 91 828 119 nn
840 91 1029 118 somnum
1043 91 1116 116 civ.
1133 91 1170 116 m
1182 91 1222 115 SE
1239 89 1414 117 suc-un

157 172 330 214 testatur,
349 177 447 204 unus
470 166 588 203 homo
608 175 685 203 non
705 168 831 213 potest
853 163 1040 208 sufficere,
1068 172 1138 199 nec
1159 167 1437 211 consequenter

156 223 274 259 vitam
308 221 539 258 sufficienter
571 219 795 266 transigere.
822 217 888 253 Est
921 217 1042 265 igitur
1081 216 1257 254 naturale
1288 216 1438 254 homini

158 274 260 322 quod
279 275 317 310 in
338 274 518 311 societate
538 272 751 308 multorum
768 270 885 315 vivat,
903 274 947 305 ut
966 268 1069 317 quod
1086 279 1186 305 unus
1203 279 1280 305 non
1297 274 1438 317 potest,

158 328 252 365 alter
270 327 396 372 faciat,
415 331 453 363 et
477 325 549 362 hoc
577 324 693 361 modo
721 325 762 361 in
784 322 1007 360 necessariis
1033 321 1085 359 ad
1110 322 1229 359 vitam
1257 322 1330 359 sibi
1357 333 1439 359 mu-

158 386 265 417 tuam
285 380 408 416 ferant
430 389 556 426 opem.

203 432 292 470 Non
310 432 428 469 utilia
451 442 477 468 α
495 429 642 467 nocivis
667 430 892 466 discernere.
918 428 1068 465 Etenim
1095 427 1180 465 aliis
1211 429 1440 466 animalibus

159 486 273 524 insita
293 489 349 521 est
362 483 547 521 naturalis
562 482 751 520 industria
762 481 810 517 ad
828 481 958 517 omnia
974 491 1018 517 ea
1037 491 1123 528 quae
1143 486 1234 517 sunt
1257 483 1312 518 eis
1331 481 1442 521 utilia

158 538 218 575 vel
235 538 388 582 nociva;
414 538 511 573 sicut
530 536 608 573 ovis
634 534 861 571 naturaliter
879 534 1046 570 aestimat
1070 533 1206 581 lupum
1225 535 1441 582 inimicum,

159 596 196 628 et
221 590 398 639 quaedam
419 591 535 626 etiam
549 588 731 625 animalia
748 598 793 623 ex
807 586 973 624 naturali
996 586 1187 623 industria
1206 593 1443 636 cognoscunt

160 644 307 691 aliquas
333 642 470 679 herbas
498 640 759 685 medicinales,
779 644 817 676 et
841 639 917 676 alia
936 649 1070 676 eorum
1097 639 1187 676 vitae
1215 641 1441 678 necessaria.

160 697 282 732 Homo
307 700 450 740 autem,
480 699 522 730 ut
553 705 599 730 ex
628 693 860 730 conscientia
889 692 1046 740 propria
1075 696 1113 729 et
1137 691 1303 730 aliorum
1330 703 1442 742 expe-

160 749 297 785 rientia
318 748 435 795 probe
460 751 597 783 notum
627 751 696 792 est,
727 746 867 782 horum
888 755 974 793 quae
1002 750 1092 782 sunt
1115 746 1206 783 vitae
1231 756 1444 785 necessaria

162 800 374 838 naturalem
393 799 653 848 cognitionem
673 799 789 836 habet
812 799 937 834 solum
957 799 997 834 in
1019 799 1232 845 communi,
1260 809 1371 846 quasi
1400 812 1444 836 eo

162 865 228 901 per
248 854 435 890 rationem
460 852 609 888 valente
632 862 678 888 ex
703 851 982 888 universalibus
1008 851 1207 899 principiis
1236 850 1284 888 ad
1315 854 1444 901 cogni-

164 908 306 943 tionem
353 906 606 954 singulorum,
636 915 723 952 quae
760 905 971 941 necessaria
1002 908 1093 941 sunt
1125 904 1306 942 humanae
1341 906 1443 951 vitae,

163 960 371 1007 pervenire.
397 959 480 995 Non
512 962 568 994 est
596 963 725 994 autem
754 957 949 1005 possibile,
985 957 1089 1005 quod
1124 968 1222 993 unus
1250 957 1368 995 homo
1395 959 1444 995 ad

164 1013 293 1049 omnia
322 1010 544 1058 hujusmodi
564 1021 632 1059 per
655 1021 765 1047 suam
781 1011 971 1047 rationem
995 1010 1201 1058 pertingat.
1233 1010 1297 1046 Est
1328 1011 1446 1059 igitur

164 1065 418 1102 necessarium
439 1064 587 1101 homini
613 1063 716 1110 quod
737 1064 775 1100 in
794 1061 1042 1099 multitudine
1063 1063 1179 1108 vivat,
1201 1066 1244 1098 ut
1270 1074 1369 1099 unus
1398 1065 1445 1100 ab

165 1118 240 1154 alio
263 1117 476 1165 adJ‘uvetur,
503 1121 540 1153 et
560 1115 699 1152 diversi
723 1115 881 1152 diversis
908 1114 1147 1152 inveniendis
1164 1126 1232 1163 per
1257 1117 1446 1154 rationem

163 1174 409 1218 occupentur,
437 1174 542 1216 puta,
573 1179 671 1204 unus
698 1169 736 1204 in
756 1168 961 1208 medicina,
983 1168 1081 1204 alius
1110 1168 1149 1203 in
1177 1167 1262 1213 hoc,
1291 1169 1387 1206 alius
1407 1171 1446 1206 in

167 1223 255 1259 alio.

207 1276 296 1313 Non
313 1275 479 1322 seipsum
496 1275 672 1322 perficere
690 1274 731 1309 in
740 1273 957 1319 cognitione
968 1278 1002 1310 et
1021 1275 1173 1310 virtute.
1194 1274 1340 1311 Veritas
1361 1287 1446 1312 nos-

165 1335 234 1365 trae
254 1328 371 1364 thesis
397 1342 416 1361 «
438 1327 553 1364 etiam
571 1326 853 1363 evidentissime
875 1326 1103 1371 declaratur,
1129 1326 1254 1373 inquit
1282 1327 1319 1364 S.
1353 1328 1448 1365 Tho-

164 1392 260 1426 maS,
278 1391 345 1428 per
367 1379 452 1425 hoc,
471 1378 573 1427 quod
592 1383 648 1416 est
662 1379 862 1426 proprium
883 1378 1054 1414 hominis
1073 1378 1267 1416 locutione
1290 1381 1360 1426 uti,
1383 1392 1450 1429 per

166 1443 280 1480 quam
300 1443 399 1469 unus
423 1432 540 1469 homo
564 1431 648 1467 aliis
665 1441 778 1467 suum
798 1435 1025 1478 conceptum
1045 1430 1214 1467 totaliter
1237 1436 1364 1479 potest
1391 1445 1451 1470 ex-

165 1487 341 1533 primere.
365 1498 381 1518 ›
398 1485 440 1520 In
457 1484 527 1521 hac
546 1487 675 1520 autem
695 1483 1004 1520 manifestatione
1021 1484 1269 1531 propriorum
1294 1496 1451 1534 concep·

167 1544 275 1574 tuum
308 1537 481 1574 consistit
515 1536 782 1583 magisterium
817 1535 1041 1580 doctrinale,
1077 1546 1153 1582 quo
1185 1536 1363 1574 homines
1395 1540 1450 1575 in-

166 1593 366 1627 struuntur
384 1589 431 1625 ad
451 1589 628 1633 invicem,
649 1598 738 1624 cum
755 1598 854 1623 unus
870 1588 980 1624 alteri
998 1589 1258 1626 communicat
1274 1601 1361 1637 quae
1375 1593 1451 1629 sive

166 1642 292 1680 studio
317 1642 485 1689 proprio,
513 1641 590 1676 sive
617 1651 663 1676 ex
686 1640 810 1676 alieno
843 1641 1066 1688 magisterio
1097 1640 1245 1678 didicit.
1279 1643 1335 1679 Ad
1355 1644 1451 1681 nihil

166 1694 270 1731 aliud
289 1694 489 1730 ordinatur
504 1693 647 1729 locutio
665 1704 674 1738 3
690 1703 777 1740 quae
793 1703 881 1729 cum
899 1694 948 1729 sit
966 1693 1165 1738 naturalis,
1181 1699 1218 1730 et
1238 1699 1451 1733 communi-

167 1749 355 1784 cationem
375 1747 475 1783 inter
496 1757 536 1782 se
556 1746 760 1781 hominum
780 1746 1000 1792 subaudiat,
1019 1747 1235 1783 naturalem
1265 1749 1450 1786 socialita-

167 1806 245 1838 tem
264 1799 467 1836 hominum
489 1798 769 1835 evidentissime
795 1799 975 1835 ostendit.
1008 1819 1054 1825 —
1078 1799 1195 1836 Deme
1227 1800 1326 1838 hanc
1351 1813 1436 1838 com

168 1853 479 1897 munieationem‚
497 1856 533 1887 et
547 1851 664 1887 homo
677 1856 790 1887 natus
802 1852 841 1887 in
856 1852 1236 1899 ignorantianonnisi
1250 1853 1454 1892 barbaram

168 1912 281 1953 atque
297 1905 549 1941 inhumanam
569 1905 689 1940 vitam
707 1903 834 1949 ducet,

214 1959 277 1995 His
294 1957 519 2002 rationibus,
537 1968 630 2004 quas
645 1957 756 1993 affert
771 1957 808 1993 S.
827 1957 995 1994 Thomas
1010 1958 1048 1993 in
1065 1958 1133 1994 Lib
1148 1958 1176 2003 1,
1192 1959 1249 1996 De
1259 1959 1454 2006 Reyimine

167 2011 411 2055 Principum,
426 2010 516 2057 Cap.
540 2010 567 2055 1,
584 2008 674 2045 addi
689 2013 815 2057 potest
826 2020 937 2046 amor
949 2010 1134 2046 naturalis
1149 2009 1316 2047 hominis
1330 2012 1369 2048 in
1389 2012 1454 2049 ho-

168 2064 312 2101 minem
333 2063 458 2108 (39‚1)‚
481 2073 556 2109 quo
577 2063 621 2097 sit
642 2067 684 2098 ut
704 2062 894 2108 homines,
916 2064 1046 2099 statim
1073 2073 1118 2099 ac
1137 2063 1210 2099 sibi
1236 2071 1453 2109 occurrunt,

169 2116 399 2152 necessarias
426 2115 630 2151 relationes
660 2115 876 2152 officiorum
904 2120 942 2152 et
965 2116 1114 2163 jurium
1142 2116 1388 2162 contrahant,
1416 2118 1455 2154 in

170 2168 308 2215 quibus
321 2167 511 2203 socialitas
525 2168 711 2203 consistit.
725 2168 965 2216 Impossibile
981 2173 1112 2204 autem
1129 2172 1185 2204 est
1204 2172 1286 2204 tum
1302 2169 1455 2217 physice

171 2226 253 2257 tum
269 2219 467 2256 moraliter
483 2224 526 2255 ut
557 2219 675 2256 homo
694 2221 732 2256 in
750 2220 822 2257 hac
840 2225 940 2257 terra
955 2221 1086 2256 vivens
1110 2231 1188 2257 non
1205 2221 1256 2257 sit
1271 2222 1311 2258 in
1330 2232 1453 2259 neces-

171 2274 281 2309 sitate
301 2272 467 2309 naturali
481 2272 705 2308 convivendi
723 2284 811 2309 eum
828 2273 912 2309 aliis
929 2273 1164 2311 hominibus

216 2325 312 2361 vm.
332 2325 449 2361 NOTA.
471 2325 682 2362 Solvuntur
698 2326 962 2364 difficultates.
990 2347 1034 2352 -—
1056 2325 1223 2372 objectio
1245 2327 1387 2373 prima.
1406 2327 1454 2364 Ut
