1584 2569
186 115 253 151 286
270 124 329 150 JUS
352 124 519 149 NATURAE.
542 123 609 148 Lm.
633 123 668 148 11.
687 124 764 148 CAP.
787 123 838 148 tv,
856 122 1098 150 nzsocmurss
1115 123 1232 149 nnnc.
1251 125 1289 150 IN
1310 123 1351 150 SE
1372 124 1464 150 sne.

182 199 349 244 seipsam
368 195 668 231 conservandam
685 193 813 231 media
831 194 869 230 in
886 205 925 230 se
943 194 1059 231 habet
1079 195 1221 231 nedum
1238 196 1468 241 necessaria,

183 250 249 286 sed
270 247 625 295 superabundantia
647 258 655 283 :
681 257 703 283 a
724 246 873 283 Christo
894 248 998 284 enim
1024 250 1094 291 est,
1116 247 1271 284 homine
1299 248 1412 284 simul
1433 253 1469 284 et

183 303 274 346 Deo,
293 301 359 348 qui
379 300 484 337 illius
501 310 634 336 verum
656 310 699 335 ac
719 299 821 336 reale
848 304 964 347 caput
983 302 1053 345 est,
1073 303 1108 335 et
1128 300 1194 347 qui
1215 303 1271 336 est
1293 311 1379 337 cum
1401 311 1467 337 sua

181 354 348 391 Ecclesia
373 351 546 389 omnibus
571 351 702 388 diebus
723 361 839 399 usque
864 351 916 388 ad
940 353 1298 390 consummationem
1321 353 1466 390 soeculi.

181 410 281 454 Ergo
302 406 469 442 Ecclesia
488 404 676 441 catholica
696 409 753 440 est
773 405 935 441 societas
953 405 1134 451 perfecta.

229 461 288 497 IV.
307 459 570 497 corollarium.
590 459 776 494 Perversa
792 467 884 503 ergo
906 458 1063 494 omnino
1085 459 1232 495 ratione
1254 458 1470 496 affirmatur

181 513 391 550 Ecclesiam
417 511 650 548 catholicam
676 514 743 547 aut
767 521 843 546 non
863 521 942 557 prae
964 522 1001 546 se
1023 511 1119 548 ferre
1145 512 1336 548 societatis
1357 517 1466 548 natu-

182 577 280 610 ram,
303 568 371 601 aut
390 564 562 600 societati
590 562 688 600 civili
716 562 869 599 subesse
892 573 900 598 :
923 563 1034 610 quasi
1064 574 1202 611 nempe
1228 574 1304 599 non
1330 574 1468 611 corpus

184 620 323 655 animae
343 615 409 653 sed
434 616 565 652 anima
584 616 735 662 corpori
759 614 913 652 subesse
937 615 1105 652 deberet.
1129 616 1235 653 Unde
1255 616 1294 652 in
1315 617 1466 664 Syllabo

183 673 244 708 SS.
270 671 327 707 Pii
349 670 393 706 IX
417 669 554 705 merito
580 668 786 705 damnatur
811 667 894 705 haec
914 669 1141 715 propositio,
1170 679 1257 716 quae
1278 674 1335 705 est
1358 669 1437 706 XIX
1458 680 1467 705 ε

185 739 200 757 ι
224 723 391 761 Ecclesia
408 733 484 758 non
499 726 556 758 est
571 732 661 758 vera
681 721 922 770 perfectaque
937 721 1099 758 societas
1120 722 1231 770 plane
1251 722 1385 768 libera,
1401 734 1469 759 nec

183 777 300 825 pollet
320 776 399 812 suis
420 774 585 822 propriis
604 777 642 810 et
661 774 924 811 constantibus
940 774 1093 822 juribus
1115 774 1187 811 sibi
1209 786 1231 811 a
1251 774 1379 812 divino
1401 786 1470 812 suo

184 829 398 866 Fundatore
412 828 576 873 collatis,
593 826 659 863 sed
674 827 792 863 civilis
810 827 1014 875 potestatis
1034 832 1090 863 est
1111 828 1269 864 definire
1290 838 1376 875 quae
1394 829 1468 865 sint

183 882 357 920 Ecclesiae
386 881 476 928 jura
503 890 548 917 ac
575 880 730 923 limites,
763 880 865 917 intra
892 891 990 927 quos
1015 880 1149 916 eadem
1174 881 1264 927 jura
1295 891 1469 918 exercere

184 939 311 983 queat.
333 948 348 967 ι

229 989 272 1025 V.
300 988 401 1024 Non
421 986 449 1023 1.
473 986 615 1023 Christi
636 987 805 1023 intentio
830 987 871 1022 in
890 996 959 1022 sua
984 986 1154 1023 Ecclesia
1181 988 1466 1024 constituenda.

182 1042 334 1078 Thesim
361 1044 534 1075 nostram
564 1038 812 1086 probavimus
839 1049 884 1075 ex
911 1043 1060 1081 natura,
1085 1050 1151 1074 seu
1175 1050 1219 1074 ex
1246 1040 1319 1075 [ine
1345 1040 1466 1076 Eccle-

183 1096 260 1139 siae,
286 1092 352 1129 sed
378 1091 603 1128 facillimum
629 1095 686 1126 est
706 1101 791 1127 eam
811 1091 1038 1127 confirmare
1060 1102 1105 1126 ex
1129 1101 1310 1139 expressa
1334 1091 1467 1128 volun-

183 1151 263 1183 tate
295 1144 434 1181 Christi
465 1143 633 1179 Domini.
664 1143 838 1179 Salvator
870 1153 974 1190 ergo,
1008 1143 1175 1179 Matthaei
1207 1144 1296 1187 XVI,
1333 1155 1389 1180 vv.
1429 1147 1469 1181 18

184 1202 220 1235 et
242 1201 297 1242 19,
320 1196 417 1232 dixit
437 1197 547 1231 Petro
568 1207 576 1231 z
606 1194 660 1231 Tu
677 1206 713 1231 es
732 1195 868 1231 Petrus
884 1200 917 1231 et
936 1206 1050 1242 super
1066 1195 1165 1232 hanc
1182 1196 1335 1232 Petram
1352 1196 1468 1244 oedifi-

183 1251 275 1289 cabo
289 1249 503 1287 Ecclesiam
520 1258 650 1292 meam,
666 1252 698 1284 et
707 1252 832 1294 portoe
845 1248 965 1294 inferi
981 1259 1055 1284 non
1066 1248 1324 1294 praevalebunt
1340 1249 1468 1286 adver-

182 1317 247 1342 sus
267 1315 360 1341 eam.
378 1303 430 1339 Et
450 1301 524 1338 cibi
542 1301 640 1338 dabo
661 1301 783 1337 claves
803 1302 914 1348 regni
932 1301 1112 1337 coelorum
1132 1313 1144 1336 .·
1163 1306 1197 1337 et
1216 1301 1470 1350 quodcumque

185 1358 366 1405 liyaveris
385 1366 498 1402 super
517 1359 671 1399 terram,
690 1356 763 1390 eric
779 1354 939 1401 ligatum
959 1356 1049 1390 etin
1068 1354 1173 1390 coelz's
1188 1366 1200 1389 .·
1218 1359 1251 1390 et
1271 1355 1469 1402 quodcum-

184 1422 252 1458 que
276 1408 432 1446 solveris
457 1417 570 1454 super
595 1411 748 1450 terram,
772 1407 845 1443 erit
869 1406 1035 1443 solutum
1059 1411 1093 1443 et
1119 1407 1161 1442 in
1188 1406 1306 1443 coelis.
1333 1408 1376 1443 In
1401 1407 1471 1445 hac

185 1463 412 1500 auctoritate
442 1459 490 1496 ad
516 1460 642 1495 vivum
669 1458 788 1495 habes
815 1469 1036 1506 expressam
1063 1460 1260 1506 propriam
1290 1464 1469 1497 naturam

183 1515 370 1552 Ecclesiae.
391 1513 514 1549 Habes
532 1512 758 1555 Ecclesiam,
777 1522 843 1549 seu
863 1512 1203 1559 conyreqalionem,
1226 1523 1292 1548 seu
1316 1513 1471 1549 societa-

185 1575 277 1613 tem;
298 1567 364 1604 sed
385 1576 473 1602 cum
494 1565 625 1602 addito
647 1575 775 1608 meam,
798 1567 840 1599 ut
857 1564 1047 1612 intelligas
1068 1564 1273 1600 Ecclesiam
1293 1575 1369 1601 non
1390 1576 1470 1602 esse

184 1630 333 1658 meram
349 1619 569 1655 societatem
586 1616 813 1661 humanam,
834 1617 900 1653 sed
917 1617 1137 1653 societatem
1154 1616 1336 1663 divinam,
1353 1629 1470 1665 quam

186 1674 357 1711 Christus
391 1671 481 1708 dicit
506 1680 628 1715 suam,
651 1671 742 1717 quia
766 1680 834 1706 suo
861 1669 1046 1717 sanguine
1072 1680 1159 1706 eam
1186 1670 1258 1706 sibi
1278 1670 1469 1716 formavit,

185 1728 276 1775 quia
300 1726 380 1773 ipse
406 1728 463 1760 est
489 1724 570 1770 eJus
598 1725 726 1770 caput,
750 1722 840 1769 quia
863 1723 943 1770 ipse
966 1733 1053 1759 eam
1072 1724 1185 1770 regit,
1207 1723 1409 1770 gubernat,
1433 1729 1470 1759 et

186 1780 234 1816 ad
259 1778 423 1826 gloriam
449 1775 605 1813 adducit
631 1780 831 1811 aeternam.
857 1775 974 1823 Atqui
995 1775 1157 1812 societas
1177 1775 1281 1812 nulla
1301 1776 1381 1812 sine
1405 1787 1470 1813 au—

185 1833 360 1869 ctoritate
374 1830 580 1867 consistere
600 1831 739 1876 potest,
756 1839 842 1875 quae
858 1828 1064 1864 auctoritas
1078 1828 1235 1864 visibilis
1252 1829 1291 1864 in
1305 1829 1470 1866 Ecclesia

186 1886 377 1921 militante
398 1893 480 1920 esse
501 1881 614 1918 debet
633 1882 730 1917 sicut
753 1881 919 1917 Ecclesia
939 1883 1022 1929 ipsa
1045 1881 1206 1917 visibilis
1227 1884 1307 1926 est;
1329 1886 1366 1918 et
1389 1881 1470 1918 haec

186 1938 394 1975 auctoritas
413 1935 608 1972 confertur
628 1945 650 1971 a
678 1934 826 1970 Christo
851 1945 928 1970 non
955 1934 1018 1970 alii
1043 1934 1109 1970 sed
1130 1934 1202 1970 soli
1226 1935 1352 1977 Petro,
1371 1935 1469 1982 ejus-

186 2002 258 2039 que
280 1992 317 2027 in
339 1989 474 2026 eadem
496 1987 689 2024 Cathedra
707 1987 988 2024 successoribus
1006 1998 1014 2023 :
1037 1986 1111 2022 tibi
1128 1987 1225 2023 dabo
1246 1988 1379 2033 claves,
1398 1989 1469 2024 hoc

186 2049 243 2080 est
263 2046 494 2091 potestatem
517 2040 698 2077 socialem
718 2040 894 2077 Ecclesiae
914 2041 1191 2082 necessariam;
1214 2042 1250 2076 et
1270 2040 1392 2076 claves
1415 2051 1469 2076 re-

183 2097 254 2144 yni
278 2095 467 2137 caelorum,
489 2094 582 2141 quia
607 2092 657 2130 ad
683 2092 929 2129 adducendos
950 2093 1126 2129 homines
1153 2093 1201 2128 ad
1229 2093 1328 2129 hunc
1354 2093 1469 2131 finem

186 2158 409 2196 supremum
435 2145 599 2183 Ecclesia
618 2146 792 2182 instituta
819 2147 889 2181 est.
917 2145 989 2182 Sed
1008 2149 1050 2181 ut
1070 2144 1260 2192 intelligas
1287 2145 1466 2192 amplitu-

188 2202 316 2239 dinem
348 2203 386 2236 et
417 2198 756 2246 independentiam
786 2198 900 2245 hujus
929 2199 1130 2246 potestatis
1158 2199 1271 2234 Petro
1303 2198 1466 2243 collatae,

187 2254 294 2291 addit
322 2253 493 2289 Christus
520 2263 528 2288 :
557 2251 826 2299 quodcumque,
848 2251 920 2288 hoc
945 2256 1001 2287 est
1028 2262 1103 2287 non
1129 2261 1251 2287 unum
1281 2253 1346 2287 aut
1372 2250 1467 2287 alte-

187 2318 286 2351 rum,
314 2306 380 2342 sed
407 2303 677 2353 quodcumque
702 2305 879 2352 ligaveris
905 2305 961 2340 vel
985 2304 1142 2340 solveris
1169 2314 1285 2350 super
1309 2306 1465 2349 terram,

186 2360 350 2407 ligatum
381 2362 448 2394 aut
476 2357 745 2393 solutumerit
779 2358 817 2393 in
844 2356 959 2394 coelis.
988 2356 1112 2393 Habes
1141 2366 1230 2404 ergo
1258 2356 1466 2394 Ecclesiam
