1554 2569
131 150 211 175 ΑΜ.
230 149 279 173 iv.
298 147 342 172 DE
357 145 404 170 us
422 144 500 174 <20AE
515 144 688 169 manum
707 143 744 168 m
762 142 1014 168 vomuunmu
1030 143 1075 168 ex
1091 144 1200 170 nnn:
1217 146 1295 170 nn.
1346 139 1388 172 85

111 221 175 256 ubi
204 218 394 255 invenitur
425 215 591 263 perfecta
629 214 798 262 cognitio
833 214 936 259 finis,
974 214 1025 249 ibi
1070 215 1142 251 erit
1181 216 1390 263 perfectum

111 271 396 314 voluntarium,
387 280 394 288 ·
418 267 520 315 quod
536 271 592 303 est
612 270 890 314 consequenter
903 270 1010 302 actus
1023 268 1230 313 procedens
1242 279 1266 305 a
1280 271 1391 316 prin-

112 325 215 371 cipio
232 324 311 358 inlr
315 324 438 357 insece
454 331 537 356 cum
554 320 723 366 perfecta
743 319 958 365 coqntcione
975 319 1089 366 finis.
1111 331 1197 367 quae
1223 323 1391 369 cognitio

111 376 276 424 perfecta
294 374 458 410 habetur
474 371 628 419 quando
645 371 889 418 cognoscitur
903 373 1006 407 ratio
1022 372 1122 417 finis,
1139 377 1175 409 et
1186 377 1392 434 proportio

111 428 326 464 mediorum
359 435 444 472 quae
465 424 514 460 ad
548 425 665 460 finem
700 425 825 470 ipsum
858 422 1099 460 ordinantur.
1121 445 1166 450 —
1185 426 1230 461 Et
1255 427 1392 474 imper-

111 481 252 517 fectum
270 477 530 515 voluntarium
551 480 606 512 est
626 475 720 511 illud
741 475 1021 535 quodprocedit
1043 476 1206 536 'quidem
1223 489 1248 514 a
1278 490 1392 525 prm-

113 533 216 579 cipio
242 532 448 567 intrinseco
475 529 540 565 sed
579 539 663 564 cum
692 528 911 574 imperfecta
923 516 1152 575 coquitione
1182 530 1302 577 finis:
1338 538 1393 568 est
1439 569 1445 575 ,

112 590 242 622 autem
259 584 342 619 haec
360 582 529 630 cognitio
549 581 784 628 imperfecta,
807 579 960 627 quando
982 582 1287 628 apprehenditur
1306 585 1394 620 finis

113 638 193 673 sine
208 637 281 672 hoc
301 634 404 682 quod
433 638 687 681 cognoscatur
707 633 810 669 ratio
830 634 918 668 finis
929 637 965 669 et
981 635 1183 680 proportio
1204 639 1312 672 actus
1329 647 1393 672 seu

113 689 231 726 medii
247 688 296 724 ad
316 688 431 724 finem
466 686 532 732 (ib.
567 687 646 722 Art.
666 686 727 731 11).
749 706 792 711 —
826 685 1094 723 Voluntarium
1129 688 1394 735 imperfectum

113 746 171 779 est
187 741 304 777 etiam
324 741 363 775 in
389 739 512 775 brutis
530 750 540 784 3
571 738 831 775 voluntarium
851 738 1062 786 perfectum
1082 744 1138 776 est
1161 741 1200 776 in
1223 740 1405 777 homine..

114 799 157 830 ut
174 797 278 840 patet
297 803 343 828 ex
360 791 470 827 dictis
491 793 540 835 (1,
553 791 602 827 111
621 796 657 826 et
678 791 752 836 IV).

168 844 434 882 Voluntarium
452 843 704 879 necessarium
717 847 753 878 et
772 842 943 879 liberum.
966 845 1138 880 Primum
1160 846 1331 892 procedit
1351 858 1396 883 ex

116 897 304 945 principio
329 895 533 931 intrinseco
562 905 650 930 cum
677 895 895 942 cognitione
925 896 1178 934 determinata
1197 898 1246 934 ad
1276 910 1395 935 unum

116 952 246 994 finem,
279 952 322 984 ut
347 947 537 994 contingit
572 947 611 982 in
631 947 767 991 brutis,
789 952 825 983 et
857 949 895 983 in
922 953 1008 984 actu
1035 950 1244 987 voluntatis
1261 956 1303 987 ut
1341 957 1398 988 est

116 1007 267 1039 natura.
299 1020 344 1026 —
375 1000 553 1035 Liberum
582 1004 637 1035 est
664 999 766 1046 quod
796 1000 1006 1046 procedita
1044 1003 1231 1050 principio
1263 1004 1398 1040 intrin-

116 1065 200 1091 seco
221 1064 308 1090 cum
334 1051 592 1088 indifferentia
610 1052 840 1098 cognitionis
856 1063 920 1088 seu
936 1053 1073 1099 judicii
1093 1055 1193 1091 circa
1208 1056 1339 1100 finem,
1358 1063 1399 1092 ut

117 1112 173 1143 est
200 1108 238 1142 in
265 1106 413 1142 actibus
444 1104 738 1152 procedentibus
768 1115 791 1141 a
818 1105 1029 1151 voluntate,
1060 1111 1102 1142 ut
1136 1107 1311 1144 voluntas
1343 1114 1399 1144 est

118 1161 190 1206 (Ps.
212 1160 270 1203 49,
284 1158 315 1193 V
331 1169 339 1202 3
358 1159 432 1202 50).

172 1210 437 1247 Voluntarium
450 1211 491 1245 in
509 1220 548 1245 se
564 1213 601 1245 et
619 1209 880 1245 voluntarium
899 1210 941 1245 in
961 1212 1287 1256 causa.Primum,
1299 1213 1400 1259 quod

120 1265 236 1300 etiam
269 1263 453 1298 directum
481 1261 633 1305 dicitur,
662 1267 717 1297 est
737 1261 831 1297 illud
849 1262 952 1308 quod
985 1264 1157 1309 positive,
1180 1265 1401 1300 immediate

118 1320 156 1352 et
173 1326 241 1362 per
256 1325 295 1350 se
315 1318 373 1350 est
397 1324 419 1349 a
438 1313 633 1349 voluntate
656 1314 847 1349 intentum
866 1325 874 1359 3
897 1318 939 1349 ut
968 1324 1055 1350 cum
1076 1315 1214 1362 aliquis
1238 1316 1402 1352 intendit

120 1368 298 1412 scribere,
327 1370 365 1403 et
402 1366 534 1402 omnia
568 1366 737 1412 disponit
760 1365 808 1401 ad
850 1366 1109 1412 scribendum,
1149 1373 1185 1404 et
1211 1369 1402 1405 calamum

119 1420 253 1467 arripit
269 1429 386 1455 manu
403 1423 440 1454 et
466 1428 636 1464 manum,
653 1422 779 1454 movet
799 1422 836 1453 et
856 1417 1000 1466 dirigit.
1022 1440 1067 1445 -
1082 1420 1351 1457 Voluntarium
1366 1422 1403 1457 in

119 1483 234 1509 causa
256 1476 314 1508 est
340 1470 435 1506 illud
464 1469 566 1517 quod
597 1471 770 1517 positive,
798 1470 1020 1507 immediate
1051 1476 1087 1508 et
1104 1483 1171 1519 per
1190 1484 1229 1509 se
1252 1484 1328 1509 non
1351 1474 1404 1509 in-

120 1525 292 1561 tenditur
315 1535 338 1560 a
355 1523 563 1568 voluntate,
599 1523 812 1559 intenditur
849 1528 978 1560 tamen
999 1524 1145 1572 aliquid
1166 1525 1267 1562 unde
1282 1537 1406 1562 neces-

120 1578 220 1614 sario
246 1577 431 1624 sequitur.
463 1575 503 1611 Ε.
527 1586 578 1623 g.‚
599 1586 688 1612 cum
725 1576 863 1622 aliquis
889 1576 1054 1613 intendit
1084 1577 1144 1614 die
1165 1578 1260 1614 festo
1295 1590 1406 1615 vena-

122 1631 282 1674 tionem,
303 1639 349 1665 ex
368 1639 445 1674 qua
465 1627 673 1675 impeditur
687 1627 819 1664 audire
837 1639 1003 1674 sacrum,
1025 1629 1109 1666 haec
1128 1630 1285 1666 omissio
1301 1633 1409 1667 sacri

122 1687 179 1718 est
215 1681 430 1718 voluntaria
461 1681 499 1715 in
533 1690 660 1716 causa.
682 1680 1013 1716 —Voluntarium
1048 1682 1087 1717 in
1119 1693 1235 1718 causa
1266 1682 1407 1719 dicitur

121 1736 237 1772 etiam
253 1733 498 1770 indirectum:
516 1732 564 1769 ad
573 1732 676 1779 quod
685 1737 761 1769 tres
775 1733 1014 1769 conditiones
1023 1736 1272 1781 requiruntur
1284 1747 1291 1771 :
1305 1738 1348 1770 1³·
1370 1741 1411 1771 ut

122 1797 236 1823 causa
259 1786 473 1822 voluntarie
493 1785 618 1831 posita
647 1796 723 1820 non
758 1785 891 1821 leviter
906 1791 943 1821 et
965 1792 1110 1822 remote
1132 1787 1197 1823 sed
1235 1789 1408 1834 proxime

123 1845 161 1874 et
181 1838 397 1881 efficaciter,
423 1837 550 1884 prouti
573 1837 743 1872 humano
764 1837 880 1873 modo
896 1848 917 1873 a
944 1839 1053 1874 nobis
1070 1839 1235 1885 judicari
1269 1845 1408 1886 potest,

124 1891 260 1928 influat
280 1889 477 1934 effectum3
495 1909 540 1914 —
558 1892 604 1924 2³»
621 1890 723 1935 quod
745 1890 926 1935 praefatus
950 1890 1105 1926 effectus
1121 1893 1289 1938 potuerit
1317 1903 1412 1939 prae-

124 1943 242 1979 videri
258 1954 267 1988 ;
286 1944 330 1978 3³·
351 1962 396 1967 —
413 1940 516 1987 quod
540 1940 713 1976 debuerit
734 1941 947 1987 praevideri,
976 1947 1018 1977 ut
1038 1943 1193 1979 effectus
1217 1945 1411 1980 moraliter

125 1997 338 2042 imputetur
357 1994 498 2041 agenti.
521 2013 566 2019 —
586 1993 699 2028 Plura
720 1992 790 2029 hac
811 1993 857 2029 de
883 2005 922 2029 re
944 1995 1167 2031 moralistoe.

179 2046 446 2084 Voluntarium
472 2045 682 2092 positivum
706 2050 742 2080 et
767 2045 1028 2082 voluntarium
1050 2048 1266 2093 negativum
1289 2059 1297 2083 :
1327 2060 1415 2095 quae

128 2100 166 2136 S.
187 2099 354 2135 Thomas
370 2098 465 2133 ibid.
486 2099 601 2134 Artic.
622 2098 669 2143 11,
689 2102 798 2134 vocat
819 2098 1005 2135 directum
1022 2103 1058 2135 et
1078 2100 1319 2136 indirectum.
1349 2102 1414 2137 Rc-

125 2162 213 2188 vera
237 2151 340 2187 enim
365 2150 626 2186 voluntarium
656 2150 861 2196 positivum
882 2161 970 2186 cum
988 2150 1132 2187 directo
1165 2153 1354 2197 convenit,
1377 2158 1415 2189 et

127 2204 345 2250 negativum
366 2213 453 2238 cum
472 2202 670 2238 indirecto.
690 2202 958 2238 Voluntarium
973 2204 1185 2250 positivum
1205 2209 1262 2240 est
1276 2206 1414 2251 positio

128 2260 234 2292 actus
253 2254 462 2290 voluntatis
481 2255 582 2290 circa
601 2254 760 2301 aliquid,
783 2255 861 2290 sive
882 2254 954 2291 hoc
972 2255 1117 2302 aliquid
1138 2257 1187 2291 sit
1208 2257 1246 2291 in
1265 2267 1303 2291 se
1323 2258 1415 2303 quid

134 2307 354 2355 positivum,
387 2311 429 2341 ut
448 2306 538 2342 velle
553 2306 690 2342 audire
706 2317 871 2350 sacrum,
887 2307 962 2343 sive
984 2308 1032 2343 sit
1061 2308 1152 2353 quid
1181 2309 1414 2355 negativum,

129 2363 172 2396 ut
187 2359 276 2396 velle
291 2368 368 2394 non
387 2358 685 2395 audire-sacrum
706 2371 715 2399 ς
735 2359 997 2395 voluntarium
1023 2360 1239 2407 neyativum
1259 2365 1314 2396 est
1330 2362 1414 2408 pri-
