1584 2569
204 95 267 129 16ss
287 103 346 130 Jus
365 104 528 131 mrum.
545 103 616 129 Lm.
634 104 661 129 1.
683 104 761 130 mr.
777 104 834 129 111.
855 103 897 129 nx
917 104 992 128 orr.
1008 104 1051 129 m·
1069 104 1147 130 sur..
1171 104 1259 130 nou.
1279 105 1373 130 ERGA
1394 105 1482 130 SEH’.

200 175 419 223 acquirendi
435 175 589 212 stabiles
610 175 876 223 proprietates,
898 185 994 222 quas
1014 186 1102 211 cum
1119 176 1266 213 invadit
1288 176 1399 222 alim,
1420 177 1482 213 lae-

201 229 257 266 dit
272 228 471 265 manifeste
484 229 574 275 jura
593 228 774 264 humanae
794 228 1090 275 personalitatis.

246 282 305 318 IX.
321 282 411 326 1mo,
430 284 604 326 spectato
617 281 703 327 jure
720 281 905 326 gentium,
923 281 1096 318 homines
1113 284 1265 319 naturae
1283 282 1408 320 officio
1427 286 1484 320 te-

198 338 352 379 nentur,
373 335 421 371 ad
441 334 669 371 divisionem
695 334 895 370 stabilium
913 335 1208 380 proprietatum.
1236 335 1335 377 Quid
1355 336 1403 372 sit
1419 337 1482 383 jus

200 388 464 435 gentiumjam
479 387 625 423 dictum
642 391 698 422 est
716 388 788 432 (26,
806 386 885 432 ΙΙΙ).
901 387 988 423 Haec
1005 392 1134 424 autem
1149 388 1376 436 propositio,
1396 399 1481 425 meo

201 441 354 488 quidem
365 439 525 487 judicio,
541 440 697 476 inservit
710 449 827 486 quam
842 439 1010 476 maxime
1025 439 1072 477 ad
1091 440 1260 477 tollenda
1273 441 1480 488 aequivooa,

200 504 283 540 quae
317 492 414 529 thesi
442 492 487 528 de
512 493 598 539 jure
625 492 870 539 proprietatis
902 491 1043 528 nedum
1069 494 1242 540 Juniores
1271 493 1336 530 sed
1365 494 1481 530 etiam

198 545 371 582 nonnulli
393 545 615 582 Scholastici
637 545 829 591 ingerunt.
850 544 943 581 Eam
968 550 1097 581 autem
1118 546 1238 593 probo
1269 546 1483 582 rationibus

198 603 234 635 et
253 599 390 643 verbis,
420 597 456 634 S.
485 598 657 641 Thomae,
679 597 776 642 11-11,
799 598 868 639 Qu.
892 597 998 633 LXVI
1017 598 1132 634 Artic.
1155 598 1201 634 II.
1226 599 1269 635 ln
1293 599 1367 635 hoc
1392 600 1483 635 arti-

198 652 282 688 culo
298 661 472 698 quoerens
484 655 613 687 utrum
627 650 739 687 liceat
749 650 874 687 alicui
886 661 962 686 rem
973 651 1146 698 aliquam
1159 652 1274 698 quasi
1278 652 1483 698 propriam

196 705 399 752 possidere,
422 703 498 740 duo
520 704 707 751 principia
723 704 857 739 statuit
878 714 887 739 :
931 705 965 739 1ο
988 703 1137 740 licitum
1164 708 1221 740 est
1240 703 1343 751 quod
1365 704 1482 741 homo

197 758 352 804 propria
368 755 575 803 possideat,
591 760 779 803 quantum
795 755 842 792 ad
859 760 1090 804 potestatem
1108 756 1340 804 procurandi
1357 761 1394 793 et
1411 757 1483 793 dis-

198 809 384 857 pensandi
407 820 415 845 ε
438 809 578 856 quibus
593 809 717 845 verbis
730 809 794 856 jus
821 809 994 846 naturale
1014 810 1148 845 asserit
1170 809 1319 846 homini
1339 809 1388 846 ad
1411 813 1482 846 sta-

197 862 291 898 biles
308 862 584 909 proprietates3
617 862 655 897 2⁰
669 865 708 897 at
724 861 946 897 immediate
959 860 1067 897 addit
1079 862 1333 898 necessarium
1344 872 1423 898 esse
1434 861 1481 898 ad

198 915 409 951 humanam
429 914 548 950 vitam
563 941 572 959 ‚
594 912 698 961 quod
724 913 857 961 procul
877 913 994 950 dubio
1013 914 1198 961 importat
1220 914 1394 962 officium
1411 926 1423 950 .·
1446 919 1482 950 et

197 968 296 1004 hanc
312 967 578 1004 necessitatem
593 966 748 1002 deducit
764 977 809 1002 ex
827 967 985 1014 pacifica
999 971 1036 1002 et
1052 966 1230 1003 ordinata
1245 967 1484 1004 conviventia

198 1021 380 1064 humana,
402 1030 479 1055 non
497 1019 687 1056 abstracte
708 1018 773 1055 sed
794 1023 969 1055 concrete
990 1019 1240 1055 consideratis
1260 1019 1484 1055 hominibus

197 1078 239 1109 ut
258 1077 368 1118 sunt3
397 1072 500 1119 quod
527 1076 583 1109 est
609 1071 785 1119 explicite
805 1071 997 1108 declarare
1024 1073 1198 1119 officium
1221 1072 1315 1108 illud
1338 1083 1418 1109 esse
1438 1083 1484 1109 ex

194 1137 279 1174 Jure
294 1126 480 1173 gentIum.
495 1124 705 1161 Audiamus
718 1125 941 1171 Angelicum
959 1135 966 1159 :
987 1139 1002 1156 ι
1018 1124 1083 1160 Est
1096 1125 1213 1161 etiam
1228 1125 1483 1162 necessarium

197 1178 402 1225 (possidere
425 1188 484 1213 res
509 1176 677 1221 stabiles)
701 1176 748 1213 ad
771 1177 982 1213 humanam
1005 1177 1123 1212 vitam
1147 1181 1304 1224 propter
1325 1178 1412 1214 tria.
1439 1197 1485 1204 —

196 1232 328 1267 Primo
356 1229 526 1278 quidem,
561 1230 651 1276 quia
686 1230 810 1277 magis
839 1229 1024 1266 sollicitus
1060 1233 1115 1265 est
1144 1230 1406 1277 unusquisque
1436 1231 1480 1266 ad

197 1281 483 1330 procurandum
498 1281 657 1328 ahquid,
676 1281 779 1328 quod
795 1281 867 1317 sibi
887 1281 957 1317 soli
972 1281 1169 1328 competit,
1186 1292 1303 1328 quam
1319 1281 1358 1317 id
1380 1282 1483 1329 quod

198 1340 253 1372 est
272 1345 477 1372 commune
506 1335 681 1370 omnium
701 1334 761 1369 vel
777 1334 1013 1380 multorum3
1039 1334 1129 1381 quia
1149 1334 1411 1382 unusquisque
1430 1334 1483 1370 la-

197 1388 329 1424 borem
353 1387 515 1434 fugiens,
546 1386 728 1432 relinquit
759 1385 868 1421 alteri
899 1385 950 1430 id,
983 1385 1086 1432 quod
1115 1386 1282 1432 pertinet
1308 1385 1356 1422 ad
1383 1397 1484 1422 com-

198 1452 326 1485 mune,
360 1440 459 1476 sicut
488 1439 626 1475 accidit
651 1440 689 1473 in
720 1438 968 1474 multitudine
1002 1438 1284 1475 ministrorum.
1318 1459 1363 1464 —
1394 1439 1484 1475 Alio

199 1494 318 1539 modo,
348 1493 438 1540 quia
468 1492 682 1528 ordinatius
708 1502 767 1527 res
796 1491 978 1528 humanae
1009 1495 1235 1536 tractantur,
1263 1492 1295 1527 si
1324 1492 1483 1539 singulis

199 1547 397 1582 immineat
423 1545 580 1592 propria
605 1555 696 1579 cura
718 1544 880 1590 aliqu'us
903 1544 958 1579 rei
985 1543 1265 1590 procurandae:
1297 1549 1394 1580 esset
1419 1555 1483 1579 au-

200 1605 275 1636 tem
297 1598 485 1643 confusio,
505 1598 535 1633 si
556 1597 717 1644 quilibet
740 1596 960 1632 indistincte
978 1595 1159 1643 quaelibet
1179 1602 1415 1643 procuraret.
1441 1618 1481 1624 —

202 1652 340 1697 Tertio,
369 1652 459 1698 quia
484 1661 551 1698 per
578 1650 651 1686 hoc
673 1650 796 1697 magis
820 1650 1000 1696 pacificus
1024 1653 1146 1685 status
1168 1648 1372 1685 hominum
1399 1661 1484 1686 con-

198 1709 381 1749 servatur,
400 1704 493 1739 dum
514 1703 776 1750 unusquisque
794 1713 833 1738 re
851 1713 921 1738 sua
940 1706 1143 1738 contentus
1163 1706 1232 1738 est.
1255 1702 1362 1738 Unde
1382 1702 1485 1739 vide-

198 1768 295 1801 mus,
314 1756 417 1803 quod
437 1757 538 1791 inter
557 1766 634 1799 eos,
657 1755 722 1802 qui
743 1754 1002 1790 communiter
1018 1758 1055 1790 et
1075 1765 1121 1790 ex
1148 1753 1310 1790 indiviso
1339 1754 1483 1801 aliquid

197 1808 404 1857 possident,
428 1807 663 1854 frequentius
676 1807 806 1854 Jurgia
823 1807 1013 1842 oriuntur.
1034 1820 1050 1839 ›

242 1863 284 1899 Χ.
314 1862 535 1898 Corollaria.
562 1881 607 1886 —
634 1859 895 1896 Corollarium
917 1859 1099 1906 primum.
1120 1858 1219 1906 Ergo
1245 1860 1309 1906 jus
1338 1859 1485 1895 stabilis

198 1915 440 1963 proprietatis
462 1925 537 1950 non
556 1918 612 1950 est
632 1924 677 1949 ex
696 1913 845 1961 legibus
868 1912 1054 1957 civilibus,
1077 1916 1120 1947 ut
1142 1916 1229 1960 post
1252 1912 1482 1948 Hobbesium

197 1968 433 2005 contendunt
450 1966 713 2014 Montesquieu
730 1967 769 2002 in
789 1965 900 2010 libro,
920 1965 974 2001 De
995 1965 1157 2011 l’Esprit
1176 1964 1239 2001 des
1263 1964 1349 2010 lois,
1375 1966 1482 2003 Tom.

200 2023 261 2059 ill.
281 2022 362 2059 Lib.
385 2021 507 2058 XXVI.
537 2020 626 2067 Cap.
651 2020 693 2055 V.
716 2019 904 2056 Bentham
931 2023 968 2055 et
993 2019 1072 2056 alii.
1097 2038 1143 2044 —
1166 2018 1284 2066 Leges
1307 2019 1410 2054 enim
1437 2020 1484 2055 ci-

198 2075 288 2111 viles
320 2085 396 2110 non
433 2074 692 2109 determinant
726 2073 798 2108 nisi
827 2073 890 2119 jus
922 2076 1070 2108 naturae
1103 2070 1230 2118 quoad
1264 2072 1483 2116 materiam,

199 2129 270 2172 (25,
294 2126 405 2171 VIII),
430 2131 466 2162 et
488 2127 578 2173 jura
599 2130 747 2162 naturae
770 2124 1020 2169 subaudiunt,
1046 2127 1083 2160 et
1109 2123 1373 2159 conclusiones
1400 2134 1486 2170 quae

197 2184 286 2216 sunt
303 2179 402 2227 juris
423 2179 595 2226 gentium
619 2179 764 2214 sancire
784 2182 821 2215 et
843 2179 936 2225 ipsae
959 2180 1152 2221 tenentur,
1170 2186 1258 2212 cum
1281 2179 1487 2212 teneantur

199 2233 334 2270 bonum
352 2232 545 2269 socletatis
565 2231 761 2267 intendere
782 2235 819 2267 et
838 2240 1058 2278 procurare.

245 2285 502 2323 Corollarium
522 2284 693 2320 alterum.
709 2283 808 2331 Ergo
819 2284 883 2330 J'us
903 2281 1126 2330 acquirendi
1143 2281 1300 2318 stabiles
1315 2282 1484 2329 proprie-

198 2344 293 2376 tates
312 2349 390 2375 non
411 2338 534 2374 oritur
553 2348 599 2374 ex
615 2337 735 2373 libero
759 2336 962 2373 hominum
987 2338 1187 2372 contractu
1207 2335 1283 2371 sive
1303 2344 1482 2381 expresso
