1554 2569
223 160 304 184 Aur.
334 160 386 187 111.
415 160 459 185 nn
485 159 695 185 SUBJEcTtvo
722 160 882 185 cmrsmo
908 160 1145 185 nonninus
1280 149 1326 182 4ss

43 229 79 264 in
108 230 268 265 alteram
305 230 350 266 de
383 231 588 266 existentia
616 231 805 267 libertatis
835 230 1031 274 humanae,
1062 240 1180 276 quam
1216 233 1323 264 extra

42 292 195 318 omnem
215 281 466 319 dubitationis
488 283 612 319 aleam
634 284 671 319 in
691 283 939 330 Psychologia
959 283 1171 328 posuimus

87 334 148 370 VI.
166 335 306 371 Sensus
320 337 489 372 moralis.
505 337 681 381 Sensum,
699 341 740 372 ut
750 336 945 372 criterium
961 335 1192 371 moralitatis
1204 334 1337 370 admi-'

41 387 89 422 sit
109 387 225 423 etiam
253 388 470 424 llutcheson
498 390 746 434 (1694-1747),
769 389 832 436 qui
860 389 1010 424 scoticae
1038 387 1178 424 scholae
1202 387 1326 433 prima

39 439 127 486 Jecit
147 440 412 485 fundamenta,
433 446 471 476 at
493 452 646 477 sensum
669 441 853 489 spirituali
877 441 991 477 modo
1014 444 1227 488 acceptum.
1250 442 1325 475 Au-

42 492 170 528 diatur
200 492 273 529 hac
309 494 347 529 in
380 505 417 530 re
450 494 543 531 Reid
576 495 806 540 (1710-1795)
840 494 1011 540 ejusdem
1046 493 1187 529 scholae
1215 492 1353 528 sacile1

41 544 216 591 princeps
236 555 245 580 ε
266 558 282 577 ‹
298 546 411 581 Juxta
431 556 505 589 me,
531 546 668 592 inquit,
692 546 834 593 species
853 549 984 581 nostra
1002 544 1220 581 facultatem
1241 555 1325 591 pos-

41 596 138 632 sidet
159 596 346 641 innatam,
374 598 482 644 cujus
507 599 645 634 virtute
679 598 769 634 dum
795 598 842 634 ad
870 608 991 634 annos
1018 597 1260 633 discretionis
1282 607 1325 632 ac

40 649 257 685 reflexionis
278 652 532 697 pervenimus,
557 662 633 686 non
651 651 774 686 solum
793 651 990 687 notionem
1011 651 1101 686 boni
1119 652 1155 685 et
1176 649 1268 685 mali
1286 650 1324 684 in

41 712 178 749 genere
195 703 442 749 acquirimus,
464 703 529 740 sed
548 704 704 751 insuper
725 703 1036 750 recognoscimus
1058 702 1246 749 quosdam
1266 712 1330 750 ac-v

41 759 103 790 tus
111 765 192 790 esse
203 755 323 791 bonos
333 759 367 791 et
378 756 567 803 quosdam
576 757 713 792 malos.
727 771 742 789 »
753 777 796 781 —-
807 757 963 792 OEuvres
972 755 1179 801 completas,
1191 754 1290 790 trad.
1302 765 1324 789 a

39 806 224 853 Jouffroy,
244 807 350 843 Tom.
378 809 436 852 VI,
459 819 548 856 pag.
578 811 658 845 152.
686 810 773 844 Haec
794 808 955 844 facultas
974 808 1120 850 innata,
1145 807 1332 845 distincta,

43 869 65 894 a
90 860 253 903 ratione,
281 859 347 895 sed
376 861 551 896 sensibus
579 861 692 907 longe
720 862 905 908 superior,
926 860 1035 906 cujus
1062 863 1118 895 est
1134 858 1330 906 judicium>

43 911 210 958 proferre
222 911 266 947 de
282 915 477 948 actionum
494 913 898 958 moralitate‚vocatur
917 913 1034 948 etiam
1055 923 1076 948 a
1097 911 1187 947 Reid
1204 911 1328 957 sacul-

43 968 100 999 tas
135 963 307 1008 moralis,
340 975 470 1001 sensus
497 965 668 1008 moralis,
709 965 954 1010 conscientia,
986 968 1021 1000 et
1056 963 1328 1011 correspondet,

43 1017 248 1052 instinctui
265 1027 374 1063 coeco,
396 1029 473 1064 quo
495 1019 532 1053 in
553 1017 849 1066 speciilabilibus
867 1018 991 1063 prIma
1009 1016 1194 1064 principia
1215 1016 1328 1062 syllo-

42 1069 169 1115 gismi,
197 1073 234 1105 et
262 1069 300 1104 in
327 1071 436 1116 praxi
463 1071 589 1118 prima
615 1070 803 1118 principia
832 1070 976 1105 ordinis
1004 1069 1158 1105 moralis
1184 1069 1324 1104 imme-

43 1121 145 1158 diate
181 1123 459 1169 cognoscimus.
493 1124 535 1159 In
576 1123 676 1159 hanc
711 1123 933 1171 opinionem
978 1121 1172 1158 descendit
1208 1121 1326 1158 Theo-

43 1173 160 1209 dorus
195 1174 378 1221 Jouffroy,
414 1176 480 1221 qui
509 1186 733 1223 supremum
765 1176 962 1212 criterium
989 1174 1157 1211 veritatis
1184 1174 1222 1209 in
1249 1174 1325 1209 fide

42 1237 142 1262 cceca
162 1227 200 1262 in
222 1228 467 1263 veracitatem
494 1233 714 1264 nostrarum
740 1228 966 1264 facultatum
993 1227 1165 1274 reposuit
1186 1227 1239 1271 (L.
1266 1228 1322 1270 63,

45 1280 87 1314 vl
103 1283 140 1314 et
157 1279 249 1324 VII).

87 1332 167 1368 VII.
193 1333 347 1378 critica,
374 1333 512 1369 Schola
544 1334 687 1369 scotica
714 1333 849 1369 eadem
870 1334 908 1369 in
935 1344 974 1369 re
1007 1332 1142 1368 morali
1167 1332 1325 1367 offendit

43 1385 268 1430 gravissima
288 1385 548 1431 incommoda,
571 1396 657 1433 quae
673 1386 798 1422 eidem
811 1386 848 1421 in
867 1386 1006 1432 Logica
1022 1385 1232 1432 objecimus
1251 1386 1323 1428 (63,

45 1437 116 1483 lx).
143 1438 292 1473 Etenim
325 1438 420 1473 sicut
445 1438 543 1474 ratio
567 1438 739 1474 humana
767 1438 813 1474 de
836 1438 1058 1474 veritatibus
1083 1437 1324 1483 speculativis

43 1489 293 1525 ratiocinatur
320 1490 374 1527 ita
399 1495 436 1527 et
462 1490 508 1527 de
532 1491 756 1528 veritatibus
782 1491 959 1537 practicis
985 1501 993 1526 :
1028 1500 1114 1537 quae
1142 1501 1162 1525 a
1190 1489 1324 1536 primis

44 1552 120 1578 non
129 1542 312 1578 differunt
322 1543 395 1578 nisi
408 1543 710 1589 accidentaliter,
728 1555 773 1579 ex
782 1554 858 1590 qua
867 1548 976 1591 parte
994 1553 1131 1590 nempe
1147 1543 1324 1578 ordinan-

43 1597 105 1630 tur
134 1594 182 1630 ad
219 1595 450 1641 regulandas
483 1596 653 1632 actiones
671 1596 895 1632 voluntatis.
922 1596 1027 1632 Unde
1057 1595 1258 1631 intulimus
1286 1596 1324 1630 in

43 1647 294 1694 Psychologia
305 1649 376 1694 (29,
390 1649 497 1695 VIII),
509 1649 744 1686 intellectum
756 1649 1032 1696 speculativum
1044 1651 1080 1685 et
1091 1648 1324 1684 intellectum

42 1700 254 1746 practicum
274 1711 355 1737 esse
375 1712 493 1737 unam
522 1702 778 1749 eamdemque
805 1702 1027 1738 facultatem
1048 1701 1169 1737 animi
1188 1701 1320 1736 nostri.

42 1753 156 1800 Atqui
174 1757 363 1801 repugnat
387 1754 560 1790 absolute
587 1755 689 1802 quod
710 1755 836 1802 prima
857 1754 1042 1801 principia
1070 1753 1260 1789 ratiocinii
1286 1753 1323 1787 in

42 1806 285 1851 speculativis
306 1807 563 1842 admittantur
576 1818 643 1854 per
668 1808 892 1843 instinctum
921 1817 1065 1843 caecum
1089 1810 1125 1842 et
1149 1807 1231 1841 sine
1252 1806 1325 1841 evi-

43 1858 174 1894 dentia
189 1859 244 1902 (L.
266 1859 324 1903 63,
343 1858 434 1904 VII).
459 1860 558 1905 Ergo
579 1864 616 1894 et
636 1859 772 1895 eadem
792 1860 1047 1906 repugnantia
1069 1859 1177 1894 adest
1196 1857 1323 1904 quoad

43 1910 169 1956 prima
195 1910 382 1958 principia
402 1911 591 1947 ratiocinii
614 1912 651 1946 in
670 1912 785 1948 rebus
806 1911 984 1959 practicis
1002 1922 1069 1947 seu
1090 1911 1320 1947 moralibus.

90 1963 186 1999 VIII.
213 1963 603 2000 sentimentalismus.
626 1963 762 1999 Affinis
788 1963 988 2010 systemati
1014 1973 1147 1998 sensus
1169 1962 1326 1998 moralis

40 2015 183 2052 scholae
206 2017 356 2053 scoticae
382 2022 439 2052 est
459 2016 587 2053 Jacobi
608 2016 966 2052 sentimentacismus
985 2016 1038 2062 (L.
1064 2017 1122 2060 63,
1144 2017 1172 2051 X
1192 2019 1230 2051 et
1250 2016 1324 2061 XI),

45 2068 111 2114 qui
131 2079 309 2105 normam
329 2070 560 2105 moralitatis
584 2069 734 2117 reponit
758 2070 813 2105 vel
834 2069 872 2104 in
890 2068 1090 2104 affectione
1117 2068 1246 2114 aliqua
1272 2069 1326 2103 in-

44 2123 153 2156 terna
172 2121 247 2157 sive
274 2122 444 2157 sensibili
467 2122 542 2158 sive
574 2121 764 2169 spirituali
792 2131 877 2168 quae
908 2131 977 2156 nos
1002 2120 1148 2156 inducit
1175 2120 1223 2156 ad
1248 2119 1326 2156 alia

44 2173 324 2219 prosequenda,
347 2175 395 2209 ad
416 2175 492 2210 alia
511 2185 600 2210 vero
616 2174 785 2219 vitanda,
804 2173 865 2210 vel
882 2174 921 2209 in
946 2174 1099 2209 interna
1124 2173 1245 2208 animi
1264 2183 1325 2208 sa-

45 2224 259 2262 tisfactione
285 2237 401 2273 quam
428 2228 649 2273 experimur
672 2227 712 2262 in
737 2226 957 2269 benefactis,
991 2228 1057 2262 aut
1083 2226 1122 2261 in
1148 2235 1324 2261 remorsu

45 2287 122 2323 quo
146 2278 325 2326 angimur
350 2280 388 2314 in
409 2279 633 2322 malefactiS,
654 2279 713 2315 vel
730 2279 893 2325 denique
912 2289 1002 2315 cum
1018 2277 1142 2314 Smith
1163 2278 1202 2314 in
1223 2288 1323 2324 sym·

47 2330 179 2375 pathia
197 2331 253 2367 vel
277 2331 494 2379 antipathia
525 2343 642 2378 quam
675 2332 896 2378 experimur
926 2341 1018 2378 erga
1044 2330 1247 2367 nonnullas
1265 2340 1326 2365 ac-

46 2381 168 2419 tiones
193 2394 402 2430 earumque
429 2388 617 2421 auctores.
638 2384 783 2432 Ubique
806 2384 909 2421 enim
935 2388 992 2420 est
1019 2382 1322 2427 subjectivismus
