1554 2569
199 114 241 146 10
367 122 493 148 Ernlca
519 122 588 148 Lm.
615 123 640 148 Ι.
669 121 749 149 ΟΑΡ.
778 124 804 149 1.
830 123 875 149 DE
900 123 1030 149 nmmo
1057 123 1207 149 nonnus
1235 123 1314 150 FINE

196 193 363 230 mediate
383 194 554 241 quidem,
573 194 639 230 sed
659 205 791 236 revera
809 194 926 231 habet
946 193 1024 230 vim
1044 194 1224 231 movendi
1246 205 1268 231 a
1288 195 1362 230 sine
1382 195 1428 240 X,
1444 200 1486 231 ut

195 257 219 282 a
237 256 356 283 causa
375 247 502 293 prima
524 257 532 283 :
552 249 589 283 et
605 251 757 283 remota
776 257 907 291 causa,
927 251 1147 282 removetur
1166 247 1337 283 effectus.
1356 248 1488 283 Proce-

195 298 321 335 dendo
350 303 481 335 autem
513 300 553 336 in
588 300 782 336 infinitum
814 309 948 335 revera
975 299 1192 336 excluditur
1218 301 1250 336 X
1281 299 1337 347 (T.
1363 301 1399 345 5,
1426 301 1487 345 II).

193 352 291 399 Ergo
308 362 386 387 non
403 351 562 388 daretur
580 352 717 398 aliquis
733 351 824 399 sinis
845 362 1004 388 movens
1020 352 1275 395 voluntatem,
1294 356 1332 388 et
1356 362 1489 388 conse-

194 408 358 451 quenter
382 405 561 441 voluntas
582 404 628 441 de
651 405 751 441 facto
780 404 877 441 nihil
897 404 1022 441 vellet.
1045 405 1155 448 Quod
1179 409 1236 440 est
1260 404 1486 441 absurdum.

194 457 313 503 Igitur
331 457 509 494 voluntas
529 457 647 494 etiam
667 458 786 494 libere
809 467 929 504 agens
949 457 1047 494 sicut
1073 458 1152 504 agit
1178 461 1336 505 propter
1355 459 1485 502 finem,

193 510 248 546 ita
267 520 420 546 necesse
441 513 499 546 est
523 513 565 545 ut
591 514 682 558 agat
707 514 864 558 propter
884 509 1053 557 aliquem
1079 510 1262 546 ultimum
1288 510 1416 547 finem.
1445 511 1485 546 P·

193 563 272 607 1·11,
293 563 363 605 Qu.
384 564 414 607 1,
435 563 553 599 Artic.
575 564 635 600 IV.

239 616 286 652 11.
308 616 474 652 Ultimus
493 617 581 652 finis
600 619 760 662 propter
780 626 893 662 quem
910 618 1093 653 voluntas
1114 617 1197 662 agit
1220 619 1280 653 est
1296 625 1396 652 nnus
1418 625 1488 661 pro

192 669 369 705 omnibus
382 669 603 705 hominihus
617 670 821 715 objective‚
837 679 906 706 seu
920 670 1131 706 secundum
1147 670 1340 706 rationem
1357 669 1488 705 ultimi

192 721 281 757 finis
296 722 473 767 quamvis
486 731 564 758 non
577 723 630 759 sit
642 723 744 759 idem
758 722 987 768 subjective,
1001 731 1139 767 nempe
1157 722 1283 767 quoad
1301 722 1488 768 judicium

193 783 268 819 qno
289 774 574 811 determinatur
592 775 634 811 in
651 784 726 820 quo
739 775 828 811 finis
841 775 972 811 ultimi
990 775 1094 811 ratio
1114 775 1326 810 invenitur.
1346 775 1488 810 Proba-

193 831 255 862 tur
268 829 399 874 prima
416 838 513 874 pars
537 828 824 875 propositionis.
846 827 994 863 Etenim
1015 826 1174 863 ultimus
1195 827 1281 863 finis
1305 826 1489 873 objective

192 882 400 926 spectatus,
421 890 488 915 seu
516 880 729 917 secundum
755 880 946 917 rationem
968 879 1095 916 ultimi
1116 879 1217 924 finis,
1242 883 1301 915 est
1322 878 1361 915 id
1384 880 1488 927 quod

191 932 359 979 complet
379 932 653 979 perfectionem
673 933 858 977 hominis,
875 932 1063 980 explendo
1085 932 1255 969 totaliter
1274 932 1485 968 voluntatis

191 984 426 1021 desiderium
437 989 480 1021 ut
495 996 614 1033 supra
627 985 773 1022 dictum
788 989 859 1021 est.
875 986 991 1032 Atqui
1005 995 1141 1021 omnes
1152 985 1329 1021 homines
1343 995 1388 1021 eo
1402 985 1486 1032 ipso

191 1037 296 1085 quod
317 1042 439 1084 agunt
465 1042 623 1085 propter
649 1037 831 1074 ultimum
857 1039 990 1082 finem,
1011 1038 1193 1084 consequi
1218 1037 1421 1073 intendunt
1449 1037 1486 1074 id

192 1090 299 1137 quod
328 1090 564 1138 importatur
592 1092 631 1127 in
657 1091 807 1128 ratione
833 1091 1025 1128 essentiali
1058 1091 1185 1127 ultimi
1216 1091 1317 1134 finis,
1348 1101 1486 1136 nempe

192 1143 426 1189 completam
447 1143 721 1191 perfectionem
741 1155 808 1190 per
827 1154 946 1190 quam
966 1143 1166 1191 expleatur
1191 1143 1360 1179 totaliter
1387 1142 1485 1179 desi-

192 1196 342 1232 derium
362 1196 584 1232 voluntatis.
601 1197 679 1233 Hoc
698 1201 844 1242 autem,
861 1196 1046 1244 obJective
1066 1199 1296 1243 spectatum,
1317 1206 1394 1232 non
1415 1207 1482 1244 po·

192 1251 264 1284 test
284 1259 367 1285 esse
387 1249 461 1284 nisi
480 1259 611 1294 unum,
633 1248 724 1295 quia
740 1259 829 1284 cum
850 1249 889 1284 in
906 1249 1087 1285 omnibus
1104 1247 1327 1284 hominibus
1347 1248 1482 1285 eadem

192 1302 241 1337 sit
254 1301 433 1349 specifica
447 1306 587 1337 natura
600 1301 812 1346 rationalis,
826 1302 979 1338 nonnisi
994 1312 1062 1348 per
1075 1300 1254 1337 eamdem
1270 1301 1483 1336 bonitatem

193 1353 318 1389 eidem
344 1358 494 1390 naturae
519 1354 812 1390 convenientem
838 1354 1048 1390 ultimatim
1070 1355 1230 1399 possunt
1257 1352 1482 1389 beatificari.

193 1407 292 1454 Ergo
313 1406 400 1442 finis
420 1407 581 1443 ultimus
600 1406 785 1453 objective
805 1410 1000 1453 spectatus
1019 1408 1078 1442 est
1097 1416 1198 1442 unus
1217 1415 1286 1452 pro
1304 1406 1486 1442 omnihus

193 1459 429 1495 hominibus.

240 1511 417 1550 Secunda
438 1522 535 1559 pars
560 1512 837 1559 propositionis
864 1512 964 1548 sacto
984 1512 1068 1559 ipso
1090 1510 1380 1558 comprobatur.
1400 1511 1484 1548 Non

193 1565 296 1601 enim
317 1575 453 1601 omnes
473 1564 651 1601 homines
670 1565 900 1601 conveniunt
922 1565 961 1601 in
987 1563 1227 1612 designanda
1252 1574 1293 1600 re
1320 1574 1407 1612 quae
1427 1575 1486 1600 ra-

196 1618 340 1655 tionem
370 1617 487 1653 habet
515 1617 641 1654 ultimi
669 1618 769 1654 finis.
798 1617 962 1660 Quidam
989 1617 1093 1653 enim
1120 1617 1273 1653 divitias
1300 1621 1485 1665 tanquam

195 1673 509 1707 consummatum
529 1670 674 1706 bonum
689 1672 880 1717 quaerunt,
903 1670 1061 1718 quidam
1077 1670 1308 1716 voluptates,
1328 1670 1486 1718 quidam

196 1722 374 1770 gloriam,
397 1722 558 1769 quidam
578 1725 822 1769 potestatem,
847 1726 920 1759 etc.
942 1723 994 1759 Eo
1018 1722 1137 1759 ferme
1161 1722 1293 1768 modo,
1314 1726 1356 1759 ut
1375 1727 1484 1759 notat

195 1777 233 1812 S.
255 1775 438 1818 Thomas,
459 1786 536 1823 quo
554 1777 659 1812 omni
683 1775 813 1823 gustui
834 1775 1060 1813 delectabile
1079 1779 1138 1812 est
1158 1775 1286 1819 dulce;
1307 1775 1373 1811 sed
1394 1776 1482 1821 qui-

194 1828 358 1865 busdam
385 1829 553 1865 maxime
581 1828 816 1865 delectabilis
845 1832 903 1865 est
932 1827 1096 1865 dulcedo
1123 1828 1216 1871 vini,
1248 1828 1482 1874 quibusdam

195 1881 355 1917 dulcedo
375 1881 515 1927 mellis,
539 1885 607 1918 aut
627 1881 789 1928 alicujus
807 1881 956 1920 talium.
977 1900 1025 1907 —-
1044 1894 1065 1914 «
1085 1880 1184 1917 Illud
1205 1883 1335 1916 tamen
1359 1879 1483 1926 dulce,

195 1933 302 1970 addit
367 1934 516 1980 pienter
533 1935 569 1971 S.
584 1935 740 1980 Doctor,
759 1936 911 1982 oportet
931 1933 1157 1982 simpliciter
1173 1944 1256 1970 esse
1271 1933 1409 1970 melius
1427 1933 1489 1970 de·

194 1986 318 2023 lectab
350 1997 382 2030 e,
399 1987 438 2022 in
453 1997 529 2034 quo
547 1987 715 2023 maxime
734 1986 947 2024 delectatur
965 1986 1031 2034 qui
1049 1985 1167 2023 habet
1187 1986 1376 2033 optimum
1399 1995 1488 2033 gus-

195 2042 300 2083 tum;
323 2041 359 2074 et
378 2039 555 2075 similiter
572 2039 668 2076 illud
685 2039 833 2076 bonum
853 2042 1005 2087 oportet
1025 2048 1109 2075 esse
1122 2038 1487 2084 completissimum,

195 2090 299 2137 quod
316 2095 503 2137 tanquam
516 2091 698 2128 ultimum
718 2093 835 2128 finem
853 2092 1002 2139 appetit
1021 2091 1169 2128 habens
1188 2090 1370 2128 affectum
1389 2090 1487 2128 bene

195 2144 441 2191 dispositum.
463 2156 479 2177 ι)
503 2164 548 2171 -
567 2146 608 2180 P.
628 2145 706 2189 1-11‚
726 2145 798 2186 Qu.
815 2145 844 2190 1,
863 2145 980 2181 Artic.
1000 2144 1077 2180 vn.

240 2197 305 2233 111.
317 2196 483 2233 Ultimus
494 2197 582 2233 finis
593 2200 753 2242 propter
766 2207 880 2242 quem
895 2197 1009 2234 homo
1023 2196 1106 2243 agit
1115 2205 1194 2233 non
1205 2200 1266 2234 est
1280 2196 1371 2243 qnid
1382 2205 1487 2234 mere
1553 2181 1554 2185 Ἰ

195 2249 449 2294 abstractum,
464 2249 532 2287 ned
546 2250 707 2286 realiter
721 2250 869 2286 existit.
889 2250 976 2285 Hoeo
993 2249 1208 2296 propositio
1223 2249 1285 2286 vix
1302 2258 1346 2285 ac
1365 2259 1412 2285 ne
1425 2248 1485 2285 vix

197 2302 353 2349 quidem
367 2302 596 2350 probatione
610 2301 779 2349 indiget;
798 2301 990 2349 siquidem
1004 2301 1138 2348 negari
1158 2302 1293 2349 nequit
1312 2301 1485 2349 ejusdem

195 2356 339 2394 ,veritas
358 2355 453 2405 quin
471 2354 588 2393 simul
607 2359 769 2403 negetur
788 2355 900 2392 Deus.
922 2355 1074 2391 Etenim
1092 2365 1170 2392 non
1189 2353 1379 2393 libertatis
1398 2364 1485 2391 nos·
