1554 2569
519 161 600 186 mr.
619 160 671 185 1v.
697 159 742 185 nn
760 159 850 185 LEGE
868 159 1031 184 POSITIVA
1354 152 1420 187 109

135 246 259 272 omnes
278 234 373 271 cives
390 233 442 270 ad
459 233 594 269 bonum
616 242 807 268 commune
824 231 1018 268 societatis
1026 232 1314 278 procurandum
1336 244 1416 269 con·

134 292 307 333 currant,
328 291 365 323 et
384 287 460 323 alia
475 286 616 322 similia
640 296 649 320 ι
672 295 758 332 quae
784 291 914 320 tamen
934 295 1084 321 necesse
1105 289 1161 320 est
1181 289 1223 320 ut
1243 286 1282 320 in
1304 287 1421 332 parti·

136 340 255 377 culari
280 339 596 383 determinentur,
615 337 664 373 ad
683 337 756 373 hoc
773 341 816 372 ut
834 337 1004 373 actiones
1021 337 1060 372 in
1088 337 1310 384 particulari
1332 337 1422 374 diri-

137 397 294 440 gantur3
314 392 413 428 sicut
440 390 544 438 quod
564 391 630 437 qui
656 393 787 437 peccat
813 389 996 436 puniatur
1020 389 1090 425 hoc
1115 390 1173 425 vel
1199 390 1273 426 tali
1298 391 1420 435 modo,

137 445 240 491 quod
264 445 364 481 cives
387 446 618 479 concurrant
643 442 692 478 ad
716 442 861 478 bonum
888 452 1094 478 commune
1119 442 1326 489 vectigalia
1350 444 1422 479 sol-

136 498 265 543 vendo,
292 501 365 534 etc.
391 497 484 538 Quoe
509 496 641 531 omnia
665 506 753 531 cum
774 494 1079 531 determinentur
1095 505 1117 530 a
1136 495 1218 542 lege
1245 496 1421 543 positiva,

137 550 309 598 sequitur
332 548 436 596 quod
463 549 545 596 ipsa
570 547 799 584 determinet
824 547 1082 583 indcrminata
1104 558 1127 583 a
1150 547 1233 595 lege
1260 553 1422 584 naturae.

138 602 212 639 Sed
239 601 396 639 additur
423 600 526 648 quod
562 601 611 636 sit
639 601 836 636 ordinatio
867 610 1033 635 consona
1062 599 1138 646 leyz‘
1161 605 1324 636 naturoe.
1349 601 1424 636 Lex

137 655 240 691 enim
273 654 448 702 positiva,
482 663 526 689 eo
556 654 639 700 ipso
675 652 778 699 quod
802 652 1024 687 hominibus
1057 652 1283 699 imponitur,
1312 653 1425 689 debet

136 718 217 744 esse
245 705 456 744 secundum
483 705 672 741 rationem
710 708 867 749 rectam,
907 708 944 740 et
980 710 1259 751 consequenter
1292 716 1424 741 secun-

137 760 231 796 dum
247 760 370 807 legem
391 763 539 794 naturae
562 768 570 792 :
592 756 696 805 quod
716 757 747 792 si
771 756 922 792 recedat
941 767 963 792 a
980 761 1083 792 recta
1102 758 1263 801 ratione,
1286 757 1422 793 dicitur

137 813 197 848 Iex
210 811 359 859 iniqua,
374 812 474 847 etsie
490 809 688 846 nonhabet
705 810 892 845 rationem
904 809 1083 855 leqis,sed
1096 812 1220 856 magis
1234 810 1426 846 violentia.-

137 864 353 911 cujusdam.
374 883 420 890 —
441 863 523 908 1-11‚
543 863 613 903 Qu.
629 862 754 906 XCIII,
784 863 863 897 Art.
884 862 948 906 111,
968 861 1015 896 ad
1036 864 1070 897 2.

183 917 230 954 11.
249 916 392 953 Divisio
412 915 510 961 18915
529 915 721 960 positivae.
742 915 818 949 Lex
841 918 970 949 autern
988 914 1153 961 positiva
1180 914 1365 951 dividitur
1384 916 1423 952 in

138 971 310 1006 divinam
338 973 375 1005 et
410 968 628 1004 humanam.
659 968 794 1002 Divina
829 967 894 1002 illa
930 972 986 1002 est
1023 977 1110 1013 quae
1145 967 1262 1003 libere
1296 978 1318 1003 a
1350 968 1425 1003 Deo

138 1023 252 1059 datur
267 1021 503 1065 hominibus,
522 1025 564 1056 ut
581 1023 670 1055 sunt
692 1019 795 1066 leges
816 1023 899 1054 tum
919 1020 1057 1055 veteris
1077 1024 1160 1054 tum
1190 1021 1279 1055 novi
1299 1021 1425 1055 Testa-

138 1075 283 1120 menti3
304 1074 477 1110 humana
501 1076 558 1108 est
584 1072 649 1107 illa
675 1081 762 1118 quae
793 1072 840 1107 ab
869 1071 1091 1107 hominibus
1116 1076 1346 1118 potestatem
1374 1083 1428 1108 re-

140 1126 253 1174 gendi
277 1126 598 1163 communitatem
625 1124 857 1160 habentibus
877 1124 1138 1159 constituitur.
1165 1124 1210 1160 Et
1236 1124 1319 1160 haec
1341 1125 1429 1160 sub-

140 1179 324 1215 dividitur
339 1179 378 1215 in
398 1178 547 1215 civilem
566 1181 604 1213 et
623 1176 931 1221 ecclesiasticam,
959 1176 1171 1213 secundum
1198 1178 1302 1224 quod
1325 1178 1383 1213 vel
1405 1189 1427 1214 a

139 1235 328 1279 potestate
344 1230 610 1274 ecclesiastica,
628 1229 687 1265 vel
706 1240 730 1264 a
745 1233 933 1276 potestate
951 1229 1051 1264 civili
1064 1230 1248 1276 procedit.
1265 1244 1280 1262 α
1302 1230 1426 1266 Factae

139 1288 229 1318 sunt
252 1284 347 1328 leqes
369 1282 557 1326 humanoe,
579 1286 622 1316 ut
640 1291 772 1317 earum
795 1285 901 1316 metu
923 1281 1095 1317 humana
1118 1287 1338 1318 coerceatur
1358 1293 1424 1317 au-

139 1334 261 1379 dacia,
280 1338 440 1381 tutaque
460 1334 509 1368 sit
529 1333 629 1369 inter
649 1333 846 1380 improbos
866 1333 1111 1379 innocentia3
1134 1339 1171 1369 et
1189 1334 1228 1369 in
1250 1335 1341 1381 ipsis
1357 1336 1421 1369 im·

139 1387 269 1434 probiS
288 1385 447 1422 fundato
473 1385 660 1432 supplicio
682 1384 894 1422 refrenetur
914 1385 1077 1421 nocendi
1099 1386 1269 1422 libertas.
1294 1401 1309 1419 ι
1338 1387 1424 1422 llaec

140 1437 308 1475 Isidorus
324 1439 364 1474 in
380 1438 461 1473 Lib.
477 1438 507 1472 V
525 1437 758 1484 Etymoloq„
781 1437 869 1484 Cap.
893 1437 967 1473 XX.

185 1491 251 1528 111.
269 1491 435 1536 Quaestio
453 1491 591 1536 prima.
614 1491 680 1526 Hic
700 1494 830 1525 autem
850 1490 1038 1527 estnobis
1061 1491 1223 1538 quaestio
1252 1496 1427 1538 respectu

138 1543 233 1591 legis
253 1543 393 1579 divinae
412 1553 501 1579 cum
519 1542 770 1578 rationalistis
791 1543 972 1579 omnibus
993 1543 1059 1589 qui
1080 1544 1271 1580 rationem
1294 1544 1428 1579 huma-

138 1606 229 1631 nam
254 1599 297 1631 ut
324 1600 580 1641 autonomam,
603 1594 675 1631 hoc
699 1599 754 1630 est
784 1595 1108 1642 independentem
1135 1606 1157 1631 a
1186 1607 1429 1643 quocumque

139 1648 326 1696 principio
346 1648 560 1695 legislativo
586 1647 730 1692 divino,
753 1652 789 1683 et
817 1647 1016 1684 dominam
1034 1649 1279 1695 propriarum
1299 1649 1429 1696 legum

139 1700 391 1748 proclamant.
425 1700 497 1742 Qui
533 1700 806 1736 autonomistae
844 1700 1034 1736 trifariam
1073 1700 1190 1736 dividi
1228 1706 1389 1748 possunt
1420 1712 1427 1736 :

140 1755 177 1788 1⁰
208 1763 346 1800 nempe
377 1756 466 1788 sunt
497 1752 601 1789 athei
637 1753 716 1799 qui,
750 1763 839 1789 cum
868 1753 935 1788 Dei
968 1754 1152 1789 creatoris
1184 1754 1428 1789 existentiam

139 1805 372 1850 inficientur,
395 1815 551 1841 omnem
570 1805 852 1852 legislationem
873 1804 1044 1840 divinam
1065 1816 1084 1840 e
1107 1805 1236 1841 medio
1255 1805 1401 1852 pellunt
1418 1817 1426 1840 :

139 1856 186 1892 de
212 1856 273 1892 his
295 1857 392 1892 nihil
417 1861 474 1892 est
500 1857 720 1901 dicendum,
748 1857 840 1902 quia
865 1867 930 1893 eos
955 1857 1047 1893 alibi
1067 1858 1150 1903 jam
1176 1857 1428 1893 refutavimus

140 1910 153 1954 (
170 1909 210 1944 T.
228 1911 247 1944 3
265 1913 304 1945 et
322 1910 444 1956 seqq.)
459 1920 469 1954 3
490 1929 535 1934 —
552 1911 590 1944 2⁰
606 1908 806 1953 idealistae‚
826 1909 905 1955 qui⁷
928 1908 1024 1944 duce
1041 1910 1255 1955 praesertim
1276 1910 1428 1955 Kantio‚

139 1972 217 1997 non
237 1972 260 1997 a
281 1972 411 1998 rerum
432 1964 571 1997 natura
595 1961 836 2008 cognitiones
858 1965 895 1996 et
921 1962 1102 1997 veritates
1123 1966 1207 1997 tum
1228 1962 1432 2010 metaphy-

139 2014 236 2050 sicas
265 2018 350 2050 tum
375 2013 540 2050 morales
561 2013 776 2049 intellectus
799 2013 934 2058 nostri,
956 2012 1023 2049 sed
1050 2024 1072 2049 a
1098 2014 1271 2061 subjecto
1299 2019 1430 2050 nostro

139 2066 319 2102 rationali
342 2066 571 2113 obJectivam
592 2066 783 2102 rationem
803 2076 932 2101 rerum
958 2066 1174 2102 metiuntur
1195 2077 1203 2102 ε
1226 2078 1272 2103 ex
1290 2068 1429 2113 quibus

140 2118 338 2166 principiis
357 2119 605 2165 consequitur
624 2118 814 2154 rationem
836 2117 1049 2154 humanam
1064 2129 1110 2154 ex
1129 2129 1168 2154 se
1190 2122 1226 2155 et
1246 2119 1428 2166 indepen-

142 2169 277 2206 denter
296 2181 319 2206 a
343 2170 457 2206 rebus
477 2174 514 2206 et
534 2181 557 2206 a
575 2171 666 2214 Deo,
692 2181 771 2206 esse
799 2170 1031 2217 principium
1059 2171 1228 2207 scientiae
1258 2171 1428 2215 moralis,

140 2222 189 2257 ab
207 2233 328 2268 eaque
349 2222 514 2269 pendere
534 2223 730 2259 criterium
749 2222 962 2259 honestatis
982 2227 1019 2258 et
1040 2223 1292 2270 turpitudinis
1311 2224 1429 2260 actio-

140 2284 235 2309 num
255 2274 530 2311 humanarum.
554 2274 792 2319 Idealismus,
814 2279 857 2311 ut
880 2275 1042 2322 quisque
1063 2275 1180 2320 videt,
1203 2280 1259 2311 est
1279 2275 1429 2312 fucatus

141 2325 407 2372 pantheismus
450 2331 486 2363 et
531 2327 738 2363 atheimus.
787 2327 879 2368 Quae
927 2327 1115 2376 principia
1159 2328 1348 2364 Kantiana
1391 2333 1428 2364 et

142 2377 354 2415 idealistica
381 2391 461 2416 esse
487 2380 654 2416 absurda
679 2380 769 2416 alibi
801 2380 1040 2416 ostendimus
1071 2381 1144 2427 (Ps.
1168 2382 1228 2426 27,
1253 2380 1294 2418 V.
1323 2391 1429 2428 seqq.

212 2457 353 2483 ΖισιιΑιΑ.
374 2456 490 2483 Summa
504 2455 711 2492 philosophica.
737 2457 769 2482 Τ.
788 2457 828 2484 lu
1309 2461 1326 2488 8
