1584 2569
227 159 286 191 366
691 166 790 192 mnrx
810 165 1054 193 mansuem

228 233 460 268 Idealisrnus.
484 235 521 267 1..
544 235 598 275 50,
616 235 661 268 XI
682 239 716 267 et
734 234 810 267 XII.

228 291 424 371 Idgntitas.
449 293 488 325 O.
511 292 562 332 13,
586 292 658 325 vu.
680 310 720 316 —
745 293 792 325 De
816 292 998 326 identitate
1029 292 1348 331 indiscernlbssium,
1378 293 1420 326 Ο.
1460 293 1512 333 14,

230 395 458 439 Ignorantia.
479 399 514 431 L.
541 398 593 438 40,
614 398 666 430 VI.
695 416 736 421 —
761 397 959 439 Ignorantia
989 397 1186 432 radicaliter
1216 399 1251 430 in
1281 398 1380 431 nohis
1411 399 1520 431 om'tur

269 445 324 476 vel
344 453 384 477 ex
406 444 610 478 limitatione
646 444 842 478 intellectus
870 444 1126 486 cognoscentis,
1148 445 1203 478 vel
1226 453 1267 478 ex
1293 445 1370 486 ipsa
1394 444 1518 486 objecti

269 491 492 532 obscuritate,
514 494 550 525 L.
574 492 626 532 40,
645 492 703 526 VI.
726 509 767 516 -
785 492 984 533 Ignorantia
1003 492 1150 532 elenchi,
1163 493 1198 525 L.
1217 492 1270 532 43,
1285 492 1341 525 IV.
1358 509 1399 516 -
1418 493 1519 534 Igno-

269 538 381 571 rantIa
400 540 635 572 concomitans
659 546 729 572 non
748 539 830 572 facit
844 538 1129 579 involuntarium,
1156 539 1204 573 M.
1220 539 1272 580 19,
1285 539 1343 571 IV.
1362 555 1404 564 —
1420 539 1521 581 Igno·

269 586 382 618 rantia
410 593 626 627 consequens
655 593 724 619 non
751 591 870 619 causat
888 586 1173 627 involuntarium,
1198 586 1239 618 V.
1259 600 1299 610 ⁶-—
1322 585 1522 628 Ignorantia

271 632 398 665 directe
426 633 532 666 volita
554 641 615 666 seu
641 632 812 672 affectata,
836 638 869 665 et
897 632 1095 675 ignorantia
1120 632 1288 666 indirecte
1315 632 1441 673 volita3
1468 641 1523 665 su-

271 679 352 719 pina
361 688 422 712 seu
434 689 563 719 crassa,
583 680 666 713 ibid.
684 698 723 704 —
744 680 947 721 Ignorantia
977 679 1187 713 antecedens
1206 684 1327 714 causat
1355 679 1523 722 simplici-

271 730 322 758 ter
347 726 628 767 involuntarium,
659 728 715 761 VI.
741 744 782 751 -
809 726 1012 768 Ignorantia
1033 726 1206 760 vincibilis
1230 731 1263 759 et
1284 725 1523 766 invincibilis,-

271 772 354 806 ibid.

233 831 466 873 Imaginatio.
492 834 528 865 L.
548 833 604 866 51.
631 833 731 875 (Vide
753 833 979 874 Phantasia.)

234 888 480 925 Immensitas.
512 891 562 925 De
585 892 818 925 immensitate
849 891 924 931 Dei,
943 892 982 924 T.
1003 892 1055 924 21.
1076 908 1116 916 —
1137 891 1330 925 Discrimen
1349 891 1440 924 inter
1460 890 1524 923 im-

272 938 492 972 mensitatem
524 943 558 971 et
589 938 832 981 ubiquitatem,
853 939 902 980 Ι11.
930 956 968 962 --
991 939 1082 972 Deus
1107 942 1158 971 est
1176 939 1382 976 immensus,
1409 937 1466 971 111.
1491 956 1524 961 —

273 985 310 1016 In
339 985 520 1027 cogitanda
548 986 610 1019 Dei
638 986 885 1025 immensitate,
911 985 1145 1019 resistendum
1165 990 1218 1018 est
1243 984 1438 1026 plantasiae:
1466 985 1522 1016 VI.

274 1031 368 1073 (Vide
394 1032 611 1075 Ubiquitas.)

234 1096 512 1131 Immortalitas.
546 1098 594 1130 De
624 1097 893 1131 immortalitate
926 1097 1055 1130 animoe
1085 1097 1263 1137 humanoe,
1285 1097 1322 1128 P.
1342 1097 1375 1128 9.
1395 1113 1433 1120 -
1457 1096 1525 1128 Im-

276 1143 420 1176 mortale
440 1153 501 1185 per
518 1144 706 1177 essentiam
726 1148 761 1176 et
781 1153 840 1185 per
858 1143 1173 1185 participationem,
1195 1143 1241 1177 11.
1264 1161 1305 1167 —
1318 1143 1442 1177 Anima
1464 1142 1525 1175 hu-

276 1199 381 1224 mana
401 1196 454 1223 est
480 1191 699 1231 immortalis,
723 1190 776 1223 v1.
807 1208 848 1215 -
974 1195 1027 1223 est
1054 1199 1115 1232 per
1144 1199 1181 1223 se
1205 1195 1238 1224 et
1265 1190 1309 1223 ab
1341 1189 1527 1223 intrinseco

274 1237 492 1279 immortalis,
514 1238 584 1271 VII.
607 1256 648 1262 —
744 1247 765 1270 a
783 1238 855 1271 Deo
866 1246 935 1271 non
950 1237 1172 1277 annihilatur,
1191 1237 1277 1271 VIII.
1295 1255 1334 1261 —
1365 1237 1459 1270 Deus
1475 1241 1529 1270 est

275 1285 492 1324 immortalis,
519 1286 555 1317 T.
589 1285 640 1318 20.
668 1285 720 1317 IV.
743 1302 784 1308 —
804 1284 994 1317 Discrimen
1017 1284 1107 1316 inter
1134 1288 1302 1317 aeternum
1332 1287 1366 1316 et
1388 1283 1528 1315 immor·

277 1332 358 1372 tale,
380 1341 419 1365 ex
441 1332 646 1374 Augustino,
672 1332 707 1363 V.

235 1390 480 1424 Immutabile.
501 1391 550 1424 De
572 1395 651 1424 ente
671 1390 893 1430 immutabili,
917 1391 954 1422 O.
976 1391 1027 1429 25,
1048 1391 1115 1422 Vll.
1135 1408 1177 1414 -
1196 1391 1241 1423 De
1259 1390 1338 1422 ente
1361 1389 1526 1422 immuta-

275 1437 371 1471 tabili
387 1438 583 1471 secundum
601 1437 690 1481 quid
705 1441 739 1470 et
757 1437 978 1480 simpliciter,
995 1444 1058 1470 seu
1078 1435 1248 1477 absolute,
1268 1435 1355 1468 vm.

236 1501 534 1536 Immutahilitas.
565 1502 614 1535 De
640 1501 928 1535 immutabilitate
942 1501 1018 1540 Dei,
1039 1502 1079 1535 T.
1108 1502 1159 1534 19.
1182 1519 1223 1525 -
1245 1501 1338 1533 Deus
1357 1504 1409 1533 est
1428 1499 1527 1532 subs-

276 1548 464 1582 tantialiter
506 1549 750 1588 immutabilis,
786 1550 829 1582 11.
850 1566 891 1573 —
921 1549 1014 1582 Deus
1040 1552 1091 1581 est
1105 1547 1336 1581 essentialiter
1365 1546 1528 1579 immuta-

276 1596 355 1628 bilis
386 1596 501 1638 quoad
536 1596 746 1636 accidentia,
772 1596 833 1631 III.
864 1613 906 1620 -
933 1595 1023 1628 Deus
1048 1599 1101 1628 est
1129 1597 1271 1628 omnino
1299 1593 1530 1627 immutabilis

277 1643 392 1683 quoad
416 1647 570 1677 actiones
590 1643 662 1675 sive
685 1642 895 1680 intellectus,
915 1643 986 1675 sive
1005 1640 1207 1680 voluntatis,
1229 1641 1282 1674 IV.

237 1706 448 1748 Imperium.
470 1708 521 1740 De
546 1707 682 1740 actibus
701 1707 883 1749 imperatis
899 1715 921 1739 a
938 1707 1130 1746 voluntate,
1152 1707 1197 1738 M.
1222 1705 1273 1737 17.
1293 1722 1335 1730 —-
1349 1704 1530 1746 Imperare

278 1758 329 1786 est
350 1758 447 1787 actus
478 1754 620 1788 rationis
651 1754 905 1796 praesupposito
936 1758 1052 1787 tamen
1083 1756 1161 1787 actu
1194 1751 1394 1791 voluntatis,
1424 1751 1468 1784 11.
1488 1766 1530 1775 -

278 1801 364 1833 Tum
390 1806 488 1834 actus
513 1801 690 1843 appetitus
716 1801 883 1841 sensitivi,
905 1805 980 1835 tum
1006 1805 1102 1834 actus
1124 1799 1333 1833 exteriorum
1357 1798 1529 1833 membro·

276 1856 353 1881 mm
378 1848 559 1890 subjacent
587 1847 624 1882 in
650 1848 792 1883 homine
817 1847 962 1890 irnperio
987 1846 1146 1886 rationis,
1166 1847 1203 1879 V.
1223 1862 1263 1870 -
1283 1844 1475 1886 Imperium
1496 1849 1532 1877 et

277 1899 373 1928 actus
396 1895 587 1944 imperatus
607 1899 689 1929 sunt
708 1895 885 1929 moraliter
900 1902 991 1928 unus
1013 1898 1121 1934 actus,
1139 1893 1191 1926 VI.

238 1958 552 2041 ImLpogsibliIKextist
579 1959 672 1993 idem
701 1960 806 1993 simul
831 1967 907 1993 esse
937 1963 971 1993 et
995 1967 1066 1992 non
1088 1966 1165 1992 esse
1199 1957 1393 1991 secundum
1423 1956 1530 1999 idem,

310 2030 318 2038 .
368 2016 398 2046 o,
461 2024 473 2032 -
525 2029 533 2038 .

240 2064 539 2107 impossibilitas.
560 2067 603 2099 Ο.
622 2069 655 2107 9,
676 2067 703 2100 1.
724 2066 819 2107 (vide
839 2064 1089 2105 Possibilitas.3

242 2122 478 2165 impotentia,
499 2124 632 2166 species
652 2123 844 2166 qualitatis,
863 2124 900 2157 Ο.
916 2124 966 2163 31,
987 2123 1041 2156 1v.

240 2181 526 2224 Inputahilitas.
557 2183 715 2217 Actiones
743 2183 907 2216 humane
937 2183 1013 2223 jure
1046 2181 1180 2215 homini
1211 2180 1312 2222 cujus
1346 2182 1431 2212 sum
1465 2178 1530 2212 im-

281 2233 459 2270 putantur,
476 2229 522 2263 Μ.
539 2229 592 2270 18,
613 2229 677 2263 III.

240 2287 516 2331 lucos-pereum.
537 2288 588 2321 Da
601 2288 806 2331 incorporea
823 2288 889 2323 Dei
907 2291 1053 2328 natura,
1076 2287 1114 2320 Τ.
1136 2286 1188 2320 10.

240 2346 477 2390 laceri-aptio
497 2346 675 2381 librorum.
697 2349 737 2381 L.
760 2348 814 2388 ⁶1,
835 2347 898 2382 111.

240 2404 415 2441 Indici-io.
439 2406 487 2440 De
510 2405 591 2440 belli
613 2406 815 2441 indIctione.
833 2407 879 2440 u.
905 2406 960 2443 60.
982 2405 1050 2441 m,
