1584 2569
204 115 271 150 248
285 125 344 149 sus
360 125 526 150 nnuma.
543 123 612 148 Lm.
629 123 654 148 11
670 122 747 147 cn.
770 122 809 147 11.
838 122 880 148 nn
899 123 1089 150 soen-:nrt
1106 122 1178 150 clv.
1199 124 1236 151 m
1256 127 1295 153 sn
1314 128 1486 156 specum

204 203 326 236 cesset
354 208 376 234 a
396 196 497 233 malo
519 200 556 232 et
581 195 727 231 honum
754 194 961 242 operetur?
985 195 1138 233 Minime
1164 198 1254 245 quia
1278 199 1422 237 bonum
1448 203 1486 238 in

203 257 393 300 quantum
426 251 585 293 bonum,
618 248 715 286 nihil
752 248 944 286 subtrahit
974 259 1052 292 reo,
1083 249 1148 286 sed
1183 253 1306 300 magis
1339 255 1487 300 perficit

202 309 357 354 ipsum:
386 303 487 338 unde
514 313 590 338 non
617 304 783 340 restituit
814 301 988 339 ordinem
1013 301 1160 346 laesum,
1194 315 1317 352 neque
1341 307 1487 343 bonum

203 360 274 395 sibi
295 361 531 404 arrogatum‚
547 355 613 391 sed
629 355 803 393 ordinem
818 359 1046 404 praesentem
1060 361 1197 401 servat,
1216 368 1331 405 quem
1341 370 1488 397 servare

204 416 367 448 tenetur.
395 410 492 456 Ergo
517 407 661 444 ordinis
684 409 874 456 reparatio
906 418 984 443 non
1013 408 1177 445 habetur
1201 411 1274 446 nisi
1300 416 1487 458 quatenus

201 475 266 501 reo
287 468 421 500 contra
440 472 549 497 suam
566 461 803 498 voluntatem
824 461 968 497 bonum
990 460 1145 508 aliquod
1172 463 1424 510 subtrahitur,
1446 472 1487 502 ut

202 516 416 565 privatione
451 515 508 550 sui
550 514 639 550 boni
668 518 891 562 compenset
923 514 1068 550 bonum
1103 515 1244 562 injuste
1273 522 1485 565 acceptum.

203 571 289 606 Hzrc
311 568 402 604 boni
419 567 628 603 subtractio
649 578 713 603 reo
734 571 869 603 contra
893 576 1002 602 suam
1022 567 1260 604 voluntatem
1281 575 1338 605 est
1358 580 1488 622 poena,

202 634 286 669 quae
308 623 392 657 ideo
419 624 475 656 est
485 621 721 666 reparatrix.

249 673 504 710 Medicinalis.
533 673 650 708 Poena
673 673 776 708 enim
796 677 839 708 ut
859 672 946 708 talis
969 673 1227 709 contrariatur
1249 674 1487 711 inclinationi

201 727 423 770 voluntatis,
445 730 486 760 ut
506 724 652 761 dictum
673 730 729 761 est
750 736 759 761 ι
778 724 880 761 unde
895 725 977 772 eJus
990 724 1244 772 apprehensio
1265 726 1489 763 naturaliter

202 782 383 816 timorem
422 779 574 825 ingerit.
612 778 898 825 consequenter
928 788 1042 826 poena
1068 778 1275 826 affligendo
1296 790 1404 816 reum
1433 784 1490 816 est

202 833 380 869 ordinata
400 831 447 867 ad
465 831 740 867 retrahendum
757 832 884 878 ipsum
901 841 924 867 a
940 831 1045 867 novis
1066 830 1200 879 culpis.

249 885 507 931 Exemplar-is.
530 884 651 920 Homo
669 884 771 920 enim
793 889 830 920 et
851 884 1007 931 propria
1020 888 1057 920 et
1076 884 1241 920 aliorum
1256 885 1489 933 experientia

203 939 326 975 discit.
357 938 426 972 Ubi
462 937 580 984 igitur
614 936 678 972 alii
714 936 871 972 videant
901 936 1087 973 salutares
1103 947 1237 984 poenas
1253 938 1442 986 improbis
1467 947 1487 973 a

198 992 350 1039 justitia
376 990 513 1037 infligi,
532 990 562 1025 si
583 1000 660 1025 non
680 1000 811 1025 amore
831 989 996 1033 virtutis,
1031 989 1168 1025 timore
1197 990 1332 1027 saltem
1361 1000 1488 1038 poena-

202 1055 288 1080 rum
306 1055 328 1079 a
344 1044 437 1078 vitio
455 1042 708 1078 deterrentur.

249 1097 346 1134 VIII.
368 1097 634 1132 Praenotamen
654 1096 831 1131 tertium.
847 1095 975 1130 Poenae
1013 1094 1235 1142 infligendae
1251 1096 1488 1145 hominibus,

201 1155 244 1185 ut
258 1148 502 1185 medicinales
516 1151 606 1183 sunt
617 1151 655 1183 et
669 1147 912 1193 exemplares,
923 1146 969 1182 ab
982 1147 1267 1184 existimatione
1285 1149 1487 1189 hominum

202 1202 369 1238 maxime
403 1199 590 1247 pendent3
623 1204 826 1246 propterea
854 1199 953 1235 serio
982 1198 1216 1236 attendenda
1246 1207 1303 1237 est
1331 1205 1490 1252 populo·

202 1265 288 1290 rum
314 1254 464 1289 cultura
483 1256 520 1288 et
539 1252 655 1288 etiam
685 1251 924 1299 singularum
953 1262 1203 1298 personarum
1232 1255 1415 1302 conditio,
1449 1263 1489 1294 ut

201 1306 451 1354 ritesqualitas
465 1315 589 1352 poenae
601 1304 821 1352 infligendae
837 1304 1126 1340 determinetur.
1145 1304 1362 1344 Generatim
1376 1311 1489 1346 mites

202 1370 325 1406 poenae
347 1363 436 1394 sunt
455 1357 718 1405 praeferendae,
737 1368 784 1393 ne
803 1367 935 1393 earum
956 1356 1117 1393 brutalis
1134 1358 1320 1396 acerbitas
1340 1361 1490 1399 animos

203 1414 241 1447 in
262 1412 449 1457 majorem
471 1409 779 1457 desperationem
799 1410 984 1457 impellat.

248 1465 310 1500 IX.
330 1465 595 1499 Praenotamen
615 1465 810 1508 quartum.
822 1462 904 1498 Non
922 1466 978 1498 est
993 1472 1084 1510 ergo
1097 1464 1272 1509 quaestio,
1286 1468 1416 1502 utrum
1437 1472 1491 1503 at·

202 1522 308 1554 tenta
325 1517 474 1552 cultura
494 1516 607 1550 unius
627 1515 686 1550 vel
712 1515 868 1550 alterius
897 1514 1028 1562 populi
1055 1516 1276 1552 conveniens
1301 1518 1350 1553 sit
1375 1519 1487 1555 absti-

201 1581 291 1606 nere
318 1580 340 1605 a
363 1579 476 1616 poena
504 1567 640 1614 capitis
675 1567 886 1614 infligenda
919 1577 927 1601 :
953 1566 999 1602 de
1025 1566 1097 1602 hac
1121 1569 1387 1607 convenientia
1413 1582 1489 1608 non

201 1622 409 1668 loquimur,
433 1631 519 1667 quae
538 1619 679 1667 pendet
696 1631 718 1655 a
735 1619 1048 1663 circumstantiis,
1069 1618 1135 1655 sed
1157 1619 1305 1667 dejure
1322 1634 1331 1667 3
1350 1633 1489 1671 nempe

203 1675 412 1721 quaerimus
425 1678 554 1708 utrum
564 1673 785 1708 auctoritati
803 1672 969 1719 politica}
980 1671 1195 1718 Judiciarioe
1211 1674 1276 1720 jus
1288 1674 1399 1720 adsit,
1422 1688 1490 1723 pro

203 1727 301 1762 datis
323 1726 484 1770 delictis,
512 1724 712 1772 infligendi
740 1725 815 1760 reis
847 1734 1003 1772 poenam
1032 1725 1262 1772 capitalem?
1292 1727 1348 1763 Ad
1375 1738 1490 1774 quam

203 1780 455 1826 quoestionem
476 1777 687 1825 respondeo
706 1787 715 1812 :

249 1833 292 1868 X.
314 1833 334 1868 J
339 1842 382 1867 us
395 1833 498 1867 inest
517 1832 687 1876 politicae
699 1830 930 1867 auctoritati
944 1830 1161 1876 judiciariae
1180 1834 1365 1877 puniendi
1380 1845 1490 1880 poena

203 1886 362 1930 capitali
381 1894 468 1920 reos
488 1884 741 1929 quorumdam
761 1883 979 1920 criminum.
1000 1884 1020 1919 J
1025 1894 1068 1919 us
1089 1884 1201 1929 inest,
1221 1886 1299 1921 imo
1319 1887 1488 1923 officium

204 1938 392 1974 incumbit
412 1937 578 1984 politicae
598 1936 818 1972 auctoritati
838 1935 1085 1972 conservandi
1106 1936 1250 1972 bonum
1271 1948 1490 1986 commune,

203 1990 305 2037 quod
324 1990 516 2037 praecipue
537 1990 575 2025 in
597 2000 688 2036 pace
706 1994 744 2025 et
764 1988 1042 2035 tranquillitate
1059 1989 1200 2025 civium
1215 1991 1402 2037 consistit,
1422 2003 1491 2029 nec

204 2054 280 2079 non
302 2042 502 2090 infligendi
524 2053 679 2090 poenam
707 2043 781 2078 reis
807 2041 991 2077 debitam.
1023 2042 1110 2078 Ilaec
1128 2053 1258 2089 mayor
1286 2049 1450 2092 negatur
1468 2056 1488 2082 a

203 2096 370 2139 nemine,
389 2100 427 2130 et
446 2105 576 2131 revera
593 2095 737 2142 petitur
756 2105 802 2130 ex
823 2094 962 2130 intima
986 2098 1125 2130 natura
1141 2095 1347 2132 societatis.
1371 2098 1486 2144 Atqui

203 2148 348 2184 bonum
368 2157 573 2183 commune
604 2146 908 2184 conservandum
940 2147 1058 2194 exigit
1083 2146 1314 2195 quandoque
1334 2159 1489 2196 poenam

203 2200 420 2247 capitalem,
437 2200 538 2235 sicut
556 2204 594 2235 et
622 2210 737 2247 poena
756 2199 931 2247 capitalis
958 2204 1015 2235 est
1034 2199 1114 2235 sola
1134 2210 1249 2246 poena
1267 2203 1486 2248 proportio-

210 2257 300 2290 nata
332 2253 563 2300 quibusdam
596 2254 836 2290 criminibus.
870 2255 968 2299 Ergo
1002 2253 1155 2302 publica
1182 2253 1387 2289 auctoritas
1416 2253 1481 2299 ¹ius

208 2306 324 2342 habet
345 2305 546 2352 infligendi
566 2316 723 2352 poenam
743 2307 958 2354 capitalem.
982 2306 1167 2342 Probatur
1186 2306 1322 2341 minor.

254 2359 318 2395 Er
334 2358 427 2394 bono
445 2359 631 2395 communi
645 2359 912 2396 conservando.
930 2359 1116 2400 Quaelibet
1134 2369 1300 2406 persona
1317 2359 1480 2407 particu—
