1584 2569
503 108 584 135 Ant.
612 110 652 137 u.
679 109 724 136 nr
746 109 916 136 nect-rem
941 110 1138 136 curiones
1395 101 1462 136 289

174 186 305 219 autem
327 180 541 217 excluditur
560 181 820 227 quorumdam
840 186 1171 230 praesumptuosus
1196 193 1315 228 error,
1337 183 1403 230 qui
1423 193 1463 219 se

174 234 386 272 subducere
413 233 588 269 nituntur
608 234 656 270 ab
682 233 902 271 obedientia
922 239 959 271 et
985 234 1221 281 subjectione
1244 236 1359 278 Petri,
1381 246 1462 271 suc·

173 297 363 324 cessorem
383 286 466 333 ejus
485 287 703 323 Romanum
714 287 936 324 Pontificem
955 288 1178 324 universalis
1188 288 1364 324 Ecclesia}
1376 289 1465 324 Pas-

173 346 297 376 torem
318 350 394 375 non
412 343 743 391 recognoscentes.
769 355 785 373 ι
814 361 849 365 —
873 341 925 376 Cf.
946 340 1018 377 hac
1033 341 1072 376 in
1095 351 1135 376 re
1158 340 1463 377 eruditissimum

173 392 407 440 Opusculum
415 391 471 428 De
478 392 747 428 constitutione
755 392 1003 430 monarchica
1013 392 1208 439 Ecclesiae,
1219 398 1289 430 etc.
1297 422 1305 437 ‚
1316 393 1463 430 editum

173 447 304 482 Romae
322 446 412 481 1870
424 455 446 480 a
459 445 501 480 Ρ.
517 444 745 491 Raymundo
762 446 931 491 Bianchi,
946 445 1036 482 Ord.
1052 445 1212 483 Praedic.
1228 446 1320 483 Vide
1331 447 1461 491 etiam,

171 499 202 534 si
220 499 358 545 placet,
377 499 553 533 nostram
573 497 914 544 Propoedeuticam‚
937 503 1008 535 etc.
1027 498 1108 536 Lib.
1130 500 1189 544 IV,
1212 500 1304 546 Cap.
1325 500 1383 536 IX.

217 551 296 588 VII.
310 551 362 587 De
376 551 553 588 doctrina
571 550 764 588 catholica
779 552 821 588 in
837 552 970 589 ordine
987 552 1035 590 ad
1050 552 1329 599 perfectionem
1346 553 1465 590 socia-

169 606 259 641 lem.
285 604 349 639 Hic
378 603 606 640 excutienda
641 605 772 651 paucis
802 607 857 640 est
883 605 1076 641 calumnia
1102 605 1256 641 illorum
1284 606 1351 652 qui
1379 608 1465 653 post

169 658 369 693 Rousseau
389 656 599 701 (Contract.
622 656 786 702 Social„
806 657 885 694 Lib.
908 657 967 699 IV,
994 659 1084 706 Cap.
1110 659 1204 702 VIII)
1226 659 1465 706 proclamant

171 709 386 747 doctrinam
406 708 639 745 catholicam
661 714 727 745 aut
744 711 781 745 in
803 710 1011 757 perniciem
1032 721 1113 748 esse
1130 712 1251 748 civilis
1270 712 1465 748 societatis

171 766 237 799 aut
258 761 393 798 saltem
420 762 639 809 progressui
665 762 764 798 civili
790 762 995 799 adversari.
1020 764 1258 801 IncredibiliS
1283 775 1374 800 sane
1399 774 1464 800 cn.-

169 815 334 859 lumnia,
357 824 442 860 quae
462 818 499 849 et
518 815 659 850 rationi
682 815 796 851 simul
816 820 853 851 et
872 816 1044 853 historiae
1065 820 1194 864 aperte
1214 822 1417 866 repugnat.

215 866 365 904 EtenIm
379 867 556 911 societas,
572 867 605 902 si
619 866 793 904 humana
811 872 867 904 est
882 870 933 914 (et
946 868 1120 906 humana
1134 880 1216 906 esse
1231 870 1372 916 debet),
1387 881 1464 906 non

168 921 294 968 potest
315 919 483 956 invenire
504 929 627 966 neque
644 930 777 966 pacem
796 932 917 968 neque
937 932 1069 958 verum
1088 933 1336 970 progressum
1357 928 1465 959 extra

170 973 379 1017 veritatem,
399 982 484 1018 quae
503 976 560 1007 est
575 972 770 1008 vinculum
788 973 1147 1021 intelligentiarum,
1163 980 1201 1012 et
1221 979 1330 1012 extra
1345 976 1465 1012 virtu-

175 1031 258 1071 tem,
280 1036 366 1073 quae
392 1029 449 1060 est
474 1025 669 1061 vinculum
694 1026 931 1063 voluntatum
946 1039 961 1072 ;
982 1028 1217 1076 proindeque
1244 1028 1374 1065 nullus
1400 1040 1464 1065 so-

169 1078 277 1116 cialis
310 1087 537 1125 progressus
566 1082 674 1114 extra
703 1079 824 1115 Deum
851 1080 917 1127 qui
944 1085 1000 1116 est
1029 1081 1156 1127 prima
1187 1086 1225 1117 et
1253 1082 1464 1119 essentialis

176 1131 336 1174 Veritas,
358 1130 483 1178 prima
503 1133 540 1165 et
560 1131 774 1167 essentialis
791 1132 965 1178 Bonitas,
985 1136 1022 1169 et
1040 1144 1158 1170 causa
1175 1134 1327 1170 virtutis
1347 1138 1385 1171 et
1400 1145 1465 1171 ve-

169 1184 306 1221 ritatis.
332 1184 449 1231 Atqui
469 1182 678 1219 fatentibus
703 1184 794 1230 ipsis
821 1185 1050 1223 adversariis
1078 1187 1226 1235 (loquor
1252 1188 1299 1224 de
1327 1188 1373 1224 ils
1399 1189 1464 1234 qui

168 1246 325 1278 sensum
345 1241 495 1273 naturae
515 1246 762 1274 communem
783 1248 859 1273 non
887 1239 1129 1284 amiSerunt),
1156 1239 1331 1277 doctrina
1356 1251 1464 1277 evan-

169 1290 305 1337 gelica,
325 1299 411 1337 quae
432 1300 455 1324 a
475 1290 550 1325 Deo
571 1289 737 1325 revelata
758 1290 869 1326 nobis
889 1295 960 1335 est,
983 1291 1128 1328 eminet
1151 1292 1250 1328 inter
1271 1292 1465 1329 doctrInas

169 1339 363 1380 humanas
388 1347 470 1378 tum
492 1342 730 1379 sublimitate
750 1347 788 1379 et
807 1343 1035 1380 certitudine
1056 1346 1276 1391 veritatum,
1296 1350 1379 1381 tum
1400 1357 1465 1392 pu-

168 1397 284 1433 ritate
310 1400 347 1431 et
373 1394 657 1443 multiplicitate
682 1396 882 1432 virtutum.
903 1397 1025 1443 Igitur
1047 1398 1266 1444 evangelica
1291 1399 1465 1435 doctrina

165 1449 342 1486 maxime
359 1453 559 1496 promovet
575 1459 708 1485 verum
726 1450 916 1486 societatis
935 1450 1117 1487 humanae
1136 1462 1399 1498 progressum,
1419 1462 1465 1488 ex

172 1513 217 1538 eo
244 1500 348 1549 quod
375 1501 542 1538 maxime
571 1506 771 1548 promovet
799 1502 938 1538 civium
965 1502 1236 1549 perfectionem
1262 1505 1302 1542 in
1333 1504 1464 1540 ordine

170 1555 339 1591 veritatis
359 1558 397 1590 et
414 1555 452 1590 in
475 1554 610 1591 ordine
629 1554 791 1591 virtutis.
811 1555 903 1592 Hinc
923 1556 1102 1604 Princeps
1122 1567 1208 1594 vere
1228 1557 1465 1594 Christianus

170 1618 248 1644 non
268 1607 386 1643 servis
409 1610 475 1643 aut
498 1607 700 1655 mancipiIS
723 1607 790 1643 sed
816 1607 945 1643 liberis
963 1612 1000 1644 et
1021 1607 1204 1646 fratribus
1228 1609 1407 1656 imperat,
1429 1613 1465 1644 et

170 1659 314 1696 subditi
338 1658 539 1696 christiani
569 1670 700 1696 amore
733 1670 811 1696 non
838 1660 976 1696 timore
1005 1661 1169 1708 PrIncipi
1194 1662 1464 1709 subjiciuntur,

170 1713 268 1749 sicut
291 1712 454 1753 Christo,
482 1722 549 1757 per
574 1722 689 1758 quem
718 1723 821 1759 reyes
847 1717 1009 1759 regnant
1036 1718 1070 1750 et
1099 1713 1221 1760 leyum
1251 1714 1465 1751 conditores

171 1765 278 1807 iusta
294 1764 496 1801 decernunt
509 1773 524 1800 .·
540 1775 663 1811 neque
678 1764 859 1801 violentia
873 1776 1072 1802 armorum
1087 1766 1153 1802 sed
1171 1766 1370 1803 charitatis
1388 1768 1466 1802 vin-

169 1817 256 1854 culo
277 1817 404 1853 unitas
424 1816 577 1853 socialis
602 1818 849 1853 constituitur
873 1820 912 1854 et
936 1819 1092 1866 pacifice
1113 1822 1150 1855 et
1170 1830 1350 1867 prospere
1371 1830 1465 1857 con-

172 1873 358 1915 servatur,
377 1873 420 1905 ut
437 1869 595 1906 annales
612 1869 857 1906 ecclesiastici
876 1871 1019 1918 passim
1037 1876 1209 1907 narrant.
1224 1873 1303 1919 Age
1320 1883 1434 1919 porro
1454 1883 1463 1909 t

170 1921 347 1959 doctrina
378 1922 599 1968 evangelica
629 1926 820 1969 quatenus
846 1923 997 1970 scriptis
1022 1924 1242 1961 continetur
1265 1928 1323 1961 est
1349 1925 1466 1973 judex

173 1978 363 2020 mortuus,
384 1979 422 2011 et
438 1975 536 2011 ratio
554 1974 728 2012 humana
747 1976 930 2023 mysteria
948 1976 1016 2013 Dei
1034 1981 1100 2013 aut
1120 1987 1196 2013 non
1212 1978 1465 2024 comprehen-

170 2027 229 2063 dit
257 2030 325 2063 aut
355 2026 537 2074 sacrilege
564 2032 777 2074 pervertere
801 2028 982 2074 molitur,
1009 2032 1052 2064 ut
1074 2027 1247 2066 historiae
1272 2029 1465 2067 haeresum

170 2079 283 2127 plene
299 2080 580 2116 demonstrant.
601 2080 704 2117 Unde
722 2081 907 2127 mysteria
925 2091 995 2118 sua
1009 2081 1111 2118 Deus
1127 2091 1278 2128 sponsae
1295 2093 1375 2119 suae
1392 2083 1467 2119 hoc

168 2142 230 2174 est
246 2137 423 2175 Ecclesiae
440 2137 641 2175 catholicae
658 2138 832 2182 tradidit,
851 2139 962 2186 eique
975 2139 1121 2187 jugiter
1134 2140 1294 2185 assistit,
1309 2151 1357 2177 ne
1375 2140 1465 2178 defi·

171 2191 262 2236 ciat,
280 2190 346 2227 sed
367 2191 549 2239 Magistra
567 2191 647 2228 falli
666 2195 703 2227 et
721 2191 853 2229 fallere
870 2192 1012 2236 nescia,
1028 2193 1208 2230 veritates
1228 2194 1466 2241 evangelicas

172 2248 257 2281 tum
282 2244 456 2281 subditos
480 2249 563 2282 tum
586 2245 776 2292 principes
801 2245 952 2282 doceat.
974 2266 1020 2272 —
1044 2246 1090 2282 Et
1110 2245 1192 2283 haec
1212 2247 1304 2283 satis
1328 2257 1336 2283 :
1360 2247 1466 2295 piget

173 2295 275 2333 enim
294 2294 495 2334 immorari
515 2296 555 2333 in
574 2307 615 2333 re
640 2297 860 2334 manifesta.
884 2297 1072 2335 Audiatur
1091 2299 1219 2345 potius
1245 2299 1282 2335 S.
1310 2301 1464 2347 Augus-

173 2348 293 2394 tinus,
310 2348 376 2396 qui
390 2349 429 2385 in
445 2349 616 2396 Epistola
631 2349 817 2386 CXXXVII
834 2349 882 2386 ad
902 2350 1149 2387 Volusianum
1167 2350 1230 2397 (al.
1248 2351 1296 2397 3),
1315 2351 1407 2399 Cap.
1420 2351 1463 2396 V,
