1584 2569
409 91 489 119 nr.
518 92 570 118 nr.
597 91 642 117 nn
666 90 860 118 mazaram
883 91 1034 117 noenum
1308 85 1375 120 309

96 164 292 210 permittat
315 163 419 211 quod
436 163 599 210 ipsamet
619 163 770 211 cogitur
796 163 1004 211 reprobare
1024 167 1061 199 et
1086 164 1236 211 punire.
1259 166 1376 213 Atqui

98 215 321 264 hujusmodi
341 220 400 253 est
418 216 580 253 docendi
608 216 777 254 libertas.
799 217 894 263 Ergo
915 216 998 253 haec
1014 221 1071 252 est
1089 217 1292 254 intrinsece
1312 219 1388 270 ab·-

97 269 214 306 surda
231 274 268 306 et
287 269 507 306 inhonesta.
527 289 573 297 -
589 270 777 307 Probatur
795 270 933 307 minor.

141 321 316 359 Libertas
326 322 487 359 docendi
497 322 623 359 eadem
632 322 731 369 jura
744 322 910 360 concedit
919 323 1073 360 veritati
1083 327 1117 359 ec
1130 323 1267 360 errori.
1282 324 1325 360 Id
1340 325 1378 359 in
1439 339 1441 341 ·

98 375 181 421 ipsa
199 379 339 412 natura
368 375 555 412 libertatis
581 375 743 413 docendi
767 380 811 412 ut
838 386 862 412 a
887 375 1123 412 liberalismo
1154 375 1380 424 intelligitur

96 427 309 464 necessario
329 427 548 464 includitur.
567 429 655 475 Ipsa
665 428 768 466 enim
787 428 1057 476 complectitur
1066 428 1129 475 J‘us
1149 428 1379 465 discutiendi

96 490 159 516 res
178 480 411 527 pertinentes
431 484 515 517 tum
535 481 583 517 ad
599 481 803 526 mundum,
827 484 906 518 tum
926 481 974 517 ad
994 482 1129 526 Deum,
1150 484 1234 517 tum
1254 481 1303 518 ad
1325 493 1381 517 re·
1438 487 1442 500 ³

96 531 293 579 ligionem,
326 535 410 569 tum
439 533 489 570 ad
520 534 722 579 moralem,
755 538 838 570 tum
870 534 920 571 ad
944 535 1061 571 vitam
1090 533 1379 576 individualem,

97 588 181 622 tum
201 585 250 622 ad
268 586 387 622 vitam
404 586 692 624 socialem.N0n
704 589 833 624 autem
853 591 910 624 est
927 597 1078 624 necesse
1095 587 1257 635 probare
1277 587 1380 634 quod

99 638 274 676 homines
305 645 432 676 errent
457 641 495 676 in
526 640 640 677 rebus
666 639 917 686 gravissimis,
950 650 1048 688 quas
1081 641 1165 688 ipsa
1195 639 1381 677 naturalis

99 692 197 728 ratio
217 692 410 729 evidenter
429 692 547 730 dictat
563 703 646 730 esse
665 694 823 730 omnino
844 692 1101 730 defendendas
1115 697 1152 728 et
1171 693 1382 729 certissime

98 744 297 782 tenendas.
319 745 416 782 Data
435 756 526 793 ergo
548 746 730 783 facultate
756 745 931 789 docendi,
954 745 1056 782 idem
1078 746 1143 791 jus
1163 745 1392 791 conceditur

100 799 220 834 errori
241 801 282 834 ut
305 809 387 835 sese
409 802 595 846 propaget
620 809 708 836 cum
734 799 965 837 detrimento
991 799 1164 835 veritatis
1188 799 1291 845 quod
1309 799 1382 845 ipsi

99 850 250 886 veritati
276 851 499 887 conceditur
519 863 528 888 :
556 852 635 888 imo
666 851 806 898 majori
827 852 912 898 jure
933 851 1118 899 gauderet
1138 861 1244 887 error
1265 861 1382 898 quam

100 903 252 940 veritas.
267 905 345 940 Ista
355 905 458 941 enim
470 905 623 941 nonnisi
636 905 765 941 media
778 904 942 943 honesta
955 903 1124 947 adhibet,
1143 914 1231 941 cum
1250 907 1381 940 contra

100 966 207 993 error
225 956 356 994 omnia
381 957 510 993 media
529 961 571 993 ut
595 957 702 994 licita
720 957 875 995 habeat.
905 957 997 999 Quae
1015 957 1147 993 omnia
1172 966 1289 1003 quam
1310 957 1386 992 sint

102 1009 271 1046 absurda
303 1014 340 1046 et
374 1010 577 1048 inhonesta
608 1021 722 1047 nenio
751 1020 855 1048 sanae
887 1011 1027 1047 mentis
1059 1020 1135 1046 non
1164 1009 1266 1045 videt
1283 1020 1292 1046 ε
1322 1009 1385 1056 jus

102 1063 206 1098 enim
223 1065 280 1098 est
295 1063 461 1110 veritas;
490 1064 586 1100 sicut
605 1064 722 1105 igitur
747 1073 854 1100 error
874 1067 933 1099 est
956 1062 1126 1100 carentia
1145 1062 1313 1099 veritatis
1333 1062 1385 1098 ita

101 1120 158 1152 est
177 1116 348 1152 carentia
363 1117 473 1163 J'uris.

146 1167 322 1214 Libertas
336 1169 496 1206 docendi
510 1170 631 1207 estad
643 1171 922 1217 corruptionem
939 1169 1074 1206 mentis
1093 1174 1128 1205 et
1145 1168 1286 1205 cordis.
1307 1169 1385 1204 Duo

102 1221 152 1258 ad
171 1221 245 1258 hoc
264 1221 610 1259 demonstrandum
631 1233 786 1259 assumo
809 1232 818 1258 :
840 1225 888 1258 1¹¹²
921 1222 1104 1258 Homines
1121 1221 1171 1257 ad
1188 1223 1384 1268 acceptan-

102 1274 171 1310 das
193 1273 364 1311 theorias
383 1285 472 1321 quae
494 1285 628 1312 eorum
655 1275 853 1323 passiones
877 1274 1003 1312 fovent
1025 1273 1210 1321 proclives
1236 1284 1282 1309 ex
1306 1283 1390 1309 cox-

101 1327 280 1374 ruptione
300 1331 450 1364 naturae
470 1338 571 1373 esse;
600 1331 650 1364 2¹¹³
678 1328 885 1365 Maximam
905 1327 1110 1364 hominum
1130 1330 1280 1373 partem
1300 1335 1393 1375 esse·

101 1390 170 1427 per
191 1390 231 1416 se
256 1380 480 1427 incapacem
501 1380 662 1418 vacandi
689 1381 816 1418 studio
843 1380 1093 1417 scientiarum
1116 1383 1153 1415 et
1174 1389 1255 1415 sese
1275 1378 1385 1414 extri-

101 1433 214 1469 candi
233 1432 370 1469 afalsis
383 1434 741 1470 ratiocinationibus
762 1438 799 1470 et
818 1432 1122 1480 sophismatibus
1142 1431 1293 1468 erroris.
1312 1431 1381 1473 Qui

101 1485 185 1524 haec
204 1485 280 1523 duo
301 1491 473 1534 negaret,
490 1491 647 1534 negaret
661 1486 778 1523 simul
787 1487 932 1523 sactum
947 1490 1129 1521 constans
1146 1487 1182 1520 et
1205 1484 1381 1520 omnibus

102 1539 362 1576 manifestum.
382 1540 497 1588 Atqui
526 1551 535 1576 z
575 1543 614 1575 1⁰
635 1551 680 1576 ex
706 1539 884 1577 libertate
904 1537 1064 1575 docendi
1087 1537 1209 1573 oritur
1227 1536 1383 1572 libertas

104 1593 256 1637 erroris,
275 1597 316 1628 ut
333 1603 450 1641 supra
470 1592 615 1630 dictum
636 1597 707 1638 est,
722 1603 790 1640 per
808 1601 924 1640 quem
944 1591 1142 1638 passiones
1163 1590 1337 1626 foventur
1350 1590 1385 1624 et

103 1645 319 1682 excitantur
336 1648 472 1682 contra
490 1649 640 1693 partem
664 1645 950 1689 intellectivam,
972 1648 1010 1679 et
1029 1646 1137 1691 parte
1157 1640 1386 1678 intellectiva

103 1703 254 1735 errante
268 1700 352 1735 fieri
365 1710 443 1735 non
454 1702 581 1746 potest
591 1704 634 1735 ut
644 1703 749 1735 totus
757 1698 873 1734 homo
888 1707 966 1734 non
980 1699 1270 1742 corrumpatur3
1288 1697 1326 1730 2⁰
1341 1704 1386 1731 ex

103 1751 281 1788 libertate
313 1751 473 1788 docendi
515 1751 693 1788 homines
724 1754 971 1798 exponuntur
1007 1749 1180 1797 quotidie
1218 1746 1386 1795 periculo

105 1804 259 1840 errandi
280 1804 318 1840 in
339 1803 400 1840 his
425 1815 513 1852 quae
542 1805 638 1840 scire
658 1807 695 1840 et
716 1803 764 1840 de
791 1803 932 1850 quibus
955 1812 1045 1838 cum
1065 1802 1224 1837 veritate
1247 1800 1387 1835 sentire

104 1860 295 1902 tenentur,
321 1860 364 1893 ut
391 1861 481 1893 sunt
500 1867 545 1893 ea
564 1867 650 1904 quae
680 1857 815 1898 Deum,
846 1865 932 1902 quae
960 1855 1134 1891 animam
1159 1853 1385 1896 humanam,

105 1921 192 1959 quae
223 1910 423 1954 moralem,
453 1921 539 1957 quae
563 1910 787 1957 religionem
812 1907 1036 1955 respiciunt,
1064 1917 1153 1943 cum
1181 1916 1249 1952 per
1272 1904 1389 1940 falsos

106 1963 315 2010 magistros
343 1963 564 2010 huJusmodi
590 1963 768 1998 veritates
806 1960 1021 2008 impudenti
1049 1958 1205 1995 licentia
1233 1958 1389 2004 impug-

105 2020 261 2061 nantur,
289 2019 328 2052 et
348 2027 445 2064 quas
470 2015 673 2052 defendere
700 2024 724 2051 a
744 2012 1046 2061 sophismatibus
1074 2011 1247 2047 maxima
1264 2009 1390 2045 homi-

106 2079 199 2106 num
218 2080 307 2116 pars
322 2080 399 2105 non
422 2072 560 2115 potest.
582 2067 687 2105 Unde
707 2067 835 2114 posita
854 2076 900 2102 ex
919 2075 997 2101 una
1021 2066 1128 2111 parte
1154 2062 1391 2111 proclivitate

107 2123 157 2159 ad
176 2122 337 2163 malum,
357 2133 403 2158 ex
425 2123 546 2158 altera
555 2131 644 2157 vero
658 2119 886 2167 impotentia
898 2116 1152 2155 ratiocinandi
1171 2115 1389 2157 scientifice,

107 2176 190 2212 [ieri
205 2186 284 2212 non
301 2179 426 2222 potest
446 2179 488 2210 ut
511 2173 672 2210 docendi
698 2173 871 2215 libertas,
889 2181 957 2208 seu
982 2170 1108 2206 verius
1124 2169 1292 2212 licentia,
1313 2178 1391 2203 non

109 2232 190 2265 tota
199 2229 248 2265 sit
262 2233 299 2265 et
313 2229 519 2265 efficaciter
532 2229 571 2263 in
581 2226 869 2273 corruptionem
883 2223 1023 2261 mentis
1037 2227 1074 2259 et
1090 2221 1216 2258 cordis
1234 2220 1388 2257 civium.

110 2301 151 2309 —
171 2283 220 2318 At
239 2282 298 2328 jus
318 2286 376 2318 est
393 2282 432 2317 in
451 2281 596 2317 civibus
615 2284 658 2316 ut
675 2279 883 2316 auctoritas
901 2277 1020 2314 civilis
1040 2286 1106 2312 eos
1123 2285 1146 2311 a
1163 2277 1272 2310 tanta
1291 2272 1400 2323 cala-⁸

109 2335 244 2371 mitate
265 2334 457 2378 defendat,
491 2343 615 2380 neque
635 2332 725 2370 huic
752 2331 879 2368 officio
907 2330 1038 2368 deesse
1067 2328 1151 2376 ipsa
1183 2325 1392 2364 auctoritas
