1554 2569
176 155 257 183 ΛΒΤ.
274 155 311 180 w
321 154 367 180 ΒΕ
379 154 422 180 ns
440 153 521 184 ΟΠΞ
538 152 714 178 INFLUUNT
725 152 761 177 m
781 151 1037 177 VOLUNTAMUM
1050 152 1094 177 Ex
1108 152 1222 177 PARTE
1240 154 1319 178 RAT.
1372 146 1414 180 87

131 231 314 276 operatur
336 227 374 261 in
402 225 621 272 ignorantia
657 223 939 260 concomitante
969 224 1017 258 sit
1036 223 1226 259 voluntati
1258 235 1416 262 consen-

132 285 302 317 taneum.

177 334 219 369 V.
235 331 458 378 Ignorantia
470 339 708 374 consequens
718 339 795 365 non
806 332 942 365 causat
958 329 1281 366 involuntarium.
1307 331 1417 379 Igno-

132 386 257 423 rantia
276 393 500 430 consequens
519 387 576 418 est
605 383 670 418 illa
689 392 776 429 quae
796 386 852 418 est
886 382 1004 417 volita
1024 382 1070 417 ab
1098 383 1182 428 ipsa
1206 383 1415 420 voluntate.

131 437 277 485 Duplex
292 435 543 482 distinguitur
559 445 568 480 ;
590 435 680 481 quia
699 433 903 481 dupliciter
921 433 1098 469 voluntas
1119 438 1244 481 potest
1273 435 1417 483 aliquid

133 490 240 534 velle,
261 489 401 524 directe
429 498 580 534 nempe,
602 491 638 523 et
672 486 866 531 indirecte,
894 490 936 521 ut
962 497 1079 533 supra
1106 487 1251 523 dictum
1274 492 1342 524 est.
1373 510 1416 516 ——

133 541 355 590 Ignorantia
379 540 518 576 directe
543 540 660 575 volita
675 543 730 575 est
748 539 812 574 illa
832 549 918 586 quae
938 550 1006 586 per
1022 550 1061 575 se
1081 544 1137 575 est
1164 540 1360 587 objectum
1379 543 1417 577 in

133 595 236 642 quod
275 594 394 630 fertur
427 597 533 629 actus
570 592 800 637 voluntatis;
833 592 931 628 siout
962 602 1050 628 cum
1080 592 1220 639 aliquis
1256 594 1417 640 positive

133 649 310 695 ignorare
326 646 407 682 vult
424 646 560 693 legem.
576 645 636 680 vel
667 649 710 680 ut
729 645 1016 681 excusationem
1032 655 1054 680 a
1074 650 1229 692 peccato
1262 646 1414 693 habeat,

132 701 192 736 vel
210 704 253 735 ut
272 710 350 735 non
370 698 620 734 retrahatura
639 697 846 744 peccando,
862 697 1074 733 secundum
1095 698 1188 733 illud
1208 699 1418 746 impiorum

133 752 236 800 apud
252 752 336 788 Job.
364 751 455 786 XXI.
478 752 522 786 4:
550 750 686 787 Recede
711 761 735 787 a
760 749 882 795 nobis,
901 755 933 785 et
956 758 1150 786 SCIENTIAM
1170 752 1321 787 viarum
1338 758 1424 800 tua-¹

134 817 218 842 rum
246 805 432 840 nolumus.
468 803 514 838 Et
562 803 645 839 haec
679 803 898 850 ignorantia
946 802 1086 838 directe
1130 804 1247 840 volita
1281 804 1424 852 diciturJ

134 858 326 903 affectata.
350 876 395 882 -—-
418 856 641 903 IgnorantIa
668 855 850 890 indirecte
873 855 992 890 volita
1017 859 1073 890 est
1094 855 1171 900 illa,
1191 866 1307 902 quam
1336 858 1426 904 quis'

135 913 261 957 potest
305 912 342 945 et
370 907 482 944 debet
527 917 604 942 non
644 906 796 943 habere.
837 907 928 948 Quae
967 908 1185 954 ignorantia
1233 909 1420 957 contingit

136 961 280 1009 duplici
303 959 445 996 modo:
484 962 519 996 1⁰
544 970 632 996 cum
665 959 804 1006 aliquis
834 970 911 994 non
938 959 1155 995 considerat
1175 960 1278 1007 quod
1301 963 1420 998 consi-

137 1015 269 1050 derare
291 1017 417 1061 potest
442 1017 480 1048 et
515 1012 648 1057 debet3
682 1016 719 1047 et
742 1012 779 1046 in
801 1011 874 1047 hoc
891 1022 981 1047 casu
1010 1012 1174 1048 habetur
1204 1013 1423 1060 ignorantia

135 1067 248 1103 malae
272 1066 484 1106 electionis,
521 1065 580 1100 vel
615 1076 660 1100 ex
693 1064 874 1111 passione
909 1064 967 1100 vel
996 1075 1041 1099 ex
1069 1064 1226 1110 habitu3
1257 1068 1295 1100 2⁰
1333 1077 1419 1102 cum

138 1119 277 1166 aliquis
306 1119 486 1154 notitiam
518 1127 635 1164 quam
657 1116 769 1152 debet
789 1116 1132 1163 habere,quamvis
1167 1119 1271 1163 velit,
1294 1123 1420 1155 tamen

137 1183 214 1207 non
236 1175 345 1207 curat
358 1171 573 1217 acquirere,
601 1170 698 1205 sicut
720 1170 751 1205 si
771 1168 943 1205 medicus
962 1170 1020 1205 vel
1036 1169 1156 1216 judex
1184 1171 1421 1219 negligerent

139 1225 235 1259 scire
252 1233 339 1270 quae
359 1222 407 1259 ad
437 1222 637 1270 proprium
664 1221 834 1258 officium
858 1221 1063 1268 pertinent.
1087 1223 1174 1258 Ilaec
1203 1224 1422 1270 ignorantia

138 1276 329 1312 indirecta
360 1274 501 1311 dicitur
531 1274 646 1310 etiam
684 1275 828 1320 supina
861 1273 920 1308 vel
953 1284 1098 1317 crassa,
1122 1274 1152 1308 si
1191 1276 1424 1322 negligentia

137 1329 251 1364 fuerit
272 1327 413 1375 gravis,
436 1327 489 1362 ita
524 1336 662 1373 nempe
700 1330 742 1361 ut
761 1325 820 1361 vel
858 1325 964 1361 nulla
996 1325 1055 1361 vel
1082 1325 1175 1361 levis
1213 1327 1423 1364 admodum

138 1380 338 1427 diligentia
358 1377 579 1415 addiscendi
616 1377 790 1414 adhibita
826 1377 951 1414 fuerit.
974 1398 1019 1402 —
1040 1378 1102 1412 His
1125 1378 1170 1413 de
1207 1380 1426 1426 ignorantia

138 1436 378 1478 consequente
407 1430 622 1475 declaratis,
644 1429 855 1477 propositio
886 1429 1032 1465 nullam
1059 1429 1229 1466 admittit
1265 1432 1424 1469 difficul-

139 1489 271 1521 tatem.
294 1484 443 1520 Etenim
465 1483 530 1530 qui
549 1483 631 1519 vult
650 1493 808 1519 causam
828 1483 908 1517 vult
926 1482 1043 1518 etiam
1068 1494 1112 1518 ea
1129 1493 1214 1530 quae
1236 1496 1322 1519 cum
1344 1486 1425 1533 ipsa

138 1547 256 1574 causa
276 1540 364 1572 sunt
392 1536 605 1572 necessario
631 1545 814 1571 connexa.
836 1534 950 1581 Atqui
978 1535 1156 1570 voluntas
1178 1536 1255 1571 sive
1278 1536 1420 1573 directe

141 1590 219 1625 sive
240 1588 422 1624 indirecte
438 1588 520 1624 vult
543 1588 803 1634 ignorantiam
832 1591 1142 1633 consequentem,
1164 1599 1252 1623 cum
1278 1600 1353 1636 qua
1368 1595 1425 1625 est

140 1641 355 1677 necessario
388 1650 604 1676 connexum
633 1639 671 1675 id
698 1639 814 1686 quod,
834 1639 917 1686 ipsa
953 1643 1091 1683 stante,
1114 1640 1291 1676 voluntas
1330 1642 1423 1677 vult.

140 1695 239 1741 Ergo
264 1693 442 1729 voluntas
470 1692 551 1728 vult
583 1692 621 1727 id
653 1691 770 1739 quod,
793 1693 875 1739 ipsa
906 1696 1087 1739 operatur
1124 1693 1159 1727 vi
1198 1693 1426 1739 ignorantiae

141 1745 440 1792 consequentis;
469 1744 570 1780 unde
591 1745 689 1780 actio
713 1744 785 1780 hoc
811 1745 849 1779 ln
876 1754 965 1780 casu
990 1754 1066 1780 non
1093 1749 1151 1779 est
1170 1745 1428 1781 involuntaria

142 1798 378 1845 simpliciter.
401 1818 446 1824 -
464 1798 554 1832 Dico
575 1801 704 1833 autem
721 1796 962 1842 simpliciter,
990 1797 1081 1843 quia
1096 1798 1302 1833 secundum
1335 1800 1428 1845 quid

142 1853 273 1886 causat
302 1849 384 1885 haec
427 1849 645 1896 ignorantia
682 1849 996 1893 involuntarium,
1034 1849 1107 1884 hoc
1143 1860 1255 1885 sensu
1291 1861 1427 1897 nempe

143 1902 246 1950 quod
269 1901 301 1937 si
322 1901 403 1948 ipsa
431 1911 506 1936 non
537 1900 702 1945 adesset,
728 1901 905 1935 voluntas
935 1911 1011 1935 non
1029 1901 1140 1935 vellet
1153 1900 1190 1935 id
1212 1901 1314 1948 quod
1349 1903 1429 1937 vult

144 1958 271 1991 stante
291 1953 509 2000 ignorantia
530 1964 539 1998 3
567 1956 604 1988 et
629 1953 668 1987 in
689 1952 762 1988 hoc
784 1952 1003 1998 ignorantia
1022 1962 1262 1998 consequens
1293 1953 1426 1989 distin-

145 2007 275 2054 guitur
294 2017 316 2041 a
335 2005 630 2041 concomitante.

190 2059 250 2094 vt.
260 2058 482 2103 Ignorantia
491 2058 722 2094 antecedens
733 2060 866 2093 causat
874 2058 1102 2102 simpliciter
1109 2059 1428 2095 involuntarium.

144 2110 366 2157 Ignorantia
383 2110 599 2146 antecedens
622 2111 722 2156 (quae
740 2113 798 2144 est
818 2110 974 2145 tertium
1000 2110 1219 2146 membrum
1234 2110 1431 2147 divisionis

145 2163 387 2210 ignorantiae)
421 2163 485 2198 illa
510 2166 565 2198 est
593 2172 678 2209 quae
700 2172 776 2197 non
803 2165 859 2197 est
883 2162 1101 2198 voluntaria
1127 2172 1250 2210 neque
1287 2163 1431 2200 directe

145 2225 269 2261 neque
290 2215 485 2260 indirecte,
504 2219 540 2251 et
567 2219 624 2251 est
646 2218 772 2249 tamen
793 2224 907 2250 causa
917 2214 1069 2250 volendi
1089 2215 1191 2261 quod
1214 2216 1300 2262 quis
1314 2216 1431 2251 nollet

147 2268 181 2302 si
197 2267 415 2313 ignorantia
437 2266 718 2303 deesset.Unde
739 2266 1056 2302 omninodiversa
1076 2267 1191 2303 estab
1213 2268 1432 2315 ignorantia

147 2323 231 2355 tum
248 2324 516 2366 consequente,
577 2324 659 2354 tum
709 2318 1004 2355 concomitante.
1063 2319 1237 2366 Exempli
1277 2321 1400 2367 gratia
1421 2332 1429 2356 ;

146 2371 291 2418 Aliquis
316 2371 490 2409 adhibita
518 2372 624 2408 omni
660 2371 858 2417 diligentia
874 2382 960 2417 quae
981 2371 1077 2407 solet
1105 2372 1305 2408 moraliter
1324 2373 1430 2408 adhi-
