1554 2569
172 99 213 129 5'0
236 105 360 130 ETch
372 106 441 132 Lm.
457 107 495 131 Π.
509 107 586 132 ΕΑΡ.
601 108 622 132 1.
637 108 679 132 DE
692 108 841 132 ACTIBUS
856 107 991 132 nuum.
1006 107 1043 131 IN
1057 107 1188 132 smt’sxs
1202 106 1449 131 cossmERA‘rts

171 181 287 223 atque
308 177 537 224 principium
556 178 672 223 istud,
688 178 789 223 quod
811 179 891 225 ipse
908 178 1054 214 vocavit
1071 177 1337 224 imperativum
1353 180 1450 213 cate-

170 229 354 275 9or1'cum,
377 229 431 265 ita
449 231 635 276 expressit
653 241 661 266 :
688 230 754 267 Sic
773 241 855 276 aye,
875 234 916 266 ut
937 230 1007 273 lex,
1034 240 1148 277 quam
1171 228 1363 266 voluntati
1379 233 1451 265 tuce

169 281 394 327 praestituis,
415 282 539 318 valere
553 282 670 318 simul
682 283 808 329 possit
820 293 892 329 pro
907 282 1079 329 generali
1096 293 1232 318 norma
1251 281 1448 328 operandi.

170 354 215 359 —
239 335 291 369 ita
313 335 411 370 Kant
431 336 468 370 in
495 346 565 371 sua
588 336 736 372 Crz'tica
761 335 928 371 rationis
951 335 1135 382 praclt'coe
1154 335 1234 371 Lib.
1258 335 1287 372 Ι.
1310 334 1400 379 Cap.
1421 334 1449 369 Ι.

170 387 284 429 §.VIL
309 397 344 421 n.
362 389 444 423 201.
461 389 504 422 Et
523 388 612 435 Cap.
629 389 673 432 ΙΙ,
690 399 728 423 n.
743 389 825 430 261,
842 387 1023 423 formulat
1040 387 1270 435 principium
1285 385 1451 433 typicum

169 433 316 485 jz’tdz'cz'z‘
332 440 500 484 practici
515 440 586 476 hoc
600 440 715 475 modo
733 451 741 475 :
762 454 778 472 ι
796 441 905 476 Ratio
923 450 1021 488 pura
1036 440 1267 476 determinat
1281 439 1451 474 volunta·

172 497 248 525 tem
277 502 297 526 a
314 491 447 537 priori
471 493 509 528 in
531 493 661 529 ordine
682 493 730 529 ad
756 504 870 528 suum
891 493 1082 539 objectum
1108 492 1303 529 mediante
1323 491 1453 537 aliqua

171 543 315 589 regula.
337 544 528 580 Judieium
555 547 766 592 practicum
789 545 1020 581 informatur
1044 546 1231 593 principio
1253 545 1452 580 enuntiato

172 595 286 631 modo
317 597 520 633 universali
548 599 586 633 in
611 598 744 644 regulo.
770 598 868 645 ipsa,
888 602 931 633 ut
956 609 1042 634 eam
1063 597 1227 645 applicet
1253 596 1394 633 actioni
1414 596 1452 630 in

171 652 360 685 concreto.
388 664 402 682 ι
431 670 475 675 -
495 651 634 686 Verum
655 651 779 686 Kantii
802 650 973 686 doctrina
993 651 1039 686 de
1065 660 1244 698 supremo
1263 649 1451 697 principio

168 700 322 752 *admitti
343 712 418 736 non
437 705 576 748 potest.
596 702 745 738 Etenim
767 705 800 737 10
822 702 1069 738 determinari
1090 701 1202 737 debet
1220 701 1452 748 principium

170 763 244 799 quo
267 753 384 789 homo
402 754 526 800 legem
542 765 621 790 suae
638 755 824 791 voluntati
841 755 1038 802 imponat:
1055 765 1132 790 non
1153 754 1256 790 enim
1275 753 1335 789 lex
1355 752 1454 789 arbi·

173 806 290 840 traria
319 817 401 842 esse
432 807 565 852 debet;
593 818 708 855 porro
734 808 965 854 principium
995 807 1088 843 illud
1118 807 1345 853 objectivum
1371 816 1452 841 esse

171 862 334 904 oportet,
354 859 457 905 quod
473 861 628 903 scilicet,
647 872 718 896 sua
733 862 891 896 veritate
909 860 1239 906 extrasubjectiva‚
1258 863 1453 894 mensuret

170 911 372 946 veritatem
395 913 514 947 nostri
531 912 663 959 J'udicii
689 918 724 949 et
751 913 962 948 bonitatem
984 912 1103 958 ipsius
1128 911 1223 959 legis
1249 911 1451 955 ostendat3

171 962 238 997 sed
264 963 362 999 Kant
390 964 660 1010 subjectivismi
686 966 875 1013 prIncipia
901 965 1038 1001 morali
1065 964 1230 1012 applicat
1255 964 1309 1008 (L.
1339 965 1394 1005 56,
1417 968 1453 999 et

170 1016 230 1050 Ps.
253 1017 311 1060 36,
331 1017 393 1063 111)
411 1028 419 1061 ;
441 1037 486 1043 -
506 1021 544 1053 20
564 1029 682 1065 quare
703 1018 819 1054 homo
839 1018 925 1054 duci
946 1019 985 1054 in
1006 1018 1084 1054 suis
1108 1018 1321 1053 actionibus
1342 1016 1454 1052 debet

170 1077 193 1102 a
211 1067 308 1114 lege,
333 1079 419 1115 quae
439 1070 562 1105 valeat
582 1081 650 1116 pro
677 1070 845 1117 generali
865 1080 1004 1106 norma
1026 1069 1240 1117 operandi?
1262 1069 1338 1104 Hoc
1357 1068 1454 1103 Kan-

170 1120 246 1155 tius
272 1130 348 1156 non
378 1121 480 1157 dicit.
509 1123 561 1157 Ex
587 1133 663 1169 quo
693 1126 797 1170 patet
826 1122 929 1168 quod
959 1122 1190 1169 principium
1217 1121 1452 1156 Kantianum

169 1182 293 1217 neque
315 1173 466 1209 evidens
484 1185 551 1220 per
570 1185 607 1210 se
628 1179 698 1218 est,
722 1185 842 1220 neque
863 1175 1043 1221 primum.

216 1224 295 1260 VII.
316 1226 418 1261 Nou
439 1227 497 1261 IV.
518 1228 751 1272 Principium
771 1227 917 1264 richte.
934 1227 1061 1262 Fichte
1082 1226 1223 1273 duplex
1238 1226 1276 1261 in
1296 1225 1453 1261 homine

170 1275 371 1324 distinguit
398 1279 658 1325 principium:
687 1290 807 1315 unum
835 1280 975 1315 scilicet
1000 1278 1142 1315 morale
1167 1278 1271 1325 quod
1298 1278 1453 1325 respicit

170 1329 369 1365 hominem
395 1331 434 1366 in
454 1342 518 1376 se;
541 1332 704 1368 alterum
729 1332 870 1368 sociale
889 1332 992 1379 quod
1018 1332 1172 1379 respicit
1197 1331 1394 1367 hominem
1415 1331 1451 1365 in

170 1382 351 1418 societate
366 1384 640 1420 conviventem.
656 1385 886 1431 Principium
901 1385 1046 1420 morale
1066 1387 1122 1420 est
1139 1395 1147 1419 ε
1164 1383 1381 1420 omnimoda
1395 1383 1452 1418 in-

170 1433 429 1480 dependentia,
453 1448 529 1483 qua
554 1437 696 1473 scilicet
723 1437 840 1473 homo
861 1440 900 1472 ut
927 1436 1041 1472 nullis
1061 1436 1208 1483 legibus
1231 1436 1450 1478 adstrictus,

169 1487 273 1522 nullo
295 1489 409 1523 etiam
431 1490 660 1526 moralitatis
680 1490 829 1526 vinculo
849 1492 1038 1526 teneatur.
1061 1489 1293 1535 Principium
1314 1489 1452 1524 sociale

169 1542 254 1575 est:
283 1540 432 1587 Dilz'yes
462 1547 494 1578 le
520 1553 635 1588 super
658 1544 800 1585 omnia,
830 1547 863 1579 et
891 1543 992 1578 alios
1021 1542 1189 1578 homines
1211 1546 1371 1588 propter
1397 1546 1452 1582 te;

174 1602 310 1639 nempe
329 1595 483 1640 cynicus
500 1596 694 1641 egoismus
710 1596 816 1642 pejor
835 1596 1007 1642 egoismo
1028 1596 1243 1639 brutorum,
1261 1599 1297 1630 et
1317 1595 1382 1641 qui
1405 1594 1451 1629 ad

172 1644 417 1681 idealismum
445 1648 741 1693 pantheisticum
770 1648 898 1684 Ficlite
924 1648 1181 1695 consequitur.
1211 1647 1452 1683 Resutatione

173 1708 250 1733 non
270 1703 356 1744 eget
380 1704 465 1744 post
485 1711 530 1735 ea
554 1710 640 1746 quae
666 1700 702 1735 in
729 1700 979 1746 Psychologia
1000 1700 1071 1746 (27,
1093 1700 1137 1734 VI
1165 1704 1201 1735 et
1222 1699 1297 1746 VII)
1319 1699 1452 1735 defini-

169 1751 294 1786 vimus
317 1756 450 1787 contra
476 1753 663 1799 principia
690 1752 903 1798 ideologica
929 1752 1044 1798 hujus
1071 1752 1258 1795 Auctoris,
1286 1761 1450 1798 quorum

170 1802 344 1839 doctrina
374 1805 529 1840 moralis
559 1808 614 1840 est
637 1805 771 1840 illatio.
793 1804 942 1840 Etenim
958 1805 1069 1850 juxta
1091 1803 1216 1839 Fichte
1239 1803 1280 1838 τὸ
1306 1814 1375 1850 ego
1396 1808 1451 1838 est

169 1855 401 1902 principium
432 1858 586 1892 unicum
615 1862 652 1892 et
678 1867 902 1903 supremum
929 1856 1074 1892 ordinis
1101 1861 1181 1892 tum
1209 1855 1344 1892 idealis
1370 1861 1450 1891 tum

169 1908 295 1943 realis.
317 1911 414 1956 Ergo
434 1909 609 1945 voluntas
635 1911 699 1944 τοῦ
726 1921 796 1957 ego
824 1913 880 1945 est
902 1910 1133 1956 principium
1159 1909 1314 1945 unicum
1334 1910 1452 1945 totius

170 1960 434 2007 legislationis.
469 1963 561 1998 Hinc
593 1962 818 1999 omnimoda
847 1961 1144 2009 independentia
1172 1963 1235 1996 τοῦ
1265 1971 1350 2008 ego.
1380 1961 1450 1998 Sed
1510 1992 1513 1996 .

169 2014 400 2060 principium
428 2026 650 2063 supremum
673 2018 729 2051 est
756 2015 843 2051 sinis
863 2015 1039 2051 omnium
1062 2024 1149 2061 quoe
1169 2015 1217 2050 ab
1245 2014 1327 2061 ipso
1348 2017 1450 2055 sunt,

170 2068 211 2098 ut
232 2065 277 2100 de
308 2067 381 2101 Deo
404 2067 571 2103 diximus
593 2068 644 2112 (C.
668 2070 701 2113 8,
725 2069 786 2113 11).
808 2068 907 2111 Ergo
934 2077 1022 2102 cum
1042 2066 1125 2102 loco
1152 2067 1218 2101 Dei
1244 2069 1410 2112 ponatur
1431 2077 1450 2101 a

170 2116 295 2152 Fichte
321 2117 362 2153 τὸ
389 2129 473 2164 ego,
496 2121 671 2167 sequitur
696 2120 801 2155 aliud
827 2120 1059 2166 principium
1086 2118 1326 2166 egoisticum,
1349 2118 1448 2164 quod

168 2169 300 2205 omnia
319 2169 435 2206 homo
455 2171 594 2207 reserat
614 2171 663 2207 ad
685 2172 865 2218 seipsum.
887 2191 934 2198 —
955 2170 1096 2213 Fichte‚
1117 2171 1156 2206 in
1174 2170 1320 2205 ultimis
1341 2170 1449 2205 annis

169 2223 252 2258 vitae
286 2233 377 2267 suae,
413 2225 565 2259 territus
599 2235 620 2260 a
656 2224 940 2271 consequentiis
975 2224 1033 2259 sui
1068 2224 1300 2270 systematis,
1334 2222 1449 2259 fidem

169 2276 337 2311 scientim
358 2276 567 2321 substituit,
589 2281 626 2313 et
646 2287 713 2324 per
732 2276 861 2319 fidem,
887 2287 1004 2323 quam
1031 2277 1198 2311 scientiae
1219 2276 1448 2322 opponebat,

110 2355 115 2358 .
171 2328 388 2374 ponendam
414 2339 496 2366 csse
517 2328 612 2364 dixit
637 2329 851 2365 realitatem
873 2328 1231 2375 extrasubJeetivam
1253 2327 1387 2363 mundi
1413 2332 1447 2363 et
