1554 2569
534 211 714 260 LIBER
749 213 985 262 PRIMUS

404 329 458 363 DE
491 331 592 363 JU'RE
635 332 815 364 NATURAE
848 333 1113 365 INDlVIDUALl

161 461 357 506 Prologus.
385 460 559 496 Diximus
579 460 705 496 officia
713 471 794 497 esse
804 460 957 507 juribus
970 460 1207 497 correlativa.
1219 457 1316 494 Illud
1334 468 1399 494 au-

114 517 192 548 tem
211 511 313 559 quod
339 513 519 559 primitus
545 513 583 548 in
611 522 775 560 persona
796 512 934 549 morali
951 518 1078 549 creata
1098 512 1313 558 concipitur
1344 515 1400 546 est

113 565 196 611 ejus
210 565 422 601 essentialis
441 575 464 601 a
476 565 552 601 Deo
570 564 825 612 dependentia
846 570 929 601 tum
946 566 985 601 in
1003 576 1097 610 esse,
1119 569 1201 600 tum
1222 564 1262 599 in
1274 573 1399 611 agere,

116 622 199 652 tum
220 617 260 652 in
280 616 477 653 tendentia
498 616 546 653 ad
566 618 697 653 finem.
717 617 838 653 Habet
853 617 973 665 igitur
990 618 1090 652 Deus
1106 617 1196 664 Jura
1215 615 1254 651 in
1278 614 1401 651 homi-

115 679 218 714 nem,
241 673 278 705 et
303 670 341 704 in
355 669 513 705 homine
544 675 634 705 sunt
659 669 875 706 essentialia
901 670 1028 706 officia
1056 680 1147 716 erga
1165 666 1299 704 Deum.
1329 666 1402 703 Sed

116 722 273 757 Creator
288 732 376 758 cum
389 726 534 758 ceteras
550 721 818 758 resinseriores
829 722 978 770 legibus
994 721 1216 758 necessariis
1236 721 1275 755 in
1285 720 1403 755 finem

115 774 269 821 dirigat,
303 774 502 811 hominem
522 779 651 812 tamen
676 775 874 812 constituit
895 775 937 811 in
956 785 1073 811 manu
1093 773 1252 811 consilii
1270 773 1345 815 sui,
1361 777 1404 807 ut

116 837 254 874 nempe
278 837 346 874 per
364 827 583 864 libertatem
603 839 684 864 sese
716 829 754 864 in
774 829 891 864 finem
921 827 1062 875 dirigat
1085 828 1133 872 (1,
1155 825 1231 871 W),
1253 824 1399 861 consor—

116 880 231 915 miter
248 879 298 916 ad
316 879 419 927 leges
440 879 642 917 Creatoris.
666 881 837 927 Denique
857 891 936 916 non
956 891 1056 916 unus
1074 879 1192 915 homo
1213 878 1343 914 existit
1365 877 1404 912 in

117 931 263 968 mundo
284 931 349 969 sed
366 933 492 977 multi,
515 933 659 970 eisdem
679 933 853 970 obstricti
870 933 1006 969 officiis
1023 937 1059 968 et
1067 931 1232 978 juribus.
1247 930 1347 977 Ergo
1362 934 1405 965 ut

114 986 177 1032 jus
196 989 345 1021 naturae
372 985 605 1022 individuale
631 986 754 1034 plene,
776 990 819 1021 ut
838 996 909 1033 par
927 990 996 1030 est,
1031 984 1258 1027 declaretur,
1280 981 1400 1018 dicen-

118 1037 211 1072 dum
228 1041 286 1073 est
302 1048 310 1072 :
332 1040 367 1073 10
379 1037 423 1074 de
437 1038 583 1086 officiis
599 1038 767 1075 hominis
775 1049 867 1085 erqa
879 1038 1000 1074 Deum
1014 1040 1074 1082 ‚·2⁰
1085 1038 1128 1073 de
1140 1035 1285 1083 officiis
1294 1035 1400 1071 homi

118 1090 179 1126 nis
198 1101 289 1136 erga
304 1091 470 1136 seipsum
485 1104 500 1135 ;
517 1093 555 1127 3ο
577 1091 622 1128 de
638 1091 782 1139 officiis
805 1091 972 1127 hominis
994 1101 1086 1137 erqa
1113 1089 1225 1125 alios.
1250 1088 1394 1128 Quibus

120 1143 298 1178 omnibus
328 1143 609 1190 praemittendae
648 1148 738 1180 sunt
765 1145 942 1180 notiones
974 1142 1154 1190 quaedam
1183 1141 1227 1177 de
1253 1140 1346 1187 jure
1372 1145 1405 1176 et

119 1195 259 1242 officio
276 1201 432 1242 ¹qenerat
438 1196 487 1232 im
500 1197 675 1239 sumptis.

563 1326 731 1366 CAPUT
762 1325 969 1365 PRIMUM

331 1430 383 1459 DE
410 1430 505 1459 JURE
534 1431 582 1458 m·
610 1430 762 1459 ornem
794 1429 1017 1458 GENERATIM
1035 1427 1196 1457 SUMPTIS

170 1513 368 1558 Prologus.
387 1513 438 1548 De
455 1513 541 1559 jure
571 1517 608 1548 et
634 1513 760 1548 officio
781 1512 991 1560 generatim
1018 1510 1182 1557 sumptis
1210 1509 1282 1544 tria
1308 1508 1408 1543 ordi-

123 1569 211 1600 nate
231 1564 461 1600 declaranda
489 1569 591 1600 sunt.
617 1565 662 1600 Et
693 1567 729 1600 1⁰
757 1564 927 1611 quidem,
951 1563 996 1599 de
1025 1567 1168 1598 natura
1188 1565 1220 1597 ει
1252 1560 1409 1595 divisio·

123 1616 236 1653 nibus
247 1616 381 1663 juris,·
403 1616 493 1653 20de
512 1622 656 1653 natura
666 1622 700 1652 et
727 1615 984 1653 divisionibus
1005 1614 1133 1662 officii
1149 1625 1162 1658 ;
1185 1615 1221 1648 3⁰
1243 1612 1288 1648 de
1318 1611 1410 1659 jure

122 1669 302 1770 gagg-licio
318 1670 416 1707 inter
433 1681 471 1707 se
489 1669 724 1716 comparatis
733 1670 794 1714 ;4⁰
813 1668 990 1715 denique,
1011 1666 1057 1704 de
1073 1665 1240 1714 subjecto
1251 1664 1362 1713 ¹suris
1377 1668 1410 1699 et

539 1797 799 1836 ARTICULUS
825 1794 999 1833 PRIMUS

727 1885 801 1930 (28)

431 1973 486 2011 De
505 1979 648 2011 natura
664 1979 698 2010 et
714 1972 972 2009 divisionibus
983 1970 1093 2019 suris

174 2062 203 2099 1.
224 2062 329 2099 suris
345 2064 453 2100 notio
472 2064 691 2100 nominalis.
713 2061 823 2104 Quod
839 2072 910 2097 nos
924 2060 994 2107 jus
1013 2064 1046 2095 et
1054 2059 1153 2106 sura
1165 2058 1412 2102 dicimus,an-

129 2115 335 2160 tiquissimi
355 2116 464 2152 latini
480 2116 564 2152 ioue
580 2120 619 2152 et
639 2116 749 2151 iousa
766 2113 956 2157 dicebant,
979 2111 1129 2159 adjecta
1148 2121 1287 2158 nempe
1303 2110 1412 2155 diph-

131 2177 260 2216 tongo,
319 2173 356 2204 et
386 2173 622 2205 consonante
659 2167 837 2204 sibilante
857 2165 900 2212 S,
929 2165 1014 2201 loco
1031 2164 1179 2201 eaninae
1198 2164 1230 2200 R
1251 2173 1326 2210 qua
1357 2162 1412 2198 illi

129 2220 322 2257 carebant.
356 2221 520 2263 Quidam
546 2221 612 2268 jus
643 2231 666 2257 a
695 2219 867 2268 jubendo
900 2218 1046 2255 dictum
1080 2228 1162 2253 esse
1194 2219 1412 2260 autumant,

129 2272 416 2310 considerantes
432 2284 570 2321 nempe
590 2278 793 2310 externum
818 2272 997 2308 effectum
1017 2270 1126 2317 legis,
1147 2269 1213 2317 qui
1245 2272 1301 2306 est
1321 2267 1412 2304 obli·

131 2335 232 2372 gare.
253 2326 298 2375 D<
316 2325 482 2364 Thomas
496 2330 626 2363 autern
653 2326 750 2367 11·11.
778 2325 849 2366 Qu.
870 2323 977 2367 LVII,
1004 2322 1118 2359 Artic.
1139 2322 1154 2358 1
1175 2321 1214 2358 in
1239 2331 1412 2368 respons.
