1584 2569
425 167 505 193 Αιιτ.
533 168 588 193 m.
615 168 658 193 nn:
682 168 927 193 AUCTOMTATE
953 167 1088 194 socmu
1334 163 1402 200 227

115 239 218 287 quod
243 249 373 277 secum
399 239 472 275 fert
498 239 860 276 determinationem
889 240 992 276 illius
1020 251 1208 288 personae.
1227 242 1402 290 Exempli

103 291 251 340 gratia,
274 293 445 329 civitates
461 292 632 340 principe
650 292 844 329 destitutae
859 293 1093 330 conveniunt
1111 293 1160 330 ad
1186 295 1402 343 eligendam

114 356 334 392 personam,
358 350 395 382 et
414 344 617 392 designant
642 356 848 393 personam
869 346 897 382 B
916 358 926 392 ;
952 357 1000 383 en
1020 347 1154 384 electio
1173 347 1331 385 directa.
1357 350 1404 384 At

113 409 205 444 una,
233 398 293 434 vel
323 403 413 443 tres,
450 398 509 434 vel
543 398 670 445 plures
704 398 860 436 familiae
893 400 1059 447 patriam
1092 400 1329 448 relinquunt,
1365 407 1403 438 et

112 452 326 488 Americam
343 450 600 487 contendunt:
624 451 717 498 quid
731 454 939 498 quaerunt?
954 452 1147 500 Occupare
1164 454 1401 490 territorium

114 505 153 540 in
173 504 238 540 illa
262 504 418 552 regione
437 503 531 550 quin
551 505 721 551 cogitent
748 504 920 541 fortassis
939 505 986 542 de
1006 505 1315 542 dominatoribus
1333 519 1340 552 ;
1363 513 1403 543 at

113 568 157 593 eo
175 558 257 605 ipso
274 556 378 604 quod
397 556 544 604 eligunt
561 557 798 594 territorium
812 558 1028 605 subjectum
1039 559 1118 606 juri
1137 559 1402 607 gubernantis,

113 609 296 646 indirecte
323 610 470 657 eligunt
494 609 567 657 ipsi
600 610 829 657 gubernanti
857 611 1007 658 subjici.
1035 612 1180 653 Quibus
1200 612 1402 649 declaratis

112 668 188 699 tres
205 662 438 711 hypotheses
453 663 536 699 fieri
555 668 730 710 possunt.

158 716 294 753 Prima
310 716 540 763 hypothesis.
555 719 629 751 Aut
642 716 753 764 plura
771 716 966 754 individua
978 719 1211 755 conveniunt
1227 719 1265 755 in
1285 730 1401 755 unam

113 771 334 806 societatem
366 768 671 815 efformandam3
695 774 731 805 et
757 770 796 806 in
814 770 885 807 hac
916 771 1134 819 hypothesi,
1167 783 1255 808 cum
1273 773 1402 809 nullus

114 834 246 859 eorum
284 823 334 859 sit
367 826 506 858 natura
542 822 643 858 inter
693 823 796 869 ipsos
828 824 1016 870 princepS,
1056 825 1126 861 iste
1164 836 1241 861 non
1277 829 1402 872 potest

113 876 185 912 nisi
209 886 277 923 per
295 874 521 911 electionem
547 879 614 910 aut
633 885 852 922 expressam
871 881 938 912 aut
958 877 1115 913 tacitam
1137 877 1400 923 determinari,

112 933 155 964 ut
174 928 342 965 diximus
362 928 401 962 in
430 927 658 974 probatione
686 927 815 964 thesis.
837 928 883 963 Et
914 928 988 965 hoc
1013 929 1236 965 conceditur
1256 941 1278 966 a
1296 931 1401 967 Libe-

113 987 253 1018 ratore.

159 1034 334 1072 Secunda
355 1033 584 1080 hypothesis.
611 1034 686 1069 Aut
704 1033 832 1081 plures
846 1034 1015 1080 familioe
1030 1036 1262 1072 conveniunt
1281 1037 1320 1073 in
1338 1048 1402 1073 no-

111 1098 199 1124 vam
219 1087 441 1123 societatem
460 1086 740 1122 efformandam
760 1097 768 1122 :
788 1091 826 1123 et
847 1088 886 1122 in
907 1086 979 1123 hac
997 1088 1164 1124 secunda
1183 1088 1397 1137 hypothesi,

112 1151 200 1177 eum
226 1139 520 1188 patresfamilias
535 1140 599 1186 J'us
631 1139 778 1186 aequale
802 1139 971 1176 habeant
996 1140 1294 1178 administrandi
1315 1153 1399 1190 pro·

113 1195 237 1241 priam
257 1192 458 1237 familiam,
480 1202 565 1239 quae
582 1196 640 1228 est
656 1192 878 1239 proximum
898 1192 1132 1230 elementum
1155 1193 1271 1242 hujus
1292 1206 1400 1232 novae

112 1246 316 1290 societatis,
348 1245 386 1280 in
421 1245 513 1292 ipsis
544 1244 739 1281 collective
773 1246 938 1292 sumptis
957 1245 1098 1282 residet
1129 1248 1193 1294 Jus
1222 1247 1399 1284 determi-

112 1298 230 1335 naudi
257 1298 473 1345 subjectum
503 1297 665 1344 publicae
699 1299 913 1344 potestatis.
945 1298 1052 1334 Unde
1081 1299 1211 1347 aliqua
1239 1312 1399 1348 persona

111 1363 189 1387 non
206 1355 332 1399 potest
348 1350 421 1385 nisi
441 1360 509 1397 per
524 1360 658 1386 eorum
678 1360 906 1387 consensum
921 1361 1144 1398 expressum
1160 1352 1220 1388 vel
1241 1354 1398 1389 taciturn

112 1415 306 1441 assumere
337 1403 408 1440 sibi
435 1404 499 1451 jus
540 1402 838 1441 administrandi
870 1404 1163 1452 rempublicam.
1203 1405 1331 1453 Neque
1361 1408 1399 1442 in

112 1457 185 1494 hoc
202 1457 421 1494 Liberatore
437 1455 627 1493 dissentit.

163 1510 290 1547 Tertia
308 1509 539 1556 hypothesis.
560 1510 635 1544 Aut
651 1509 808 1545 demum
828 1509 984 1546 familiae
1004 1511 1244 1548 conviventes
1256 1523 1301 1548 ex
1322 1523 1399 1548 uno

110 1562 322 1609 eodemque
342 1562 471 1610 stipite
491 1561 716 1609 procedunt.
739 1562 875 1609 Quo-in
892 1573 994 1608 casu,
1016 1573 1217 1610 quousque
1243 1564 1400 1601 familiae

114 1617 150 1651 in
182 1626 259 1651 una
289 1615 405 1651 domo
437 1614 675 1660 cohabitant,
705 1616 829 1663 magis
855 1615 1019 1652 habetur
1049 1617 1211 1653 societas
1240 1618 1399 1665 patriar-

111 1668 230 1705 chalis
249 1679 366 1716 quam
386 1668 504 1704 civilis
522 1669 594 1712 (49,
614 1667 697 1712 lv);
719 1669 750 1703 si
767 1679 856 1704 vero
880 1668 1037 1705 familiae
1056 1670 1190 1705 vivunt
1209 1676 1398 1717 separatae

112 1722 150 1756 in
170 1721 363 1757 territorio
380 1721 505 1768 posito
523 1720 592 1755 sub
607 1719 781 1756 dominio
799 1721 1028 1768 antiquioris
1043 1721 1345 1769 patrisfamilias,
1361 1725 1402 1759 vi

110 1773 304 1809 electionis
323 1772 573 1819 permanendi
590 1773 629 1807 in
649 1773 732 1820 ipso
754 1773 946 1809 territorio
964 1773 1121 1809 alterius
1141 1774 1399 1811 dominationi

111 1825 296 1872 subjecto,
315 1824 498 1861 indirecte
520 1824 667 1872 eligunt
686 1825 823 1872 subjici
843 1824 967 1861 eidem
988 1825 1247 1863 dominationi
1267 1839 1275 1864 ε
1295 1839 1396 1875 quae,

110 1879 147 1914 vi
167 1878 362 1915 electionis
381 1876 592 1922 indirectae,
613 1888 659 1913 ex
676 1876 887 1914 domestica
906 1877 1033 1914 evadit
1052 1879 1170 1915 civilis
1187 1891 1195 1925 ;
1219 1885 1257 1916 et
1273 1882 1397 1918 verifi-

110 1935 219 1967 catur
243 1929 347 1978 quod
375 1940 490 1966 causa
517 1929 777 1966 determinans
805 1931 1021 1977 subJ'ectum
1042 1931 1209 1978 politicae
1235 1935 1399 1970 auctori·

110 1984 200 2020 tatis
219 1987 276 2019 est
304 1983 550 2031 praevalentia
569 1983 848 2029 praeexistentis
865 1984 963 2030 Juris
983 1982 1196 2029 domestici,
1223 1989 1267 2021 ut
1287 1985 1398 2023 docet

93 2037 341 2076 ..Liberatore
359 2056 404 2061 —
421 2035 466 2070 Et
489 2036 528 2071 in
542 2035 645 2071 hunc
660 2046 815 2071 sensum
836 2035 1107 2073 faciuntverba
1121 2047 1208 2084 quae
1226 2038 1264 2074 S.
1299 2039 1396 2076 Tho—

110 2098 192 2124 mas
212 2088 327 2124 habet
346 2089 385 2124 in
406 2089 420 2124 1
439 2088 694 2125 Politicorum
712 2088 812 2125 Lect.
835 2089 849 2124 I
870 2100 878 2124 z
900 2103 916 2122 ‹
938 2089 1071 2126 Omnis
1090 2089 1228 2127 domus
1251 2093 1399 2139 regitur

109 2141 156 2177 ab
181 2141 310 2188 aliquo
330 2141 612 2188 antiquissimo,
639 2142 737 2178 sicut
756 2151 778 2178 a
806 2141 1080 2189 patrefamilias
1106 2148 1294 2192 reguntur
1311 2145 1394 2181 filii.

112 2192 154 2228 Et
173 2193 310 2230 exinde
324 2194 526 2241 contingit,
548 2193 652 2241 quod
669 2194 786 2231 etiam
807 2198 890 2231 tota
907 2195 1059 2241 vicinia,
1082 2207 1167 2243 quae
1188 2201 1270 2234 erat
1287 2198 1395 2233 insti-

112 2250 193 2282 tuta
211 2256 258 2282 ex
273 2247 581 2294 consanguineis,
592 2246 798 2294 regebatur
812 2251 970 2295 propter
985 2250 1256 2296 cognationem
1271 2250 1318 2286 ab
1333 2250 1397 2287 ali-

110 2308 185 2344 quo
211 2299 277 2345 qui
304 2303 385 2335 erat
404 2299 625 2347 principalis
646 2300 685 2336 in
706 2300 949 2348 cognatione,
978 2301 1076 2337 sicut
1095 2303 1229 2338 civitas
1249 2303 1396 2350 regitur

108 2361 132 2386 a
151 2361 252 2399 rege.
272 2350 378 2388 Unde
392 2352 578 2389 Homerus
598 2351 696 2389 dixit
715 2352 819 2400 quod
836 2354 1098 2401 unusquisque
1119 2355 1230 2390 uxori
1251 2359 1288 2391 et
1305 2366 1393 2403 pue-

110 2404 160 2439 Fis
178 2404 256 2439 suis
273 2404 440 2440 instituit
459 2405 575 2453 leges,
596 2406 694 2442 sicut
719 2416 786 2442 rex
805 2406 847 2444 in
870 2407 1040 2444 civitate.
1060 2407 1149 2444 ideo
1170 2412 1300 2444 autem
1321 2408 1410 2450 hoc,

190 2481 330 2511 ῦοιιηι.
347 2482 462 2510 Summa
475 2481 579 2518 philon.
601 2496 634 2503 -
652 2483 684 2510 '1'-
704 2483 759 2517 11).
1220 2485 1254 2511 ¹3
