1584 2569
165 100 230 134 ¹62
259 109 318 134 ms
337 107 501 134 numm.
529 107 599 134 Lm.
619 109 644 133 1.
666 108 744 134 cAP.
767 108 819 134 111.
840 109 884 134 nr.
899 108 975 133 orr.
997 109 1037 134 m·
1053 109 1128 134 mn.
1150 109 1237 134 non.
1264 109 1358 135 ERGA
1379 110 1462 141 surr,

162 182 216 218 tia
243 181 445 228 proprium
463 184 631 225 statum;
660 182 698 217 20
727 180 882 227 quando
909 181 1047 228 quaerit
1074 181 1242 226 delicias,
1263 186 1451 228 quatenus

161 243 299 281 nempe
318 233 434 270 vestis
460 232 663 269 ordinatur
689 232 737 269 ad
759 233 931 280 corporis
958 233 1173 269 fomentum
1194 245 1202 279 3
1235 235 1272 269 3⁰
1297 234 1451 280 quando

161 287 321 323 nimiam
351 284 650 322 sollicitudinem
672 286 834 332 apponit
863 285 910 321 ad
938 286 1167 322 exteriorem
1187 286 1352 322 vestium
1376 288 1452 323 cul-

161 345 258 384 tum,
280 339 431 375 etiamsi
464 349 541 375 non
576 339 625 374 sit
661 338 790 384 aliqua
814 337 1049 374 inordinatio
1076 349 1121 374 ex
1142 343 1250 386 parte
1283 340 1385 375 finis.
1407 360 1449 367 -

159 393 231 428 Per
248 392 457 438 defeetum3
488 395 526 427 et
551 390 624 427 hoc
644 390 860 438 dupliciter.
895 390 976 426 Uno
998 391 1114 427 modo
1134 402 1178 427 ex
1206 392 1450 439 negligentia,

160 449 350 493 quatenus
376 445 494 481 homo
522 454 599 480 non
636 443 794 480 adhibet
815 442 986 480 studium
1017 444 1075 481 vel
1109 444 1280 480 laborem
1301 445 1349 481 ad
1380 445 1452 481 hoc

161 498 264 545 quod
294 498 474 533 exteriori
506 496 610 533 cultu
640 500 773 532 utatur
797 496 1008 533 secundum
1044 497 1147 543 quod
1177 501 1341 545 oportet.
1368 498 1452 533 Alio

161 551 277 588 'modo
303 562 349 587 ex
370 550 485 586 inani
501 550 631 596 yloria
651 560 658 584 :
681 554 724 585 ut
744 550 847 585 enim
868 548 961 585 dicit
979 550 1215 597 Augustinus
1242 550 1322 586 Lib.
1346 551 1378 586 11
1398 551 1454 587 De

160 614 328 641 sermone
344 603 505 639 Domini
518 603 559 638 in
575 606 697 638 monte
717 602 807 648 Cap.
826 601 905 647 XII,
928 613 965 638 n.
984 603 1025 637 41
1044 613 1056 637 .·
1070 602 1158 638 Non
1176 603 1218 638 in
1230 603 1311 638 solo
1327 613 1454 639 rerum

161 667 432 704 corporearum
450 656 575 692 nitore
592 660 702 702 atque
713 665 870 702 pompa,
890 655 955 691 sed
970 655 1086 691 etiam
1104 655 1146 691 in
1163 656 1261 702 ipsis
1275 656 1469 692 sordibus.

164 710 345 747 luctuosis
364 720 440 745 esse
450 719 562 755 posse
579 708 830 755 jactantiam.
851 708 1029 744 Attamen
1047 709 1078 743 si
1096 708 1181 756 quis
1198 713 1330 745 utatur
1348 709 1453 745 vilio-

163 763 268 799 ribus
292 762 462 798 vestibus
495 766 653 809 propter
679 761 980 797 macerationem
1012 762 1151 806 carnis,
1181 761 1240 797 vel
1274 761 1453 798 humilia-

164 817 308 851 tionem
341 815 512 861 spiritus‚
549 824 627 849 non
663 818 809 861 peccat,
843 814 908 850 sed
944 814 1068 861 magis
1105 814 1216 861 ponit
1244 818 1374 851 actum
1405 814 1453 851 ad

162 869 344 905 virtutem
359 868 626 914 temperantiae
641 867 910 913 pertinentem.

515 977 822 1015 ARTICULUS
849 976 1099 1019 QUARTUS

777 1062 849 1103 (38)

587 1142 642 1177 De
653 1141 745 1188 jure
760 1141 1029 1187 proprietatis.

212 1241 240 1277 ἶ.
261 1238 441 1283 Quaestio.
457 1236 551 1278 Quae
566 1236 604 1271 in
620 1235 770 1271 duobus
788 1234 1095 1282 praecedentibus
1106 1235 1276 1271 articulis
1293 1240 1360 1272 aut
1371 1247 1455 1284 pro-

166 1292 340 1328 bavimus
364 1294 429 1325 aut
451 1288 727 1324 declaravimus
750 1287 922 1323 faciliora
945 1291 1047 1332 sunt,
1068 1291 1104 1322 et
1125 1286 1171 1323 de
1194 1287 1294 1323 facili
1318 1288 1454 1324 admit-

165 1349 299 1381 tuntur
330 1343 377 1379 ab
403 1341 595 1386 omnibus,
635 1341 700 1388 qui
736 1345 945 1387 utcumque
977 1340 1269 1377 ratiocinantur.
1306 1342 1352 1376 At
1388 1341 1451 1378 hic

164 1397 362 1434 suboritur
376 1395 602 1443 gravissima
617 1394 780 1440 quaestio
799 1393 844 1430 de
854 1394 941 1440 J'ure
951 1393 1208 1440 proprietatis
1221 1405 1235 1438 ;
1253 1404 1339 1440 quae
1354 1404 1456 1440 quae-

165 1451 238 1487 stio
263 1448 504 1485 connectitur
528 1456 616 1482 curn
644 1445 780 1482 officiis
804 1445 974 1481 hominis
1003 1445 1253 1481 conservandi
1278 1451 1315 1482 et
1342 1447 1455 1493 perfi-

165 1502 291 1539 ciendi
308 1502 490 1547 seipsum.

212 1553 588 1592 11.c0mmunismus.
599 1550 984 1597 Praedocuerantjam
998 1551 1171 1586 Socrates
1186 1555 1224 1586 et
1234 1552 1341 1587 Plato
1359 1563 1456 1598 quos

166 1607 355 1656 profunde
381 1606 522 1642 refutat
547 1603 766 1640 Aristoteles
793 1603 831 1638 in
860 1603 1031 1641 secundo
1049 1604 1161 1639 Libro
1187 1603 1454 1648 Politicorum,

167 1661 298 1696 omnia
314 1660 415 1695 bona
441 1659 480 1693 in
505 1657 686 1693 societate
707 1657 921 1692 eommunia
937 1666 1012 1691 esse
1028 1655 1157 1691 debere
1173 1667 1181 1700 3
1195 1655 1298 1702 quod
1320 1657 1457 1703 princi-

168 1715 275 1761 pium
295 1715 352 1748 est
380 1715 523 1747 tessera
542 1708 806 1746 communismi
834 1719 841 1744 ε
864 1708 932 1755 qui
953 1718 1059 1744 error
1076 1709 1248 1754 quamvis
1278 1713 1456 1745 naturam

170 1767 379 1802 humanam
400 1764 539 1799 haheat
556 1762 802 1798 vehementer
819 1760 1032 1805 adversam,
1051 1761 1295 1808 repullulavit
1307 1762 1456 1798 saeculis

170 1818 360 1866 prioribus
378 1816 553 1852 Ecclesiae
571 1819 608 1851 et
624 1815 792 1850 Fautores
810 1813 946 1849 habuit
963 1814 1165 1849 haereticos
1186 1813 1401 1859 Gnosticos‚
1420 1821 1457 1851 et

169 1870 308 1907 sacculo
328 1869 392 1905 XII
413 1868 646 1915 Albigenses‚
667 1867 787 1902 donec
808 1866 974 1902 Thomas
1000 1866 1127 1902 Morus
1156 1866 1295 1902 saeculo
1323 1867 1400 1902 XVI
1421 1872 1458 1903 et

169 1924 334 1959 Thomas
361 1920 607 1968 campanella
629 1919 768 1956 saeculo
792 1918 887 1954 XVII
908 1920 1035 1965 ipsum
1055 1919 1094 1954 in
1121 1923 1287 1965 systema
1309 1920 1458 1955 scienti-

170 1978 285 2012 ficum
315 1986 392 2011 non
420 1975 549 2009 minus
571 1973 688 2019 impie
717 1982 834 2018 quam
861 1972 975 2007 stulte
1003 1971 1182 2007 reducere
1202 1971 1328 2007 moliti
1354 1976 1455 2008 sunt.

171 2029 244 2065 Sed
264 2032 515 2075 posteaquam
534 2026 821 2061 rationalismus
839 2024 981 2071 incepit
1001 2024 1140 2059 saeculo
1159 2024 1287 2070 elapso
1306 2029 1344 2059 et
1373 2035 1457 2061 nos-

171 2086 228 2117 tro
239 2080 454 2128 praesertim
472 2078 648 2114 invadere
666 2078 902 2121 societatem,
922 2076 1188 2113 communismi
1207 2077 1395 2124 principia
1422 2082 1459 2113 et

171 2135 310 2169 iterum
330 2132 532 2180 propalata
546 2135 635 2166 sunt
652 2135 689 2166 et
704 2129 918 2166 incredibili
937 2128 1178 2176 impudentia
1198 2134 1454 2176 propugnata.

171 2185 407 2232 'Principium
424 2188 667 2230 assumptum
680 2188 736 2218 est
758 2193 766 2218 :
788 2182 971 2218 bonorum
987 2186 1021 2217 et
1039 2191 1167 2217 rerum
1183 2183 1352 2217 omnium
1363 2192 1457 2218 com-

175 2240 386 2276 munionem
401 2247 446 2273 ex
459 2244 554 2272 LEGE
566 2244 726 2271 NATURAE
740 2246 815 2271 esse
828 2247 836 2280 3
850 2240 887 2271 et
900 2238 1189 2281 consequenter,
1216 2234 1376 2281 quodvis
1388 2235 1458 2282 jus

171 2290 420 2340 proprietatis
429 2289 637 2325 asocietate
645 2288 813 2324 humana
821 2298 896 2324 esse
907 2287 1203 2334 empunyendum.
1217 2287 1361 2328 Quibus
1373 2298 1455 2324 con-

172 2344 318 2381 stitutis
334 2342 546 2392 principiis,
565 2340 772 2377 Proudhon
794 2340 891 2377 dixit
910 2350 917 2375 ε
932 2339 1000 2388 jus
1015 2339 1267 2387 proprietatis
1283 2350 1359 2376 non
1384 2350 1458 2376 esse
