1554 2569
113 136 178 173 {18
189 146 329 174 mmet..
347 146 465 173 L13.11.
480 147 557 173 cu.
577 147 631 173 ΙΙΙ.
647 147 691 172 DE
702 125 850 172 AC‘i‘IBUS
867 147 952 173 EUM.
967 147 1005 173 m
1021 147 1103 172 om).
1119 147 1165 172 An
1179 147 1313 183 EORUM,
1324 147 1401 173 ETc.

110 217 288 253 absoluto
316 221 465 254 naturae
490 222 528 254 et
553 228 599 253 ex
628 217 728 253 sacto
755 217 961 254 universali
987 217 1157 264 quidem,
1184 217 1249 254 sed
1275 229 1343 266 per
1363 229 1402 254 se

110 270 363 317 contingenti.
380 270 451 307 Jus
467 272 650 317 (sonuum,
672 271 798 317 inquit
817 270 980 316 Bannes,
1004 270 1060 307 De
1070 270 1164 318 jure
1178 275 1211 307 el
1225 271 1400 318 justitia,

110 322 180 364 Qu.
202 322 310 368 LVII,
337 323 452 359 Artic.
482 323 547 368 111,
580 322 774 360 conclusio
803 324 851 368 3·,
879 327 933 359 est
954 323 1070 370 quasi
1094 323 1226 360 modus
1245 323 1402 371 quidam
1456 330 1465 337 ’

110 375 275 412 maxime
288 377 537 421 necessarius,
552 380 594 412 ut
601 375 671 423 jus
686 380 836 412 naturoe
845 380 1022 412 servetur.
1038 395 1083 402 ——
1098 375 1189 417 Quae
1198 386 1286 412 vero
1302 376 1403 413 dicta

111 432 201 464 sunt
236 427 284 465 de
316 429 404 475 jure
438 429 611 476 gentium
656 429 693 463 in
737 427 870 464 ordine
899 427 948 464 ad
979 428 1152 465 humana
1191 427 1399 473 individua,

112 481 340 528 applicanda
370 485 460 517 sunt
488 482 778 529 proportionate
806 481 886 528 juri
916 481 1088 529 gentium
1117 481 1157 517 in
1189 481 1322 518 ordine
1353 482 1401 518 ad

111 534 326 569 societates.

158 586 218 621 IV.
239 586 356 622 NOTA.
390 587 441 623 De
470 587 581 623 varia
612 588 839 631 acceptione
866 587 964 632 juris
997 588 1202 623 naturalis.
1240 586 1287 622 Ut
1315 597 1402 633 quae

113 638 311 684 hucusque
344 638 575 674 tradidimus
611 639 736 685 magis
768 639 863 674 fiant
895 639 1112 683 manifesta,
1146 638 1246 674 addo
1276 649 1322 675 ex
1357 639 1400 674 D.

112 690 449 736 Thoma,1V.Dist.
462 689 621 736 XXXIII,
635 691 704 732 Qu.
720 691 747 736 1,
763 691 878 728 Artic.
894 691 922 737 Ι,
939 691 987 727 ad
995 693 1030 737 4,
1043 691 1211 728 diversas
1221 692 1404 738 acceptio-

114 753 180 778 nes
212 743 250 778 in
280 743 420 789 quibus
447 744 512 790 jus
543 743 719 779 naturale
748 744 848 779 sumi
875 747 1015 790 potest,
1043 748 1086 780 ut
1110 743 1248 780 exinde
1279 745 1403 791 magis

114 798 243 841 pateat
280 794 479 830 distinctio
508 794 591 841 ejus
617 805 639 830 a
667 795 754 841 jure
784 796 958 842 gentium
990 795 1029 831 in
1061 805 1174 831 sensu
1199 794 1402 843 explicato.

115 860 131 879 ι
158 847 225 882 Jus
248 846 424 883 naturale
454 847 722 895 multipliciter
741 848 939 895 accipitur.
969 848 1097 884 Primo
1119 849 1222 884 enim
1247 848 1404 895 aliquod

115 900 174 945 jus
192 898 333 935 dicitur
349 899 527 935 naturale
540 911 586 935 ex
604 900 807 947 principio,
829 901 921 947 quia
937 904 1076 936 natura
1095 904 1152 936 est
1165 899 1346 946 inditum,
1366 904 1404 937 e't

114 952 167 987 sic
175 951 462 988 definitTullius
472 952 510 988 in
519 952 566 987 ΙΙ.
575 952 743 997 ΒΙιείον.,
754 952 884 988 dicens
894 963 902 987 :
911 952 982 988 Jus
989 958 1140 989 naturoe
1147 957 1212 998 est,
1222 953 1322 1000 quod
1328 964 1405 989 non

113 1004 246 1050 opinio
260 1006 404 1051 genuit,
422 1004 487 1040 sed
505 1004 605 1051 quod
624 1005 797 1051 quoedam
815 1004 953 1041 innata
969 1005 1027 1040 vis
1045 1005 1219 1041 inseruit.
1236 1005 1294 1050 Et,
1313 1006 1404 1052 quia

114 1057 230 1092 etiam
250 1056 289 1092 in
306 1057 419 1093 rebus
439 1056 680 1092 naturalibus
701 1055 882 1093 dicuntur
907 1057 1026 1103 aliqui
1047 1060 1176 1093 motus
1196 1057 1402 1103 naturales,

116 1119 192 1145 non
228 1109 319 1156 quia
351 1113 440 1145 sunt
472 1119 518 1145 ex
550 1109 738 1156 principio
779 1109 999 1154 intrinseco,
1039 1109 1104 1145 scd
1137 1110 1228 1155 quia
1261 1114 1351 1146 sunt
1383 1122 1405 1146 a

117 1162 306 1209 principio
345 1161 534 1208 superiori
572 1164 750 1197 movente
756 1188 824 1197 .....
844 1172 852 1206 ;
887 1161 972 1197 ideo
1014 1162 1201 1207 (secundo)
1240 1173 1285 1198 ea
1318 1173 1404 1209 quae

117 1218 207 1250 sunt
221 1213 268 1249 de
282 1214 369 1260 jure
389 1213 533 1258 divino,
552 1212 733 1250 dicuntur
752 1224 832 1249 esse
849 1213 895 1249 de
912 1214 998 1260 jure
1019 1214 1199 1259 naturali,
1221 1225 1309 1250 cum
1328 1216 1404 1250 sint

116 1277 163 1302 ex
183 1267 437 1314 impressione
454 1269 492 1302 et
509 1265 700 1302 infusione
716 1266 926 1313 superioris
947 1267 1138 1314 principii,
1156 1267 1298 1302 scilicet
1312 1267 1377 1302 Dei
1393 1279 1401 1302 :

116 1326 153 1356 ot
174 1320 227 1355 sic
244 1320 432 1366 accipitur
454 1318 502 1354 ab
528 1317 689 1364 Isidoro,
717 1319 784 1365 qui
802 1318 893 1354 dicit
913 1318 1030 1365 quod,
1048 1318 1118 1366 Jus
1139 1319 1318 1355 naturale
1337 1325 1402 1365 est,

115 1372 215 1419 quod
235 1372 277 1408 in
292 1372 368 1419 leqe
381 1376 415 1408 et
430 1373 472 1407 in
487 1370 700 1418 Evangelio
714 1371 942 1407 continetur.
964 1371 1091 1406 Tertio
1112 1370 1325 1418 diciturJ‘us
1341 1382 1405 1407 na-

117 1424 239 1460 turale
258 1435 336 1460 non
353 1424 480 1460 solum
497 1434 522 1459 a
534 1423 752 1471 principio,
767 1422 833 1459 sed
852 1433 878 1459 a
896 1427 1053 1469 natura,
1075 1424 1166 1470 quia
1185 1422 1232 1460 de
1251 1427 1406 1460 natura—

117 1477 214 1512 libus
234 1480 303 1512 est.
331 1476 376 1511 Et
401 1476 494 1522 quia
520 1480 660 1512 natura
688 1480 822 1511 contra
856 1476 1045 1511 rationem
1075 1475 1258 1511 dividitur
1279 1486 1302 1512 a
1329 1487 1406 1522 qua

118 1529 233 1564 homo
251 1532 308 1564 est
327 1528 444 1564 homo
461 1539 470 1573 ;
494 1527 580 1564 ideo
599 1528 839 1563 strictissimo
854 1527 970 1563 modo
992 1527 1203 1575 accipiendi
1216 1528 1280 1574 jus
1297 1533 1406 1564 natu-

119 1581 207 1626 rale,
238 1580 303 1616 ina
323 1590 409 1627 quae
438 1579 486 1615 ad
504 1579 681 1615 homines
710 1583 862 1615 tantum
893 1580 1104 1627 pertinent,
1125 1585 1162 1616 et
1191 1581 1222 1616 si
1251 1581 1327 1615 sint
1360 1580 1405 1616 de

118 1633 327 1669 dictamine
353 1632 516 1668 rationis
542 1631 742 1676 naturalis,
763 1642 843 1667 non
863 1631 1045 1667 dicuntur
1069 1643 1150 1668 esse
1170 1632 1217 1668 de
1233 1633 1319 1679 jure
1340 1644 1404 1668 na-

116 1685 245 1729 turali,
266 1684 332 1721 sed
353 1684 418 1720 illa
436 1687 587 1720 tantum
602 1694 689 1730 quae
706 1683 892 1720 naturalis
907 1684 1004 1720 ratio
1024 1684 1144 1720 dictat
1163 1684 1210 1720 de
1224 1684 1298 1730 his,
1320 1696 1405 1731 quae

117 1741 206 1773 sunt
234 1736 384 1773 homini
417 1736 577 1783 aliisque
607 1737 857 1782 communia3
888 1741 926 1772 et
958 1737 1012 1772 sic
1042 1736 1157 1772 datur
1185 1736 1288 1774 dicta
1315 1737 1401 1773 defi·

117 1790 228 1834 nitio,
250 1790 424 1826 scilicet:
451 1789 521 1836 J‘us
556 1789 734 1825 naturale
765 1794 818 1825 est
846 1789 947 1836 quod
981 1793 1125 1825 natura
1159 1789 1290 1826 omnia
1320 1792 1406 1827 ani·

117 1842 239 1879 mazia
256 1842 398 1878 docuit.
424 1856 439 1874 ι

162 1897 278 1932 Juxta
297 1906 387 1942 ergo
406 1895 644 1942 Angelicum,
666 1898 706 1931 et
731 1894 887 1941 quidem
910 1895 1134 1939 rectissime,
1158 1895 1222 1941 jus
1243 1900 1417 1941 naturae,

117 1948 355 1984 strictissime
374 1952 588 1994 acceptum,
615 1957 661 1982 ex
681 1951 788 1994 parte
808 1949 978 1982 materiae
998 1951 1054 1982 est
1068 1946 1114 1982 de
1134 1946 1194 1982 his
1214 1957 1301 1994 quae
1318 1952 1407 1984 sunt

118 2001 266 2037 homini
294 2000 455 2046 aliisque
481 2000 716 2045 communia,
751 2003 788 2035 et
814 2009 891 2035 non
917 1999 1141 2035 communia
1165 2000 1314 2036 ratione
1343 2000 1408 2036 ob-

113 2055 320 2100 jectorum,
347 2053 439 2099 quia
470 2063 579 2088 secus
604 2052 669 2098 jus
690 2051 864 2088 naturale
886 2062 964 2087 non
989 2055 1089 2087 esset
1117 2051 1191 2087 nisi
1218 2051 1264 2088 de
1294 2053 1408 2089 rebus

118 2105 375 2148 sensibilibus,
400 2114 486 2150 quae
506 2104 633 2140 solum
653 2104 765 2140 nohis
784 2113 873 2140 cum
897 2103 1020 2139 brutis
1040 2113 1266 2139 communes
1292 2109 1404 2149 sunt3

119 2168 209 2205 ergo
229 2157 452 2193 eommunia
469 2157 618 2192 ratione
638 2156 806 2192 absolute
826 2155 1096 2192 convenientiae
1113 2166 1179 2191 seu
1199 2156 1407 2192 conformi-

119 2208 209 2246 tatis
228 2219 317 2246 cum
342 2213 481 2245 natura
511 2209 667 2256 propria
686 2208 869 2254 hominis,
893 2208 991 2244 sicut
1018 2207 1132 2243 bruta
1160 2218 1229 2255 per
1250 2209 1314 2256 jus
1343 2221 1407 2245 na—

121 2267 217 2299 turae
236 2261 457 2309 diriguntur
477 2261 516 2296 in
545 2261 696 2308 objecta
714 2260 882 2297 absolute
898 2261 1165 2297 convenientia
1187 2271 1322 2297 eorum
1342 2273 1407 2298 na-

120 2320 216 2351 tura}
242 2314 445 2350 sensitivae.
469 2313 563 2349 Hinc
590 2313 637 2349 ab
665 2313 748 2360 ipso
779 2314 816 2348 S.
850 2313 1011 2349 Doctore
1041 2312 1259 2349 audivimus
1291 2315 1365 2360 (24,
1392 2315 1406 2350 1

120 2372 157 2404 et
183 2367 230 2403 ΙΙ)
257 2365 360 2413 quod
389 2365 437 2402 ad
457 2366 522 2413 J'us
550 2365 725 2402 naturale
757 2365 950 2413 pertinent
975 2375 1061 2412 quae
1090 2364 1240 2401 homini
1272 2376 1406 2402 convc-
