1584 2569
102 157 184 181 ΛΒΤ.
206 156 270 181 vu.
286 155 329 180 DE
347 155 420 180 01212.
437 155 479 180 m·
495 155 569 180 JUR.
586 155 808 181 SUBDITORUH
823 156 916 182 ERGA
933 155 1046 181 POLlT.
1067 156 1292 182 POTESTATEM
1319 149 1385 183 253

102 228 345 264 conscientia>
361 227 474 271 cives,
493 237 538 263 eo
556 226 744 274 principio
761 237 837 274 quo
857 226 918 262 isti
936 226 1157 273 obligantur
1173 228 1222 263 ad
1241 229 1386 264 bonum

102 281 308 316 societatis.

148 333 324 369 Secunda
343 343 453 379 pars.
480 332 636 379 Injustae
666 335 795 368 autem
821 334 911 368 sunt
934 332 1037 378 leges
1062 333 1277 379 dupliciter.
1306 334 1387 371 Uno

101 385 211 421 modo
231 396 298 433 per
311 385 624 421 contrarietatem
639 384 688 421 ad
705 385 848 421 bonum
870 384 1107 428 humanum3
1128 389 1164 421 et
1183 386 1255 422 hoc
1274 388 1333 423 vel
1344 399 1390 424 ecc

101 438 188 484 fine,
219 438 316 474 sicut
343 448 431 473 cum
458 437 598 484 aliquis
631 437 845 473 Praesidens
870 437 971 484 leges
1010 437 1174 485 imponit
1204 450 1389 476 onerosas

103 490 280 535 subditis,
297 501 373 526 non
394 490 627 538 pertinentes
647 489 695 526 ad
716 490 922 526 utilitatem
942 501 1203 535 communem,
1222 493 1289 528 sed
1309 504 1388 528 ma-

104 544 161 591 gis
182 543 230 579 ad
254 543 450 591 propriam
469 543 721 590 cupiditatem
741 543 800 579 vel
820 542 1004 590 gloriam3
1025 544 1084 579 vel
1103 555 1148 580 ex
1168 545 1318 589 Amore,
1344 547 1390 581 si-

103 600 167 632 cut
188 607 274 632 cum
295 596 434 643 aliquis
454 596 579 644 legem
600 596 671 632 fert
694 596 794 631 ultra
819 596 889 631 sibi
913 597 1161 633 commissam
1184 600 1390 634 auctorita-

104 654 204 695 tem3
225 649 283 685 vel
302 660 347 685 ex
363 650 505 695 forma,
525 652 632 697 puta,
649 660 736 685 cum
755 649 995 696 inoequaliter
1012 660 1130 685 onera
1151 651 1389 687 multitudini

105 702 387 749 dispensantur,
407 702 557 738 etiamsi
577 702 803 737 ordinentur
821 702 866 737 ad
886 701 1031 738 honum
1053 713 1273 739 commune.
1293 705 1389 740 Con-

105 755 281 790 sideratae
310 755 382 790 hoc
410 754 541 800 modo,
575 754 677 801 leges
708 754 889 790 humanae
919 755 1043 802 magis
1070 760 1158 791 sunt
1183 756 1389 802 violentiae,

107 818 223 854 quam
239 807 341 855 leges
358 818 366 843 ε
383 808 473 855 quia
493 807 588 843 sicut
604 808 783 853 Augustiz
799 818 841 842 us
860 807 950 842 dicit
970 807 1008 842 in
1032 807 1142 843 Libro
1161 809 1253 845 I.De
1273 809 1391 845 libero

107 860 285 905 arbitrio,
304 861 394 907 Cap.
418 861 457 896 V.
480 870 517 895 n.
542 862 598 904 11,
619 859 698 895 Lem
717 870 794 895 esse
811 870 886 895 non
903 860 1065 905 videtur,
1084 866 1292 908 quoeyusta
1315 873 1391 898 non

106 913 237 956 fuerit.
264 912 369 949 Unde
388 912 484 948 tales
509 912 612 958 leges
633 923 709 948 non
735 913 907 960 obligant
933 924 1000 959 per
1021 924 1059 948 se
1081 914 1119 948 in
1140 916 1390 960 conscientia,

106 966 198 1013 quia
217 976 330 1001 nemo
351 968 503 1001 tenetur
522 965 561 999 in
576 965 809 1001 conscientia
829 965 876 1000 ad
894 966 1051 1001 alterius
1072 966 1302 1012 injustitiam
1317 979 1392 1003 ser-

106 1018 285 1055 vandam.

160 1071 288 1108 Tertia
312 1081 420 1117 pars.
445 1070 701 1106 Nihilominus
725 1071 756 1105 si
784 1070 920 1106 exinde
942 1070 1166 1106 scandalum
1186 1073 1242 1107 vel
1264 1073 1393 1109 turba-

107 1126 161 1161 tio
188 1124 329 1172 publici
354 1123 499 1160 ordinis
522 1124 699 1169 oriretur,
727 1124 902 1171 quamvis
924 1123 1027 1171 leges
1055 1123 1208 1170 injustae
1235 1125 1273 1160 in
1301 1136 1392 1161 con—

108 1178 268 1214 scientia
287 1187 355 1224 per
372 1186 411 1212 se
428 1186 505 1212 non
523 1176 704 1223 obligent,
726 1179 767 1211 ut
785 1176 930 1211 dictum
945 1181 1023 1220 est;
1043 1177 1134 1223 quia
1154 1181 1286 1213 tamen
1303 1179 1393 1214 civis

109 1231 303 1278 obligatur
323 1229 372 1266 ad
389 1239 467 1265 non
481 1228 794 1264 scandalizandos
810 1229 980 1273 pusillos,
998 1232 1034 1264 et
1055 1228 1104 1264 ad
1121 1240 1254 1275 pacem
1272 1231 1394 1277 publi-

109 1294 194 1320 cam
214 1293 291 1318 non
308 1281 555 1326 turbandam,
571 1291 618 1316 ex
632 1280 705 1316 hoc
721 1281 843 1327 capite
864 1285 1016 1316 tenetur
1035 1280 1073 1316 in
1092 1283 1258 1319 externis
1279 1283 1394 1319 actio-

109 1337 220 1373 nibus
245 1335 394 1382 legibus
422 1333 592 1381 praefatis
617 1344 694 1370 non
720 1333 924 1369 contraire.
952 1336 993 1369 In
1021 1333 1094 1370 hoc
1121 1345 1211 1381 ergo
1240 1346 1330 1371 casu
1358 1342 1395 1372 et

109 1392 264 1436 propter
281 1387 379 1424 hanc
399 1386 550 1422 unicam
573 1386 763 1422 rationem
785 1400 800 1418 κ
824 1385 942 1422 homo
963 1386 1079 1422 etiam
1097 1387 1175 1433 Juri
1195 1398 1264 1423 suo
1284 1387 1395 1424 debet

110 1441 255 1485 cedere,
277 1439 490 1476 secundum
511 1438 605 1474 illud
625 1438 759 1476 Matth.
786 1439 828 1474 V.
856 1440 894 1474 41
930 1449 938 1473 :
972 1438 1048 1484 Qui
1071 1441 1337 1486 anyarz‘averz’t
1365 1446 1396 1477 te

110 1494 213 1530 mille
223 1504 374 1540 passuS,
390 1492 482 1528 vade
496 1502 578 1528 cum
595 1502 634 1527 eo
650 1491 732 1527 alia
750 1491 843 1535 duo;
858 1496 891 1527 et
908 1491 976 1538 qui
988 1491 1188 1528 abstulerit
1206 1493 1279 1528 tibi
1295 1495 1394 1529 lmzi-

110 1547 274 1592 cam,rda
292 1545 329 1582 ei
346 1550 380 1582 et
395 1544 574 1592 pallium.
599 1559 614 1576 ι

159 1600 303 1646 Quarta
325 1608 436 1646 pars.
460 1612 476 1630 ι
498 1597 589 1634 Αἰίο
612 1597 720 1633 modo
740 1597 843 1645 leges
867 1601 1027 1644 possunt
1053 1609 1134 1635 esse
1156 1599 1309 1646 injustae
1330 1611 1397 1647 per

113 1653 422 1690 contrarietatem
451 1650 499 1687 ad
521 1651 666 1686 bonum
689 1650 872 1696 divinum,
894 1651 992 1686 sicut
1018 1651 1120 1697 leges
1143 1656 1395 1698 tyrannorum

111 1706 332 1743 inducentes
353 1704 401 1740 ad
424 1703 700 1748 idololatriam,
719 1702 778 1738 vel
797 1703 846 1739 ad
866 1703 1136 1750 quodcumque
1159 1704 1276 1748 aliud,
1294 1706 1397 1751 quod

111 1760 160 1796 sit
173 1761 307 1795 contra
325 1758 449 1803 legem
466 1756 657 1802 divinam3
674 1758 711 1791 et
728 1756 824 1792 tales
840 1756 944 1803 leges
961 1759 1050 1802 (non
1068 1757 1191 1793 solum
1210 1769 1286 1794 non
1304 1758 1396 1794 obli-

112 1816 203 1859 qant
225 1811 266 1846 in
285 1809 531 1852 conscientia,
558 1808 634 1854 sed)
662 1808 766 1843 nullo
789 1807 906 1844 modo
926 1809 1011 1844 licet
1035 1809 1235 1845 observare
1259 1821 1267 1845 ε
1291 1811 1395 1857 quia,

112 1866 210 1901 sicut
239 1862 378 1898 dicitur
404 1863 540 1897 Acron.
569 1861 612 1895 IV
639 1870 647 1896 :
677 1859 834 1896 Obedire
862 1865 1006 1906 oportet
1030 1861 1108 1897 Deo
1134 1863 1257 1908 mayz's
1285 1873 1398 1908 quam

113 1914 344 1957 hominibus,
365 1928 382 1946 »
405 1917 446 1948 ut
468 1923 584 1960 supra
604 1912 748 1948 dictum
769 1915 825 1948 est
847 1914 916 1957 (25,
940 1912 1014 1958 lX).

158 1970 218 2005 IV.
236 1968 400 2013 Quaestio
421 1967 558 2002 altera.
575 1966 691 2012 Atqui
712 1965 904 2001 conclusio
925 1966 1145 2012 praeccdcns
1166 1967 1275 2002 alteri
1297 1978 1399 2013 quoe-

114 2022 227 2059 stioni
248 2020 498 2069 gravissimae,
512 2019 613 2054 viam
634 2019 770 2064 aperit.
793 2028 930 2065 nempe
945 2018 989 2053 de
1010 2019 1227 2055 resistentia
1248 2020 1398 2066 legibus

115 2074 263 2122 injustis
288 2073 520 2120 principum,
542 2075 579 2107 et
598 2074 887 2117 consequenter,
910 2071 1116 2117 quaestioni
1140 2072 1248 2107 alteri
1270 2072 1315 2107 de
1340 2084 1399 2108 re-

114 2127 285 2164 sistentia
309 2125 488 2172 principi,
519 2124 584 2171 qui
615 2124 788 2160 societati
817 2124 888 2171 ipsi
918 2124 1096 2170 regendae
1123 2127 1236 2171 atque
1265 2125 1400 2171 guber-

115 2180 251 2217 nandae
270 2178 521 2226 praeponitur.
544 2177 709 2213 Subditis
736 2178 835 2212 inest
855 2187 902 2213 ne
923 2177 987 2223 jus
1017 2177 1223 2213 resistendi
1249 2178 1399 2224 legibus

116 2232 322 2280 tyrannicis
341 2235 378 2267 et
397 2235 674 2278 consequenter
693 2231 765 2278 ipsi
789 2231 976 2277 Tyranno,
1000 2241 1164 2277 eumque
1185 2231 1399 2278 expellendi

117 2297 162 2322 ue
181 2285 348 2332 amplius
361 2289 496 2331 regnet
513 2285 552 2320 in
569 2284 764 2328 societate,
781 2294 898 2330 quam
920 2283 1129 2329 opprimit?
1149 2285 1200 2319 En
1220 2284 1397 2331 quaestio,

117 2337 165 2375 ad
185 2348 302 2385 quam
325 2337 546 2373 solvendam
566 2340 677 2373 caute
695 2339 731 2371 et
752 2336 987 2383 pedetentim
1006 2340 1061 2372 est
1079 2336 1366 2383 procedendum
1389 2347 1398 2372 ε

119 2389 308 2437 siquidem
337 2400 382 2425 ex
411 2389 492 2436 ejus
519 2389 624 2425 falsis
652 2389 908 2426 solutionibus
937 2393 1003 2424 aut
1030 2389 1193 2424 nimium
1219 2388 1401 2425 tribuitur

182 2467 322 2493 Ζιειιω.
343 2467 458 2493 Summa
473 2465 576 2500 philos.
596 2480 629 2485 —-
651 2466 684 2493 ἲ.
704 2465 753 2493 lu.
1240 2466 1270 2492 ss
