1554 2569
114 123 158 158 92
184 133 322 159 mmm.
345 133 416 159 mn.
438 135 479 160 11.
496 136 573 161 ομ».
590 137 630 161 11.
652 137 697 162 nr
716 137 863 162 Acriaos
886 137 1095 169 nommsm
1117 136 1259 171 onoma,
1281 134 1358 161 stc.

114 204 278 240 morales
293 205 463 252 generice
478 206 699 244 dividuntur
715 209 753 243 in
775 209 933 244 virtutes
951 219 1036 255 quae
1050 212 1139 244 sunt
1158 208 1257 244 circa
1276 206 1394 243 actia>

113 267 190 301 nes,
206 261 244 292 et
263 257 302 292 in
322 258 478 295 virtutes
496 271 581 306 quae
595 265 684 296 sunt
703 261 802 297 circa
815 262 1028 307 passiones.
1047 275 1062 293 ‹
1084 261 1199 307 Cujus
1211 261 1307 295 ratio
1325 263 1392 303 est,

114 309 205 356 quia
224 309 367 345 bonum
389 316 426 347 et
451 313 596 348 malum
617 314 655 348 in
675 313 904 359 quibusdam
926 314 1211 361 operationibus
1232 311 1394 348 attendi-

115 366 178 397 tur
190 362 398 398 secundum
415 364 571 411 seipsas,
583 366 911 413 qualitercumque
925 366 1041 402 homo
1056 366 1246 402 afficiatur
1256 364 1304 400 ad
1318 375 1393 409 eas,

115 415 344 461 inquantum
365 416 507 453 scilicet
528 418 672 454 bonum
695 419 733 453 in
755 420 808 455 eis
837 423 872 454 et
893 419 1039 455 malum
1066 419 1252 465 accipitur
1267 427 1397 452 secun-

115 467 208 502 dum
234 468 421 504 rationem
442 473 827 508 commensurationis
855 471 903 508 ad
923 472 1113 516 alterum3
1135 476 1173 507 et
1199 472 1237 506 in
1256 470 1396 505 talibus

115 524 268 566 oportet
301 521 403 567 quod
439 522 488 558 sit
520 524 639 559 virtus
668 524 850 560 directiva
883 525 1151 572 operationum
1186 521 1396 559 secundum

116 573 258 619 seipsas
277 585 286 618 3
313 574 410 609 sicut
430 580 518 610 sunt
538 577 681 623 emptio
702 582 739 613 et
760 578 927 613 venditio
956 582 994 613 et
1022 575 1246 623 hujusmodi
1266 585 1396 622 opera-

117 626 258 670 tiones,
290 626 329 661 in
361 627 499 672 quibus
531 629 743 665 attenditur
777 631 874 666 ratio
909 630 1027 666 debiti
1064 629 1123 665 vel
1170 627 1329 663 indebiti
1350 626 1397 662 ad

116 678 303 737 alterum:
327 683 364 714 et
381 685 537 727 propter
553 681 625 718 hoc
641 682 803 728 justitia
822 687 859 718 et
881 687 1009 730 partes
1030 683 1112 729 ejus
1132 681 1285 728 proprie
1311 683 1399 715 sunt

116 741 215 766 eirca
231 732 485 778 operationes,
505 734 603 770 sicut
622 736 721 771 circa
734 736 928 782 propriam
948 735 1162 770 materIam.
1186 733 1227 768 In
1246 732 1399 779 quibus-

117 783 206 818 dam
226 794 312 818 vero
340 786 627 831 operationibus
649 788 796 825 bonum
820 793 857 824 et
879 788 1025 823 malum
1045 786 1256 822 attenditur
1275 784 1399 820 solum

116 835 327 871 secundum
339 841 754 876 commensurationem
770 840 817 876 ad
833 845 1075 888 operantem;
1097 844 1134 874 et
1148 838 1232 874 ideo
1249 840 1400 884 oportet

116 888 156 923 in
174 887 233 923 his
260 889 405 924 bonum
432 895 470 926 et
501 892 645 928 malum
659 893 905 937 considerari,
924 892 1134 928 secundum
1161 890 1265 937 quod
1282 889 1399 924 homo

117 941 212 976 bene
226 941 283 977 vel
298 942 396 978 male
414 943 580 980 afficitur
593 946 692 981 circa
709 946 932 992 hujusmodi
949 957 957 990 ;
977 949 1013 980 et
1028 949 1184 991 propter
1200 943 1273 978 hoc
1290 952 1400 988 opor-

119 997 172 1028 tet
192 993 294 1040 quod
315 995 472 1031 virtutes
491 997 527 1031 in
546 997 685 1033 talibus
703 998 778 1033 sint
799 998 1060 1045 principaliter
1079 997 1179 1032 circa
1201 995 1401 1031 interiores

116 1045 351 1092 affectiones,
378 1058 465 1094 quae
490 1049 670 1085 dicuntur
693 1051 834 1086 animae
859 1051 1067 1098 passiones,
1097 1050 1194 1084 sicut
1221 1051 1325 1095 patet
1356 1046 1401 1082 de

117 1099 378 1145 temperantia,
398 1101 629 1145 fortitudine
648 1108 686 1138 et
702 1104 785 1139 aliis
806 1103 1041 1150 hujusmodi.
1061 1101 1256 1148 Contingit
1273 1103 1401 1135 autem

118 1151 221 1197 quod
236 1152 273 1186 in
295 1154 596 1200 operationibus,
613 1166 699 1202 quae
719 1161 806 1191 sunt
824 1156 871 1192 ad
893 1156 1069 1199 alterum,
1087 1153 1404 1202 praetermittatur

118 1204 263 1239 bonum
295 1205 444 1241 virtutis
479 1212 636 1254 propter
664 1208 921 1244 inordinatam
954 1207 1073 1244 animi
1099 1207 1316 1254 passionem
1335 1216 1344 1249 3
1366 1208 1404 1239 et

118 1261 227 1301 tunc,
263 1257 494 1303 inquantum
534 1262 794 1308 corrumpitur
836 1260 1160 1297 commensuratio
1205 1257 1403 1294 exterioris

118 1309 366 1355 operationis,
396 1316 452 1347 est
478 1314 674 1360 corruptio
696 1315 872 1360 justitiae,
901 1315 1130 1360 inquantum
1160 1316 1290 1347 autem
1322 1320 1401 1345 cor-

117 1362 312 1408 rumpitur
322 1367 648 1402 cummensuratio
661 1367 888 1403 interiorum
906 1367 1129 1414 passionum
1141 1368 1197 1400 est
1209 1362 1401 1410 corruptio

118 1414 280 1460 alicujus
309 1415 466 1452 alterius
494 1418 668 1454 virtutis:
703 1421 802 1455 sicut
829 1430 918 1455 cum
947 1423 1104 1466 propter
1137 1418 1237 1452 iram
1266 1415 1403 1460 aliquis

118 1466 236 1524 alium
264 1470 441 1514 percutit,
468 1470 506 1506 in
547 1471 629 1517 ipsa
663 1473 905 1519 percussione
941 1471 1112 1507 indebita
1145 1469 1404 1515 corrumpitur

117 1519 275 1564 yuslz‘lia
287 1532 298 1555 .·
311 1521 348 1556 in
366 1522 662 1560 immoderantia
678 1536 764 1560 vero
784 1526 853 1560 2¹7·oe
868 1524 1129 1571 corrumpitur
1141 1521 1398 1564 mansuetudo,

119 1576 156 1607 et
175 1571 277 1607 idem
296 1578 399 1620 patet
415 1575 453 1610 in
474 1576 570 1612 aliis.
593 1590 611 1609 n
633 1597 676 1603 .-
697 1577 775 1620 1—11‚
795 1577 863 1618 Qu.
885 1578 956 1622 LX,
980 1577 1094 1612 Artic.
1113 1576 1158 1610 ΙΙ.

165 1626 244 1661 VII.
268 1628 319 1663 De
341 1629 555 1665 virtutihus
579 1631 853 1665 cardinalibus.
876 1629 1020 1665 Exinde
1040 1633 1144 1676 patet
1167 1632 1305 1662 natura
1324 1625 1401 1661 illa-

120 1695 205 1720 rum
237 1683 438 1727 virtutum,
472 1692 558 1729 quae
598 1683 856 1719 communiter
895 1682 1075 1718 dicuntur
1105 1680 1330 1723 cardinales,
1367 1683 1402 1713 et

119 1748 252 1773 earum
273 1747 469 1772 numerus.

165 1790 319 1826 Natura
335 1790 519 1825 virtutum
534 1789 808 1825 cardinalium.
828 1788 978 1823 Etenim
999 1798 1085 1823 cum
1103 1787 1300 1832 loquimur
1316 1785 1402 1820 sim-

120 1842 270 1890 pliciter
295 1841 341 1877 de
367 1842 521 1886 virtute,
544 1841 590 1877 de
610 1842 778 1877 humana
798 1841 938 1876 virtute
958 1840 1166 1886 loquimur.
1188 1839 1315 1873 Virtus
1333 1848 1402 1872 au-

122 1901 198 1930 tem
219 1894 401 1938 humana,
420 1893 630 1929 secundum
650 1893 856 1940 perfectam
879 1893 1067 1928 rationem
1087 1891 1250 1935 virtutis,
1266 1890 1405 1925 dicitur

121 1957 207 1993 quae
224 1946 385 1992 requirit
404 1945 672 1982 rectitudinem
690 1946 882 1993 appetitus
898 1956 906 1980 :
926 1943 1149 1991 hujusmodi
1166 1943 1267 1979 enim
1284 1943 1404 1978 virtus

121 2011 198 2035 non
228 1999 352 2034 solum
385 1998 475 2034 facit
506 1998 726 2035 facultatem
755 1999 850 2035 bene
873 1997 1024 2044 agendi,
1046 1996 1111 2032 sed
1138 1997 1263 2042 ipsum
1289 1995 1404 2031 etiam

123 2063 235 2087 usum
258 2052 348 2087 boni
369 2051 494 2098 operis
516 2056 666 2096 causat;
689 2051 753 2087 sed
774 2050 983 2087 secundum
1010 2048 1272 2095 imperfectam
1291 2047 1404 2082 ratio-

123 2114 211 2139 nem
232 2103 396 2147 virtutis,
423 2103 563 2139 dicitur
586 2104 720 2148 virtus,
739 2114 825 2150 quae
850 2111 928 2138 non
958 2101 1117 2147 requirit
1137 2099 1403 2135 rectitudinem

124 2156 329 2203 appetitus,
349 2156 439 2202 quia
462 2156 586 2191 solum
605 2157 694 2192 facit
712 2156 932 2191 facultatem
953 2154 1048 2189 bene
1068 2152 1220 2200 agendi,
1243 2162 1319 2187 non
1340 2162 1405 2186 au-

123 2214 201 2244 tem
219 2213 349 2244 causat
369 2208 459 2243 boni
474 2210 599 2254 operis
619 2219 744 2243 usum.
765 2208 920 2244 Constat
937 2210 1066 2242 autem
1083 2204 1185 2252 quod
1197 2204 1405 2251 perfectum

124 2266 182 2297 est
198 2260 446 2307 principalius
467 2261 707 2306 impersc‘c103
736 2265 772 2296 et
800 2260 884 2295 ideo
909 2259 1069 2294 virtutes
1097 2268 1183 2304 quae
1208 2257 1406 2293 continent

124 2313 395 2350 rectitudinem
412 2314 618 2360 appetitus,
631 2311 1069 2359 dicunturprinczpales,
1089 2321 1152 2346 seu
1165 2310 1404 2354 cardinales;

127 2365 350 2414 hujusmodi
362 2371 490 2403 autem
503 2370 591 2402 sunt
605 2367 761 2402 virtutes
777 2365 959 2405 morales:
978 2369 1012 2399 et
1024 2362 1406 2400 interintelleetuales
