1584 2569
220 125 280 159 370
680 129 777 153 mnu
804 126 1047 153 Arruns-neus

263 202 417 235 Libertas
440 199 597 234 cultuum
618 199 652 230 in
673 206 710 229 se
728 199 881 238 spectata
895 200 947 229 est
967 195 1128 234 absurda,
1149 195 1191 228 11.
1207 213 1247 219 —
1270 195 1435 235 Quamvis
1454 205 1508 230 so-

261 246 357 281 cialis
380 245 570 279 auctoritas
598 243 710 277 civilis
742 243 853 284 possit
889 241 1100 284 quandoque
1121 241 1269 275 tolerare
1288 242 1444 276 cultuum
1467 243 1508 276 li-

262 297 445 333 bertatem,
461 301 538 325 eam
562 297 678 324 tamen
698 290 773 332 lege
787 290 906 330 aliqua
925 288 1059 322 sancire
1082 288 1281 322 nullatenus
1301 293 1428 330 potest,
1447 288 1508 323 111.

259 359 300 367 —-
321 341 371 374 De
387 339 547 373 libertate
579 335 739 377 docendi,
759 336 806 370 M.
835 337 891 369 67.
915 354 955 360 -
981 335 1134 368 Libertas
1166 335 1312 368 docendi
1334 335 1408 368 sive
1428 345 1510 369 voce

262 388 333 421 sive
356 388 487 429 scripto
507 389 558 419 est
576 384 762 418 intrinsece
786 383 937 417 absurda
956 387 990 415 et
1005 382 1202 424 inhonesta,
1223 383 1259 415 V.

220 444 407 480 Limitatio
425 443 527 487 juris,
550 443 596 477 M.
620 442 673 483 28,
696 440 787 475 VIII.

220 503 364 546 Loqica.
380 504 443 536 Ars
464 506 498 535 et
514 500 659 535 scientia
677 499 801 541 logica.
824 499 914 532 Prol.
937 499 984 532 11.
1008 517 1046 523 —
1067 499 1247 540 Objectum
1266 499 1341 541 ejus
1359 503 1412 532 est
1425 500 1510 532 ratio

262 550 456 593 dirigenda,
480 549 539 583 111.
558 565 600 573 -—
619 546 750 581 Divisio
772 547 808 579 in
831 545 992 587 Logicam
1015 546 1208 580 naturalem
1229 550 1265 580 et
1285 546 1511 580 scientificam

262 607 322 631 seu
343 596 570 635 artificialem,
593 595 630 627 V.
651 611 692 618 —-
710 593 826 627 Altera
846 593 969 626 divisio
991 593 1027 625 in
1048 592 1268 627 Dialecticam
1288 597 1322 627 et
1338 592 1510 633 criticam,

263 645 325 679 VI.
349 662 389 670 -
409 643 543 686 Logicae
566 641 723 675 studium
755 640 1002 680 necessarium,
1025 640 1115 673 VIII.
1138 657 1180 665 —
1200 641 1324 682 Logica
1342 640 1377 673 in
1398 649 1511 681 quaes·

261 693 355 725 tione
385 691 427 723 de
454 689 625 722 divisione
655 692 689 721 et
719 687 1003 721 subordinatione
1029 686 1266 727 scientiarum,
1284 687 1321 721 L.
1361 687 1415 727 67,
1440 687 1455 719 1
1478 691 1512 719 et

264 747 299 771 se
353 761 360 769 .

221 747 388 830 Locggo.
412 796 496 837 Ejus
520 794 614 828 notio
638 798 671 827 et
693 793 879 826 discrimen
902 801 923 825 a
944 800 1041 833 voce,
1061 792 1096 824 L.
1123 791 1175 832 10,
1191 791 1282 825 VIII.

221 857 358 889 Lumen
379 853 443 887 sub
468 863 551 896 quo,
575 853 610 885 L.
630 852 682 891 66,
706 852 770 885 111.

851 993 893 1023 Μ

223 1110 492 1154 Magisterium.
513 1110 563 1146 De
597 1109 717 1142 divino
751 1107 977 1150 magisterio,
997 1107 1033 1141 1..
1065 1108 1114 1141 58.
1145 1125 1183 1132 ·-
1212 1107 1449 1149 Magisterium
1479 1114 1512 1142 et

263 1159 460 1198 auctoritas,
475 1158 518 1190 11.
539 1173 579 1182 —
600 1155 825 1190 conditiones
848 1155 975 1197 quibus
1001 1154 1188 1188 auctoritas
1210 1154 1399 1196 magisterii
1423 1165 1511 1197 prae-

263 1207 336 1239 dita
355 1214 432 1238 esse
455 1204 569 1243 debet,
582 1208 619 1236 ut
639 1202 706 1236 fide
730 1203 827 1235 dictis
847 1203 922 1243 ejus
942 1201 1184 1234 adhaereamus
1199 1201 1294 1243 (sunt
1315 1201 1459 1235 scientia
1481 1207 1513 1235 et

263 1252 430 1286 veracitas
450 1250 652 1292 loquentis),
679 1250 738 1282 111.
770 1268 808 1273 —
837 1248 1032 1283 Auctoritas
1052 1248 1169 1281 divina
1194 1252 1246 1282 est
1273 1249 1513 1282 firmissimum

263 1298 419 1333 veritatis
439 1297 628 1336 criterium,
646 1297 698 1329 IV.
721 1313 761 1320 —-
782 1296 961 1329 Certitudo
984 1304 1147 1329 assensus
1166 1295 1247 1328 fidei
1267 1304 1346 1337 quae
1365 1296 1513 1330 auctori·

263 1351 334 1381 tate
355 1345 470 1379 divina
487 1349 653 1386 tanquam
673 1343 808 1376 criterio
823 1343 942 1376 nititur
959 1347 1012 1376 est
1025 1342 1194 1376 certitudo
1211 1343 1460 1385 metaphysica,
1476 1344 1512 1375 V.

263 1412 304 1420 -
318 1394 399 1427 Haec
411 1391 581 1426 certitudo
598 1396 740 1433 superat
759 1390 953 1432 quamlibet
973 1390 1074 1422 aliam
1099 1394 1253 1423 nostram
1273 1390 1514 1424 certitudinem

265 1440 556 1482 metaphysicam,
570 1438 625 1472 VI.
643 1455 685 1463 —-
698 1439 749 1472 De
766 1438 922 1471 humano
941 1437 1153 1479 mayisterim
1169 1438 1207 1470 L.
1225 1437 1276 1470 60.
1297 1455 1338 1462 -
1355 1437 1394 1470 In
1411 1437 1514 1471 rebus

265 1486 476 1525 scientificis‚
489 1486 676 1518 auctoritas
689 1485 844 1517 humana
856 1493 916 1526 per
927 1494 964 1518 se
979 1484 1155 1526 loquendo
1170 1488 1223 1516 est
1236 1484 1514 1518 infirmissimum

265 1533 438 1567 criterium
458 1532 628 1571 veritatis,
649 1532 689 1563 Il.
719 1549 760 1555 -
790 1532 920 1564 Natura
952 1531 1095 1564 humani
1127 1530 1318 1572 magisterii
1346 1531 1381 1564 in
1411 1531 1515 1564 rebus

266 1579 478 1619 scientificis,
495 1579 547 1610 IV.
564 1596 604 1603 --
627 1578 692 1611 Per
712 1577 873 1610 accidens
890 1582 1006 1611 autem
1027 1576 1213 1610 auctoritas
1231 1577 1442 1619 sapientium
1463 1582 1515 1611 est

266 1626 422 1661 veritatis
442 1626 633 1665 criterium,
648 1625 685 1656 V.
701 1643 739 1657 -.
754 1625 791 1657 In
806 1624 909 1657 rebus
929 1624 1009 1657 facti
1033 1623 1218 1657 auctoritas
1239 1624 1393 1657 humana
1409 1633 1514 1666 gene-

266 1674 366 1706 ratim
387 1673 546 1714 inspecta
565 1677 618 1705 est
636 1671 812 1705 criterium
846 1671 1000 1704 veritatis
1032 1679 1093 1703 seu
1123 1670 1339 1704 certitudinis
1361 1671 1512 1712 moralis,

264 1721 317 1753 Vl.
335 1719 431 1761 (Vide
461 1718 597 1760 Testis.)

225 1783 509 1827 Magnetismus.
532 1783 773 1823 Mesmerismi‚
794 1792 854 1815 seu
875 1782 1096 1822 Maqnetismi
1120 1780 1286 1815 animalis
1314 1781 1502 1824 descriptio

265 1833 300 1865 C.
316 1832 370 1864 24.
394 1848 436 1855 ——
453 1830 588 1865 Critica
601 1829 836 1872 maqnetismi,
851 1830 886 1862 C.
905 1830 961 1862 25.
977 1847 1020 1854 -
1040 1829 1272 1863 Phaenomena
1293 1830 1514 1872 magnetismi

265 1887 344 1913 curn
363 1877 540 1911 miraculis
560 1882 770 1919 comparata,
785 1877 861 1911 XII.

225 1941 455 1985 Magnitudo.
475 1941 515 1975 O.
538 1941 590 1981 24,
611 1941 663 1973 1v.
692 1959 733 1965 --
759 1941 941 1982 Repugnat
969 1939 1171 1982 magnitudo
1197 1945 1275 1973 actu
1302 1939 1451 1980 infinita,
1470 1941 1510 1973 V.

176 2016 178 2021 ·
224 2000 353 2043 Major,
380 2001 416 2033 L.
440 1999 492 2039 32,
511 1999 568 2033 VI.

231 2060 344 2101 Malus
365 2063 569 2096 extremum,
591 2058 677 2091 ibid.

228 2116 379 2151 Malitia.
402 2117 450 2149 De
467 2116 601 2149 malitia
620 2121 759 2151 actuum
784 2117 1034 2156 humanorum,
1047 2118 1091 2150 M.
1111 2116 1142 2148 9.
1165 2115 1266 2158 (Vide
1291 2115 1515 2156 Moralitas.)

226 2181 374 2214 Malum.
394 2180 443 2213 De
462 2181 567 2217 malo,
587 2181 625 2213 Ο.
647 2181 701 2213 18.
729 2198 769 2205 -
788 2181 921 2222 Duplex
951 2180 1120 2222 acceptio,
1139 2180 1183 2213 11.
1208 2197 1248 2204 —
1270 2179 1400 2212 Malum
1427 2180 1513 2221 phy-

265 2228 376 2260 sicum
397 2231 432 2260 et
450 2227 593 2266 morale,
613 2227 677 2260 111.
701 2245 742 2251 —-
764 2228 951 2261 Intrinsece
972 2230 1144 2270 repugnat
1167 2227 1314 2260 existere
1337 2235 1513 2259 summum

265 2274 398 2307 malurn
420 2278 459 2306 ut
476 2273 607 2306 malum
631 2278 696 2314 est,
717 2274 832 2307 Iv-VI.
854 2292 894 2298 -
918 2274 1047 2307 Malum
1076 2282 1146 2307 non
1175 2277 1289 2314 potest
1312 2282 1388 2306 esse
1408 2272 1475 2305 nisi
1495 2282 1515 2306 a

266 2322 369 2360 bono,
387 2329 457 2353 non
474 2324 590 2353 tamen
603 2329 667 2362 per
685 2329 720 2353 se
739 2321 801 2354 sed
818 2330 881 2362 per
898 2320 1058 2354 accidens
1076 2328 1180 2354 causa
1199 2319 1295 2360 mali,
1312 2320 1368 2353 IX.
1387 2337 1428 2344 -
1444 2321 1514 2353 Ma-

267 2368 340 2401 lum
363 2367 651 2410 metaphysicum‚
668 2368 768 2409 juxta
787 2367 1024 2410 Leibnitzium,
1046 2367 1085 2409 O,
1104 2367 1165 2408 20,
1188 2367 1249 2400 ΙΙΙ.
1273 2383 1314 2391 —-
1332 2367 1426 2401 Deus
1446 2375 1514 2400 non
