1584 2569
157 63 224 98 275
238 73 296 98 ms
305 72 465 97 NATCBAE.
476 71 543 96 Lm.
562 70 601 95 11.
617 71 695 95 CAP.
708 70 762 94 111.
778 70 820 94 DE
835 70 1024 95 socinum
1035 71 1108 96 CIV.
1124 72 1160 96 ΙΝ
1178 72 1258 97 ORD.
1277 73 1440 99 ann-ma

106 181 113 186 ,
152 146 314 191 pacifica
333 144 484 180 nullum
503 143 714 179 sortiantur
734 142 924 187 effectum,
947 142 1046 178 licite
1076 155 1122 179 ne
1149 155 1247 180 unus
1275 145 1440 193 populus

120 205 124 208 '
156 200 275 235 armis
304 198 442 244 repetit
466 196 568 244 quod
603 196 752 231 ratione
784 206 861 231 non
895 197 1050 242 potest?
1077 196 1130 232 En
1161 199 1323 243 quaestio
1354 210 1441 245 quae

155 251 251 288 solvi
273 251 397 286 dehet.
421 251 472 285 Ex
506 248 566 285 his
596 258 682 295 quae
710 252 843 283 narrat
869 248 906 283 S.
938 249 1174 295 Augustinus
1203 250 1271 295 Op.
1301 255 1339 286 et
1366 251 1439 287 loc.

155 304 223 340 inf.
245 305 326 348 cit.‚
347 302 498 339 videtur
518 300 621 348 quod
653 299 863 343 Manichaei,
894 301 1137 347 reprobando
1169 302 1269 338 bella
1295 307 1403 350 gesta
1419 315 1442 340 a

156 358 296 404 Moyse,
325 356 525 392 docuerint
545 354 687 390 bellum
710 354 748 389 in
779 364 818 389 se
838 364 921 389 esse
950 354 1139 400 illicitum,
1161 355 1260 390 sicut
1280 360 1316 391 et
1337 356 1442 392 illici-

156 415 238 446 tum
259 409 459 446 christiani
476 407 617 444 bellare
641 407 884 442 affirmarunt
902 407 1029 443 seculo
1051 407 1308 444 decimosexto
1328 409 1443 446 OEco-

155 463 387 510 lampadIus,
419 461 608 498 Lutherus
629 460 783 506 aliique.
817 460 938 501 Quem
965 460 1121 508 quidem
1144 473 1312 498 errorem
1345 464 1442 498 forte

155 526 341 553 renovare
373 517 591 563 pertentant
611 512 679 557 illi,
709 513 774 559 qui
794 513 1063 560 exaggerando
1084 514 1172 550 belli
1199 515 1315 561 mala,
1337 516 1442 562 pacis

156 574 301 606 statum
320 579 387 616 per
404 569 462 604 fas
483 571 519 602 et
537 566 644 602 nefas
665 566 896 601 servandum
913 577 994 602 esse
1016 568 1265 605 contendunt.

203 623 268 658 ΠΙ.
288 623 554 658 Praenotamen
569 620 747 664 primum.
767 638 811 644 —
822 619 969 655 Bellum
984 620 1223 656 defensivum
1238 624 1278 657 et
1296 622 1440 658 bellum

158 676 398 719 offensivum,
423 674 569 720 iustum
598 675 638 708 et
662 672 862 717 iniustum.
894 672 981 708 Haec
1013 672 1102 708 belli
1134 672 1268 709 divisio
1298 685 1344 709 ex
1371 679 1442 710 ter·

158 729 272 764 minis
293 731 409 775 patet.
431 727 527 762 Nam
548 728 614 761 aut
641 725 805 771 populus
826 725 903 760 vim
925 724 994 760 sibi
1023 725 1071 761 ab
1092 725 1166 761 alio
1198 727 1341 773 populo
1363 728 1443 763 illa-

159 785 236 817 tam
254 780 467 829 propulsat,
487 783 523 815 et
538 778 704 814 habetur
724 778 867 814 bellum
885 778 1129 823 defensivum.
1147 779 1294 815 Bellum
1312 785 1443 816 autem

160 834 379 882 offensivum
394 836 449 869 est
462 833 492 868 si
508 832 673 879 populus
684 830 827 879 populo
838 831 913 867 vim
930 831 1080 867 inferat.
1095 832 1296 868 -Juslum
1315 836 1442 870 autem

161 888 295 924 dicitur
315 886 472 929 bellum,
489 886 520 920 si
541 896 585 921 ex
599 884 745 931 justitia
766 884 998 931 suscipiatur
1009 888 1045 919 et
1059 884 1311 931 infoi·metur;
1334 897 1444 922 secus

159 941 301 978 bellum
319 944 375 976 est
396 939 595 986 injustum.

203 994 263 1031 Π.
285 995 553 1031 Praenotamen
563 992 744 1028 alterum.
762 1011 805 1016 —
819 991 1063 1027 conditiones
1082 993 1282 1037 requisitae
1301 993 1349 1029 ad
1368 993 1442 1039 jus-

158 1048 286 1084 titiam
305 1047 411 1083 beni.
441 1046 488 1083 Ut
508 1047 637 1080 autem
667 1043 809 1079 bellum
837 1044 885 1079 sit
910 1044 1073 1089 justum,
1103 1048 1179 1079 tres
1205 1045 1443 1080 conditiones

158 1100 403 1147 potissimum
423 1098 672 1144 requiruntur
694 1107 702 1131 :
725 1101 764 1132 ut
784 1096 925 1132 scilicet
947 1098 982 1132 10
1006 1097 1238 1142 suscipiatur
1254 1107 1299 1133 ex
1317 1102 1444 1134 auclo-

158 1155 273 1190 ritate
289 1152 480 1200 principis
497 1162 505 1195 3
524 1171 568 1176 —
587 1151 624 1184 20
641 1150 688 1185 sit
708 1148 796 1184 belli
812 1148 924 1196 justa
951 1159 1096 1193 causa;
1124 1169 1164 1175 —
1199 1152 1237 1185 3⁰
1264 1155 1367 1186 recta
1396 1151 1445 1186 sit

160 1206 386 1242 bellantium
414 1204 585 1239 intentio.
609 1202 712 1244 Quas
737 1202 978 1238 conditiones
1011 1202 1181 1238 declarat
1210 1203 1247 1238 S.
1278 1203 1445 1239 Thomas

160 1260 251 1303 11-11‚
270 1258 340 1301 Qu.
365 1258 433 1301 XL,
455 1258 535 1293 Art.
557 1256 585 1291 Ι.

204 1312 268 1349 Ex
283 1310 726 1356 auctoritateprincipis.
750 1310 858 1345 «Non
873 1309 972 1345 enim
986 1309 1149 1355 pertinet
1171 1309 1219 1345 ad
1239 1320 1444 1355 personam

159 1367 348 1413 privatam
382 1363 524 1400 bellum
548 1373 712 1404 movere,
735 1363 826 1410 quia
857 1366 982 1409 potest
1003 1362 1066 1408 jus
1097 1373 1208 1398 suum
1236 1363 1274 1398 in
1300 1363 1443 1409 judicio

160 1417 364 1466 superioris
385 1415 578 1463 prosequi.
596 1414 778 1451 Similiter
794 1415 909 1450 etiam
929 1425 1137 1451 convocare
1158 1414 1445 1450 multitudinem

159 1471 263 1519 quod
284 1472 322 1506 in
344 1469 451 1506 bellis
473 1470 622 1515 oportet
643 1467 738 1510 fieri,
758 1478 834 1502 non
854 1468 1018 1514 pertinet
1039 1467 1088 1503 ad
1106 1468 1295 1513 privatam
1317 1479 1445 1513 perso-

160 1535 265 1560 nam.
288 1524 381 1559 Cum
403 1524 532 1557 autem
553 1530 646 1556 cura
667 1519 887 1567 reipublicae
906 1520 1115 1555 commissa
1135 1519 1183 1554 sit
1204 1520 1445 1567 principibus

161 1578 209 1615 ad
227 1588 291 1613 eos
312 1574 476 1623 pertinet
492 1573 774 1621 rempublicam
792 1573 970 1615 civitatis,
989 1572 1047 1608 vel
1067 1573 1187 1620 regni,
1211 1583 1277 1608 seu
1295 1573 1444 1620 provin-

161 1632 228 1668 ciae
245 1630 317 1666 sibi
339 1627 503 1664 subditae
523 1626 630 1663 tueri.
653 1641 669 1659 ι
692 1646 737 1651 -
755 1625 855 1662 Ibid.

205 1685 268 1721 Ex
288 1683 399 1730 justa
419 1691 549 1717 causa.
567 1681 710 1727 Nempe
728 1680 780 1715 illi
813 1680 878 1726 qui
896 1680 1187 1726 impugnantur,
1209 1690 1274 1715 seu
1306 1679 1446 1726 quibus

160 1737 303 1775 bellum
335 1735 508 1779 insertur,
543 1736 700 1781 propter
728 1733 900 1780 aliquam
926 1733 1077 1778 culpam
1111 1733 1446 1779 impugnationem

161 1793 394 1828 mereantur.
419 1787 520 1824 Unde
544 1788 578 1823 S.
604 1786 853 1833 Augustinus,
876 1787 944 1832 Qq.
971 1786 1009 1820 in
1035 1785 1342 1831 Pentateuchum,
1365 1786 1444 1824 Lib.

161 1844 220 1887 Vl,
242 1842 311 1884 Qu.
335 1842 373 1877 in
393 1842 519 1881 Josue‚
542 1840 612 1881 Qu.
633 1840 679 1884 X,
695 1839 747 1875 ait
771 1839 901 1875 :Justa
920 1838 1016 1874 bella
1036 1838 1195 1885 definiri
1209 1838 1341 1883 solent,
1364 1849 1448 1885 quoe

161 1896 399 1932 ulciscuntur
419 1893 606 1939 injurias,
624 1892 662 1927 si
677 1902 752 1938 qua
767 1902 857 1938 yens
871 1891 926 1927 vel
943 1892 1094 1935 civitam,
1111 1902 1194 1938 quoe
1216 1891 1309 1927 hello
1320 1897 1448 1938 peten-

161 1951 210 1984 da
232 1953 297 1992 est,
319 1947 373 1983 vel
392 1946 590 1982 vindicare
610 1945 814 1991 neqlexerit
833 1944 932 1990 quod
953 1955 977 1979 α
1005 1944 1088 1980 suis
1109 1943 1276 1990 improbe
1300 1945 1448 1990 factum

160 2007 226 2045 est,
244 2000 297 2036 vel
314 1999 466 2035 reddere
482 1998 582 2045 quod
597 2008 666 2044 per
688 1997 860 2044 injurias
881 1997 1050 2033 ablatum
1069 2002 1133 2032 est.

207 2055 270 2090 Ex
290 2058 392 2088 recta
415 2051 621 2087 intentione
643 2050 876 2086 bellantium.
913 2051 988 2086 Hoc
1018 2050 1120 2085 enim
1142 2061 1164 2086 a
1197 2050 1447 2086 bellatoribus

133 2122 137 2137 -·
163 2106 310 2144 intendi
338 2105 462 2149 debet,
485 2104 531 2140 ad
562 2104 666 2151 quod
686 2103 828 2139 bellum
861 2114 906 2138 ex
927 2114 964 2138 se
986 2103 1185 2138 ordinatur
1209 2108 1246 2138 et
1275 2103 1446 2139 ordinari

164 2160 288 2203 debet,
304 2158 488 2201 videlicet,
511 2157 646 2193 bonum
670 2157 973 2203 promovendum,
993 2156 1050 2191 vel
1073 2155 1213 2191 malum
1233 2155 1444 2191 vitandum.

164 2212 268 2251 Unde
288 2212 368 2260 ipse
389 2212 425 2247 S.
444 2211 681 2257 Augustinus
701 2211 740 2245 in
760 2209 930 2257 Epistola
951 2209 1140 2244 CLXXXIX
1164 2208 1230 2253 (al.
1253 2211 1327 2253 95),
1345 2219 1383 2244 n.
1410 2210 1445 2249 ὓ,

169 2267 216 2301 ad
238 2265 490 2309 Bonifacium,
510 2263 792 2309 sapientissime
806 2262 886 2299 haec
901 2262 1087 2298 inculcat:
1114 2275 1129 2294 ι
1150 2262 1285 2298 Pacem
1306 2261 1446 2298 habere

171 2322 278 2355 debet,
301 2318 486 2354 veluntas.
508 2317 650 2353 bellum
669 2317 881 2362 necessitas,
910 2320 952 2352 ut
971 2315 1106 2352 liberet
1126 2316 1222 2351 Deus
1244 2325 1266 2351 a
1287 2314 1448 2351 necessi·²
