1584 2569
191 143 259 178 254
285 152 342 176 irs
355 150 514 175 NATURAE.
534 149 604 174 Lm.
618 149 657 173 11.
677 148 752 173 cair.
770 148 810 172 11.
830 147 871 172 m:
889 147 1077 172 SOCOETATE
1095 148 1165 172 civ.
1187 148 1221 172 m
1243 149 1282 172 sn
1302 149 1473 174 senei-An

193 224 371 269 Principi,
405 226 471 257 aut
501 221 665 256 nimium
697 218 918 255 conceditur
950 219 1126 262 subditis,
1160 231 1224 255 seu
1253 225 1317 255 aut
1347 225 1474 267 tyran-

193 277 250 312 nis
277 275 508 323 justificatur
535 273 729 320 principis,
762 276 825 307 aut
849 272 1079 317 justificatur
1105 272 1316 318 perduellio
1344 273 1475 309 subdi-

193 336 334 365 torum.

239 382 281 418 V.
311 382 576 417 Praenotamen
601 379 777 424 primum.
806 378 1048 421 Resistentia,
1072 379 1283 425 generatim
1309 382 1476 427 accepta,

191 431 251 473 'est
280 434 469 482 oppositio
498 432 679 468 activitati
706 431 864 466 alterius
890 431 1049 477 subjecti
1075 441 1082 466 :
1106 432 1304 467 moraliter
1324 437 1479 479 sumpta

193 487 297 524 idem
316 497 450 522 sonare
466 485 613 520 videtur
630 494 672 518 ac
689 483 972 518 inobedientia:
993 488 1082 519 tunc
1103 485 1205 519 enim
1228 485 1335 520 alteri
1355 496 1480 520 mora-

194 542 280 577 liter
311 539 498 575 resistitur
528 537 682 583 quando
712 537 745 572 ei
774 536 993 571 obedientia
1020 541 1229 572 recusatur.
1261 539 1323 573 Est
1351 541 1479 573 autem

194 592 410 630 resistentia
419 591 578 638 passiva
593 590 648 625 vel
663 590 810 633 activa,·
820 590 977 635 passiva
988 589 1018 624 si
1034 590 1244 636 subJectum
1260 590 1480 626 violentiam

195 646 353 694 patitur,
377 643 442 680 sed
471 644 552 689 ejus
579 642 754 677 voluntas
782 652 856 677 non
884 641 1060 686 flectitur,
1084 647 1125 677 ut
1153 643 1190 677 in
1223 644 1477 690 martyribus3

195 698 318 735 activa
343 697 372 733 si
394 696 616 732 violentiam
639 695 786 729 illatam
808 694 987 730 violentia
1006 695 1167 740 repellit.

242 751 302 787 VI.
327 751 593 786 Praenotamen
617 749 795 784 alterum*
821 748 902 782 Non
930 752 987 783 est
1010 749 1172 795 quaestio
1200 748 1243 783 de
1265 749 1483 784 resistentia
1540 738 1548 741 ⁷*

196 804 357 851 passiva.
381 803 417 837 Si
438 802 540 837 enim
562 801 663 847 leges
689 800 870 836 humanae
891 803 978 835 sunt
993 800 1122 846 justae,
1147 801 1320 847 obligant
1340 802 1377 836 in
1399 802 1481 837 foro

197 856 464 899 conscientiae3
486 864 576 901 ergo
595 853 797 900 culpabilis
820 857 876 889 est
899 853 1003 898 civis,
1027 853 1091 899 qui
1114 854 1259 900 passive
1283 854 1400 889 etiam
1421 864 1483 889 re·

196 910 361 945 luctatur
388 908 459 942 illis
489 907 660 954 iegibus;
689 906 810 941 multo
839 911 967 941 autem
998 907 1120 952 magis
1147 906 1346 953 culpabiIIS
1369 910 1425 942 est
1452 908 1483 941 si

196 962 350 998 resistat
372 961 491 996 active
517 960 697 1006 potestati
722 960 925 994 executivae
947 959 1118 1004 ipsarum
1146 959 1286 1006 legum.
1317 961 1357 995 Et
1380 960 1483 996 idem

199 1015 372 1051 absolute
394 1017 449 1048 est
472 1012 678 1048 tenendum
695 1012 845 1058 quoties
866 1011 943 1047 lata
959 1011 1019 1046 lex
1037 1011 1214 1047 videatur
1235 1011 1360 1048 dubiae
1373 1012 1483 1059 justi·

198 1068 287 1103 tiae:
311 1067 384 1102 hoc
402 1066 502 1100 enim
524 1066 561 1100 in
579 1075 669 1100 casu
686 1074 760 1099 non
779 1063 828 1098 ad
850 1063 1048 1099 subditum
1065 1064 1230 1110 pertinet
1249 1064 1419 1110 judicare
1439 1065 1484 1100 de

199 1121 294 1167 lege,
326 1120 416 1166 quia
447 1129 522 1153 non
554 1118 602 1153 ad
629 1118 754 1164 ipsum
781 1117 943 1162 pertinet
971 1116 1170 1162 providere
1193 1117 1236 1152 de
1261 1117 1362 1153 bono
1384 1129 1485 1152 com-

199 1172 320 1214 muni,
341 1171 406 1206 sed
422 1170 469 1206 ad
492 1170 713 1217 principem.
732 1169 770 1205 Si
789 1169 953 1216 denique
970 1169 1031 1204 lex
1046 1174 1101 1204 est
1123 1169 1323 1206 manifeste
1345 1170 1487 1216 injusta

199 1235 265 1271 per
278 1222 585 1260 contrarietatem
600 1221 651 1257 acl
666 1221 800 1256 bonum
815 1221 998 1264 (livinum,
1015 1232 1100 1257 cum
1118 1223 1155 1257 in
1171 1221 1243 1258 hoc
1261 1233 1352 1258 casu
1368 1223 1485 1258 homo

200 1280 374 1312 teneatur
395 1287 438 1310 ex
460 1275 692 1310 conscientia
709 1285 784 1309 non
806 1274 974 1319 obedire,
990 1275 1207 1310 resistentia
1226 1276 1392 1321 passiva,
1409 1286 1486 1311 non

201 1331 323 1366 solum
345 1329 448 1364 licita
469 1331 537 1373 est,
556 1327 620 1363 sed
637 1328 753 1363 etiam
775 1331 979 1374 praecepta,
1000 1330 1042 1363 ut
1062 1338 1150 1363 cum
1171 1328 1208 1364 S.
1227 1327 1373 1364 Thoma
1395 1328 1488 1364 dixi-

202 1395 286 1420 mus
318 1384 354 1417 in
388 1381 615 1429 probatione
645 1380 792 1416 ultimae
822 1380 939 1426 partis
971 1380 1101 1425 thesis,
1134 1383 1169 1416 et
1198 1392 1242 1416 ex
1274 1385 1487 1429 martyrum

201 1435 377 1482 exemplo
406 1434 622 1470 edocemur.
648 1433 824 1468 Breviter.
848 1432 1074 1469 Resistentia
1095 1434 1244 1480 passiva
1264 1445 1308 1469 ex
1328 1434 1488 1470 morali-

202 1493 277 1524 tate
298 1488 392 1534 legis
415 1486 662 1532 dijudicanda
677 1489 745 1521 est.
762 1485 882 1532 Igitur
897 1488 978 1521 tota
995 1486 1156 1532 quaestio
1175 1490 1230 1522 est
1251 1486 1294 1522 de
1313 1487 1489 1522 resisten-

203 1543 256 1577 tia
277 1541 412 1584 activa‚
436 1542 472 1575 et
492 1538 620 1586 quoad
640 1538 742 1585 leges
763 1538 963 1574 manifeste
981 1538 1143 1584 injustas
1165 1539 1241 1574 sive
1262 1543 1396 1574 contra
1418 1540 1488 1575 bo-

204 1603 295 1629 num
323 1601 528 1627 commune
550 1591 758 1635 societatis,
781 1591 856 1626 sive
880 1594 1013 1626 contra
1036 1591 1180 1626 bonum
1207 1591 1392 1636 divinum,
1413 1603 1490 1638 qua

204 1647 255 1681 sic
276 1644 466 1680 resistitur
485 1644 667 1691 potestati
687 1643 902 1687 executivae,
928 1645 964 1678 et
990 1648 1281 1690 consequenter,
1307 1645 1489 1690 legislati-

204 1709 257 1734 vae
278 1701 318 1733 ut
334 1698 406 1744 ipsi
423 1697 604 1733 violentia
623 1707 645 1732 a
659 1696 821 1733 subditis
840 1696 1037 1732 inseratur.
1055 1696 1246 1738 Quaeritur
1262 1700 1391 1732 utrum
1407 1697 1490 1733 haec

204 1750 421 1787 resistentia
448 1750 552 1785 licita
578 1748 654 1785 sit?
680 1750 833 1784 Partem
863 1749 1133 1784 affirmativam
1156 1760 1231 1785 uno
1260 1760 1324 1785 ore
1346 1750 1491 1795 procia-

203 1808 311 1839 mant
326 1813 458 1838 omnes
475 1806 733 1838 assentatores
746 1802 1127 1848 z’mperz‘z‘popzelaris,
1146 1802 1261 1849 quiin
1277 1803 1360 1849 ipsa
1372 1802 1492 1838 demo-

204 1856 342 1899 cratia,
362 1860 402 1890 ut
418 1855 487 1902 ipsi
502 1856 724 1901 loquuntur,
745 1865 810 1890 seu
830 1855 867 1889 in
886 1854 1133 1890 multitudine
1147 1860 1340 1902 reponunt
1360 1866 1491 1891 verum

205 1909 417 1955 subjectum
446 1908 686 1944 auctoritatis
713 1907 892 1955 politicae.
925 1907 1027 1943 Unde
1056 1907 1172 1955 leges,
1202 1919 1285 1954 quae
1313 1908 1384 1944 sibi
1415 1919 1491 1944 non

205 1962 366 2009 placent,
384 1961 475 2007 quia
496 1971 631 1996 eorum
650 1960 844 1995 licentiam
862 1959 1024 1995 sraenant
1045 1964 1081 1995 et
1102 1961 1268 2006 propriae
1290 1961 1491 1996 ambitioni

206 2014 471 2057 adversantur,
489 2013 650 2059 injustas
665 2013 918 2059 proclamant,
936 2017 978 2047 ut
991 2013 1055 2059 jus
1072 2013 1142 2048 sibi
1163 2018 1344 2061 arrogent
1362 2024 1492 2049 accen-

205 2066 319 2102 dendi
336 2066 622 2101 multitudinem
638 2069 674 2101 et
691 2065 915 2112 insurgendi
929 2068 1063 2101 contra
1077 2065 1271 2112 legitimos
1287 2066 1490 2113 principes.

208 2117 305 2160 Quid
327 2118 443 2163 igitur
461 2118 529 2153 hac
552 2119 589 2153 in
610 2129 649 2154 re
670 2118 914 2154 sentiendum
934 2119 995 2163 sit,
1021 2118 1214 2165 gradatim
1237 2118 1420 2154 dicemus.

252 2170 330 2206 vu.
347 2171 396 2205 De
417 2174 596 2215 tyranno.
614 2171 812 2218 Tyrannus
832 2169 998 2218 τύραννος
1014 2170 1115 2206 idem
1138 2175 1249 2206 sonat
1270 2181 1312 2206 ac
1329 2182 1408 2214 rex,
1427 2181 1491 2207 seu

206 2223 381 2271 princeps
411 2222 473 2267 qui
502 2223 654 2268 plenam
680 2223 718 2259 in
745 2223 937 2268 subJectos
965 2222 1081 2258 habet
1107 2226 1362 2270 potestatem3
1392 2223 1493 2259 unde

209 2275 335 2322 primo
363 2276 401 2310 in
429 2275 569 2310 bonam
596 2280 746 2321 partem
774 2276 873 2311 sumi
900 2276 1106 2319 consuevit,
1131 2280 1171 2310 ut
1198 2277 1342 2322 passim
1368 2276 1494 2312 videre

210 2333 267 2363 est
295 2328 334 2363 in
368 2328 477 2363 libris
505 2327 758 2364 Ponticorum
787 2328 1017 2372 Aristotelis,
1051 2329 1086 2364 in
1119 2328 1297 2365 Miltiade
1333 2329 1494 2365 Cornelii

211 2380 378 2426 Nepotis,
393 2379 462 2416 sub
478 2380 568 2422 ἢφῑες
589 2391 664 2428 quo
686 2392 801 2416 sensu
819 2381 996 2428 Virgilius
1014 2381 1163 2418 AEneid.
1185 2382 1395 2427 vl1,265-6.
1414 2381 1467 2417 ait
1484 2391 1491 2417 :
