1554 2569
486 151 571 177 ΑΜ.
602 151 652 177 lv.
674 152 720 176 DE
739 151 831 177 LEGE
850 151 1014 177 POSlTlVA
1332 146 1390 179 11¹

105 224 204 273 tegis
219 227 371 262 naturae
387 227 672 272 pervertuntur.
694 223 742 258 Ut
762 233 851 270 ergo
872 222 989 258 homo
1008 223 1150 270 absque
1168 225 1275 261 omni
1292 225 1391 262 dubi-

109 279 254 314 tatione
267 278 364 314 scire
382 279 525 324 posset,
544 275 638 322 quid
653 275 725 310 sibi
740 276 789 310 sit
801 274 1007 322 agendum,
1023 279 1060 311 et
1075 276 1167 322 quid
1180 277 1395 325 vitandum,

108 330 365 368 necessarium
387 329 471 374 fuit,
493 332 536 364 ut
556 329 595 364 in
610 329 758 364 actibus
772 327 935 375 propriis
947 327 1177 375 dirigeretur
1190 341 1258 377 per
1274 331 1397 379 legem

108 383 292 420 divinitus
312 381 456 427 datam,
479 381 526 417 de
552 391 628 428 qua
648 385 799 416 constat
819 380 922 427 quod
940 391 1017 417 non
1040 385 1167 428 potest
1187 394 1326 420 errare.

154 435 312 473 Deinde.
332 435 385 471 De
402 434 461 470 his
482 437 609 482 potest
629 434 747 469 homo
765 434 889 481 legem
910 433 1020 479 ferre,
1044 434 1089 470 de
1112 435 1252 481 quibus
1272 443 1400 484 potest

108 489 291 538 judicare.
322 487 517 524 Judicium
552 491 682 522 autem
716 486 898 532 hominis,
926 497 992 523 seu
1026 487 1208 525 humanas
1234 492 1394 528 auctori-

109 542 213 588 tatis,
233 552 314 578 esse
333 551 410 577 non
425 544 552 587 potest
567 539 612 575 de
630 539 876 575 interioribus
893 540 1076 586 motibus,
1095 541 1161 587 qui
1182 542 1315 589 latent,
1332 545 1395 581 sed

109 595 235 631 solum
254 594 301 630 de
326 593 579 630 exterioribus
606 593 776 628 motibus
803 593 869 639 qui
896 598 1101 640 apparent3
1131 598 1168 630 et
1197 600 1321 632 tamen
1349 598 1394 634 ad

109 646 381 695 perfectionem
407 645 559 681 virtutis
591 645 800 691 requiritur
834 644 937 691 quod
966 645 1003 681 in
1034 647 1206 694 utrisque
1235 650 1396 696 actibus,

110 706 193 736 tum
213 698 466 736 exterioribus
487 702 570 734 tum
598 697 858 742 interioribus,
879 702 917 733 et
936 699 1061 745 primo
1084 703 1121 736 et
1143 701 1336 749 praecipue
1359 705 1397 739 in

109 752 356 789 interioribus
377 751 494 787 homo
522 755 648 787 rectus
675 751 828 786 existat.
854 751 899 786 Et
925 750 1010 787 ideo
1037 751 1097 788 lex
1124 752 1297 791 humana
1321 767 1396 792 non

109 805 238 853 potuit
255 803 433 840 cohibere
454 807 491 839 et
511 803 688 839 ordinare
709 802 944 840 sufficienter
961 805 1162 841 interiores
1185 810 1307 853 actus,
1332 809 1396 845 sed

109 858 365 894 necessarium
387 856 458 892 fuit
483 856 587 903 quod
608 855 656 892 ad
677 856 750 892 hoc
773 857 1034 903 superveniret
1053 857 1114 894 lex
1141 858 1283 906 divina,
1312 871 1398 908 quae

110 916 148 947 et
178 909 435 946 imbecillitati
465 908 627 945 rationis
657 908 889 954 mederetur,
923 913 960 946 et
986 911 1182 958 suppleret
1208 914 1310 960 quod
1338 915 1397 952 lex

110 963 283 1001 humana
300 965 482 1010 praestare
499 961 645 1009 nequit.

156 1016 296 1054 Tertio.
314 1015 392 1052 Lex
412 1014 595 1059 humana,
616 1019 659 1050 ut
677 1015 714 1051 S.
733 1016 970 1063 Augustinus
985 1019 1093 1053 notat
1108 1018 1145 1053 in
1162 1020 1287 1066 primo
1302 1021 1399 1058 libro

109 1070 166 1106 De
186 1069 304 1105 libero
324 1079 372 1104 αν
375 1067 506 1113 bacrio,
528 1068 619 1114 Cap.
642 1068 685 1111 V,
701 1078 778 1104 non
798 1072 923 1115 potest
940 1070 1070 1105 omnia
1085 1081 1170 1117 quae
1185 1073 1285 1109 male
1301 1075 1399 1111 fiunt

112 1123 260 1170 punire,
276 1121 337 1158 vel
356 1120 591 1168 prohibere:
614 1121 705 1167 quia
726 1120 818 1156 dum
840 1121 988 1157 auferre
1005 1123 1116 1158 vellet
1136 1126 1267 1161 omnia
1284 1128 1398 1173 mala,

113 1177 337 1221 sequeretur
352 1172 455 1220 quod
476 1173 600 1208 multa
620 1173 721 1208 bona
742 1173 969 1209 tollerentur
991 1179 1028 1210 et
1052 1176 1306 1223 impediretur
1327 1182 1400 1216 uti-

111 1228 200 1263 litas
219 1226 310 1262 boni
333 1226 565 1270 communis,
588 1225 691 1272 qnod
709 1231 766 1261 est
791 1227 1047 1263 necessarium
1076 1229 1122 1263 ad
1147 1234 1398 1269 conversatio-

113 1290 202 1315 nem
233 1278 459 1313 humanam
490 1276 539 1312 Ue
563 1287 654 1324 ergo
687 1277 837 1313 nullum
863 1278 1010 1315 malum
1037 1280 1332 1327 improhibitum
1365 1292 1400 1322 et

113 1329 348 1377 impunitum
376 1333 604 1374 remaneret,
629 1330 888 1365 necessarium
915 1331 986 1366 suit
1009 1335 1251 1379 supervenire
1276 1337 1400 1385 legem

115 1383 297 1426 divinam,
320 1391 388 1429 per
407 1391 524 1427 quam
543 1382 674 1418 omnia
690 1387 848 1429 peccata
869 1383 1117 1429 prohibentui

160 1434 260 1479 Haec,
279 1437 322 1469 ut
341 1433 524 1478 diximus,
544 1433 715 1470 sistendo
740 1435 779 1469 in
800 1435 935 1472 ordine
962 1439 1160 1475 naturali:
1184 1451 1274 1476 nam
1295 1443 1325 1478 si
1346 1455 1402 1479 se-

111 1486 282 1524 cundum
292 1486 493 1523 verissima
503 1460 687 1534 dogmata
698 1488 887 1524 catholica
898 1490 1063 1526 firmiter
1075 1495 1273 1530 teneamus
1282 1495 1403 1532 homi-

113 1551 201 1576 nem
232 1549 314 1575 esse
345 1539 534 1574 elevatum
561 1538 609 1574 ad
637 1539 812 1576 ordinem
842 1544 1146 1588 supernaturalis
1171 1545 1393 1593 beatitunis,

113 1592 317 1628 necessitas
347 1591 442 1639 legis
468 1590 608 1627 divinae
635 1592 811 1639 positivae
838 1593 1016 1631 absoluta
1047 1601 1116 1642 est,
1145 1602 1187 1633 ut
1212 1610 1280 1646 per
1305 1601 1402 1638 hanc

112 1646 236 1692 legem
256 1631 421 1680 sciamus
442 1654 486 1680 ea
509 1654 595 1690 quae
615 1645 712 1680 scitu
739 1650 829 1681 sunt
852 1649 1068 1684 necessaria
1094 1650 1132 1685 in
1164 1650 1229 1686 illo
1254 1652 1401 1699 ordine,

114 1673 172 1734 etD
163 1707 250 1744 quae
267 1700 396 1733 tamen
410 1706 518 1732 mens
532 1700 665 1733 nostra
677 1698 820 1734 viribus
835 1701 1002 1747 propriis
1019 1701 1155 1739 relicta
1171 1713 1380 1751 cognoscor
1383 1718 1402 1742 e

116 1761 162 1786 ne
194 1750 264 1785 uit.

159 1760 220 1838 31.
232 1801 350 1836 Nom.
365 1801 581 1837 Solvuntur
592 1801 859 1839 difficultates.
872 1803 1255 1853 —ObWecczoprama
1272 1809 1403 1846 Omnis

113 1855 174 1890 lex
193 1853 374 1900 imposita
393 1853 532 1888 rationi
553 1858 590 1888 et
610 1864 696 1900 quae
713 1865 735 1890 a
752 1855 901 1891 ratione
923 1856 1009 1903 ipsa
1031 1869 1108 1894 non
1133 1861 1402 1908 p1oliciseitu1‚

113 1909 282 1943 coarctat
294 1905 525 1950 libertatem,
545 1910 581 1941 et
599 1911 876 1952 consequenter
890 1918 975 1944 eam
990 1909 1097 1946 laedit
1115 1917 1152 1946 et
1168 1917 1225 1947 est
1240 1914 1401 1953 malum

95 1959 189 1996 ,Sed
207 1958 363 1994 libertas
388 1957 509 1993 illaesa
528 1957 714 1994 servanda
740 1963 809 1995 est.
835 1960 933 2007 Ergo
960 1962 1169 2008 rejicienda
1195 1967 1320 2002 omnis
1344 1968 1403 2004 lex

113 2012 253 2048 rationi
275 2011 488 2047 extrinseca
511 2011 586 2047 sive
613 2010 764 2047 dicatur
790 2016 947 2059 aeterna,
969 2015 1044 2050 sive
1068 2014 1198 2052 divina
1227 2020 1400 2065 positiva.

115 2085 160 2091 —
177 2065 234 2100 Ita
250 2063 426 2099 Benthan
456 2063 629 2109 OEuvreS,
652 2064 760 2102 Tom.
784 2065 813 2110 1,
834 2076 923 2113 pag.
946 2067 1003 2111 32,
1017 2071 1055 2103 et
1071 2078 1158 2104 cum
1176 2070 1259 2116 ipso
1271 2082 1404 2109 omnes

116 2116 400 2152 autonomistae.

161 2169 270 2215 Resp.
286 2168 389 2215 Nego
406 2167 604 2215 majorem.
620 2189 665 2195 -
684 2169 780 2205 Nam
796 2170 902 2206 nulla
921 2170 982 2207 lex
1000 2177 1169 2210 coarctat
1184 2174 1401 2213 libertatem

121 2221 283 2257 absolute
292 2220 484 2267 loquendo
496 2232 504 2257 :
517 2222 615 2258 sicut
627 2232 703 2257 non
717 2227 935 2259 coarctatur
944 2224 1101 2261 libertas
1113 2237 1180 2272 per
1190 2231 1400 2266 carentiam

121 2274 391 2320 mdifferentioe
409 2273 570 2310 moralis
590 2274 664 2320 (Ps.
687 2275 873 2321 50,X1V).
896 2276 1066 2313 Libertas
1089 2279 1193 2315 eniin
1219 2285 1276 2316 est
1295 2288 1401 2318 aetus

119 2326 274 2372 quidem
292 2325 512 2372 voluntatis,
533 2326 598 2362 sed
616 2331 658 2362 ut
679 2337 702 2363 a
720 2338 834 2363 causa
859 2328 1011 2365 formali
1032 2341 1054 2365 a
1074 2332 1222 2368 ratione
1242 2344 1400 2381 cognos-

121 2382 225 2415 cente
244 2378 428 2426 plocedit
449 2378 554 2415 Sicut
570 2383 699 2416 autem
727 2391 804 2416 non
828 2385 885 2417 est
908 2381 954 2418 de
981 2383 1213 2430 perfectione
1239 2386 1400 2424 rationis
