1584 2569
162 139 243 166 mr.
260 135 308 164 v1.
323 137 368 164 nn
380 136 578 163 rorzsurr:
593 137 794 164 somenam
813 134 984 164 »omncs
1002 136 1258 163 Aucromnfls
1311 125 1378 161 247

129 213 190 250 IV.
205 211 347 249 Divisio
362 211 572 256 potestatis
586 210 815 256 judiciariae.
833 209 1007 246 Potestas
1012 209 1221 256 judiciaria
1231 209 1270 245 in
1287 208 1380 245 civi-

85 266 153 302 lem
164 269 202 302 et
212 263 451 302 criminalem
467 262 652 299 dividitur
667 263 799 310 :cujus
815 261 1013 299 divisionis
1028 263 1127 298 ratio
1140 266 1197 299 est
1211 272 1258 298 ex
1271 265 1380 309 parte

83 317 224 366 objecti
243 318 282 353 in
305 315 410 364 quod
425 315 617 364 judicium
644 315 845 353 ferendum
873 319 944 353 est.
980 316 1077 353 Nam
1097 320 1165 352 aut
1183 315 1312 362 agitur
1334 313 1380 349 de

82 371 231 419 juribus
251 370 394 407 civium
419 369 520 405 inter
537 379 577 405 se
604 368 854 415 definiendis3
871 372 910 406 et
930 372 988 406 est
1003 368 1210 417 judiciaria
1229 366 1379 411 civilis;

82 426 149 459 aut
164 427 222 460 est
241 422 288 459 de
308 422 433 470 poenis
449 421 611 458 crimini
620 422 841 470 infligendis
852 433 862 468 ;
874 426 912 459 et
926 421 1068 459 dicitur
1084 421 1317 458 criminalis.
1337 421 1379 456 ln

83 479 248 523 utroque
269 480 401 512 autem
423 485 514 512 casu
542 485 696 513 necesse
715 479 773 512 est
799 480 843 511 ut
863 474 1055 523 judicium
1075 476 1144 511 ssat
1168 473 1381 511 secundum

82 535 237 566 Sensum
265 528 361 576 legis
386 527 496 573 latae3
524 528 628 575 quia,
656 532 699 564 ut
725 528 871 565 dictum
898 532 970 573 est,
995 527 1187 575 judicium
1216 537 1295 563 non
1325 531 1382 563 est

82 581 187 618 aliud
215 591 333 628 quam
353 580 560 628 applicatio
591 580 687 629 legis
711 581 771 618 vel
803 580 852 618 ad
880 580 1156 618 determinatas
1183 590 1379 628 personas,

82 644 246 681 quarum
263 634 354 681 jura
373 632 622 679 colliduntur,
641 633 700 670 vel
719 633 768 670 ad
789 633 1046 670 determinata
1071 634 1235 670 crimina
1255 633 1380 680 poenis

83 698 105 723 a
123 686 206 736 lege
223 686 379 723 statutis
396 685 605 734 punienda.
623 686 723 734 Ergo
741 687 894 723 nonnisi
917 685 1129 723 secundum
1150 686 1276 734 legem
1298 686 1379 733 jus-

86 746 166 776 tum
193 739 386 788 judicium
425 738 515 775 ferri
544 743 683 786 potest.
720 759 766 766 -
793 739 847 776 Cf.
881 741 922 777 'S.
961 739 1030 776 Th.
1065 739 1163 776 11-11.
1197 739 1268 781 Qu.
1307 737 1379 775 Lx.

85 795 162 829 Art.
180 793 224 829 V.

127 846 170 882 V.
204 846 386 890 Quaestio.
415 851 482 882 mc
498 850 630 882 autem
644 847 807 892 quaestio
820 851 1010 892 movetur,
1031 845 1212 883 ardenter
1234 845 1381 893 agitata

82 899 223 936 nostris
237 899 342 935 hisce
362 898 616 945 temporibus,
636 898 682 934 de
697 902 836 935 natura
853 909 1058 946 poenarum
1079 897 1380 946 infligendarum

81 951 268 999 improbis
297 950 534 997 hominibus,
555 951 621 998 qui
638 952 853 987 concivium
870 952 961 998 jura
987 951 1148 997 laedunt,
1181 956 1219 987 et
1247 962 1380 998 pacem

82 1004 277 1052 publicam
310 1004 552 1052 perturbant.
589 1003 775 1041 Convenit
807 1005 908 1041 inter
933 1015 1080 1050 omnes,
1112 1008 1150 1040 et
1172 1015 1290 1051 supra
1316 1005 1381 1039 Ar·

82 1059 145 1094 tic.
178 1057 227 1094 IV
255 1061 294 1095 et
320 1056 352 1093 V
382 1057 500 1104 hujus
534 1057 679 1105 Capitis
707 1057 972 1105 probavimus,
1006 1058 1130 1094 inesse
1158 1058 1379 1094 auctoritati

82 1110 251 1158 politica*
279 1110 344 1158 jus
374 1110 575 1158 infligendi
610 1121 744 1158 poenas
770 1111 959 1158 improbis
995 1115 1037 1147 ut
1066 1111 1212 1147 bonum
1241 1111 1380 1147 sociale

81 1167 348 1208 conservetur3
371 1163 436 1199 sed
448 1163 612 1210 quaestio
632 1167 690 1200 est
702 1163 749 1200 de
769 1164 957 1211 qualitate
976 1174 1116 1212 paenae,
1134 1168 1173 1200 et
1189 1163 1381 1211 praecipue

82 1216 127 1252 de
144 1227 260 1265 poena
273 1216 450 1262 capitali,
468 1226 546 1263 qua
561 1216 639 1253 vita
655 1226 720 1253 reo
734 1216 921 1253 aufertur.
934 1217 990 1253 Ad
1005 1227 1163 1264 poenam
1177 1216 1380 1264 capitalem

82 1269 334 1317 infligendam
370 1279 450 1305 sese
494 1268 700 1305 extendere
738 1279 850 1317 posse
885 1273 1117 1317 potestatem
1133 1269 1381 1316 judiciariam

81 1322 203 1359 civilis
224 1322 425 1359 Societatis
453 1321 703 1359 vehementer
721 1322 876 1371 negavit
895 1322 1073 1359 Beccaria
1087 1323 1127 1358 in
1147 1322 1246 1358 libro
1265 1332 1380 1369 quem

81 1375 276 1423 inscripsit
292 1375 368 1412 Dei
388 1374 516 1411 delicti
534 1386 552 1411 e
570 1374 664 1412 delle
678 1386 775 1422 pene
792 1385 801 1411 :
823 1385 940 1423 quem
954 1379 1153 1411 auctorem
1173 1385 1251 1410 non
1269 1376 1378 1421 pauci

81 1427 334 1464 rationalistae
352 1431 390 1464 et
407 1428 525 1464 etiam
542 1428 608 1464 alii
628 1428 835 1476 scriptores
856 1429 977 1465 secuti
990 1432 1080 1464 sunt
1094 1432 1132 1464 et
1147 1431 1377 1474 sequuntur,

81 1481 205 1528 magis
239 1480 393 1516 solliciti
426 1479 472 1517 de
492 1480 588 1517 falsa
617 1480 884 1517 misericordia
904 1481 944 1517 in
963 1481 1082 1517 vitam
1112 1480 1376 1525 scelestorum,

81 1543 198 1579 quam
219 1532 265 1569 de
284 1543 374 1569 vera
389 1533 542 1580 justitia
561 1534 601 1569 in
619 1534 740 1570 vitam
760 1533 972 1581 proborum
993 1534 1149 1569 civium.

127 1586 189 1623 VI.
212 1587 482 1624 Praenotamen
499 1587 682 1632 primum.
706 1586 813 1623 Sicut
831 1586 946 1633 culpa
977 1591 1034 1622 est
1060 1586 1207 1622 malum
1226 1585 1372 1622 morale

80 1639 243 1675 actionis
258 1650 326 1675 seu
351 1638 613 1675 discordantia
632 1639 795 1675 actionis
813 1639 1043 1675 voluntariae
1060 1650 1082 1675 a
1105 1643 1208 1675 recta
1224 1640 1374 1675 ratione

81 1693 131 1737 (9,
150 1691 232 1738 1v);
251 1692 306 1728 ita
324 1702 442 1740 poena
460 1696 517 1728 est
548 1691 696 1728 malum
720 1692 849 1739 agenti
867 1696 1024 1740 propter
1043 1692 1198 1739 culpam
1222 1692 1372 1728 illatum

81 1748 216 1780 contra
232 1754 342 1780 suam
360 1744 614 1780 voluntatem.
637 1745 724 1780 Haec
738 1745 812 1780 tria
831 1748 921 1780 sunt
941 1744 987 1780 de
1004 1745 1153 1780 ratione
1174 1755 1313 1792 poenae,
1332 1750 1374 1779 ut

82 1796 120 1832 S.
140 1795 306 1832 Thomas
326 1797 380 1832 ait
395 1796 477 1841 1-11,
498 1796 568 1838 Qu.
588 1796 708 1840 XLVI,
730 1798 809 1832 Art.
833 1797 892 1833 IV.
914 1796 962 1833 ad
983 1799 1004 1833 2
1030 1807 1038 1832 :
1073 1817 1117 1824 —-
1147 1799 1183 1833 1⁰
1203 1796 1307 1844 quod
1323 1798 1372 1832 sit

80 1849 275 1885 contraria
299 1848 487 1885 voluntati
504 1859 513 1894 3
551 1851 591 1885 20
611 1848 715 1895 quod
735 1849 785 1884 sit
802 1849 1004 1894 afflictiva;
1039 1851 1077 1886 30
1091 1849 1195 1896 quod
1217 1860 1286 1897 pro
1306 1849 1374 1885 ali-

81 1912 158 1948 qua
173 1901 287 1949 culpa
303 1901 501 1938 inferatur.
520 1901 608 1937 Haec
628 1905 685 1937 est
703 1911 828 1948 poenae
852 1902 960 1938 notio
978 1912 1095 1948 quam
1115 1902 1375 1939 communiter

81 1954 184 1991 docti
201 1959 239 1991 et
259 1954 405 1991 indocti
422 1954 578 1990 habent.

128 2007 209 2045 vn.
227 2008 495 2045 Praenotamen
510 2008 692 2044 alterum.
708 2007 827 2044 Porro
845 2018 891 2044 ex
918 2007 1060 2044 tradita
1080 2007 1305 2044 definitione
1320 2008 1372 2044 in-

82 2059 203 2097 fertur
215 2071 372 2108 poenam
387 2071 468 2097 esse
481 2060 759 2107 reparatricem
778 2060 1043 2097 medicinalem
1062 2065 1096 2097 et
1110 2061 1372 2107 exemplarem.

127 2114 373 2161 Reparatrix.
389 2114 539 2151 Etenim
551 2113 665 2161 culpa
678 2114 933 2150 essentialiter
943 2114 1128 2161 importat
1139 2114 1243 2161 quod
1256 2114 1373 2151 bomo

83 2171 218 2203 contra
243 2166 419 2204 ordinem
448 2171 562 2204 rectae
587 2167 749 2203 rationis
775 2167 921 2203 bonum
942 2167 1113 2215 aliquod,
1139 2168 1216 2204 sive
1242 2178 1372 2204 verum

82 2219 160 2256 sive
178 2230 381 2267 apparens,
411 2220 484 2257 sibi
504 2219 720 2257 indebitum
752 2224 924 2268 usurpet.
952 2220 1051 2268 Ergo
1084 2231 1236 2257 necesse
1256 2225 1314 2257 est
1334 2226 1372 2257 ut

84 2270 179 2309 ordo
194 2271 308 2308 laesus
330 2277 542 2320 reparetur,
564 2273 636 2321 ipsi
657 2283 721 2310 reo
746 2272 1009 2310 subtrahendo
1034 2273 1191 2320 aliquod
1212 2274 1371 2318 bonum,

84 2334 151 2372 per
173 2324 278 2372 quod
306 2330 528 2373 compenset
557 2325 703 2362 bonum
735 2337 757 2362 a
785 2336 825 2362 se
844 2330 980 2363 contra
995 2326 1191 2373 justitiam
1215 2337 1370 2373 usurpa—

85 2382 180 2414 tum.
201 2378 344 2415 sufficit
363 2389 410 2415 ne
430 2378 477 2415 ad
508 2378 608 2416 hanc
625 2379 908 2423 reparationem
930 2378 1033 2422 quod
1054 2390 1140 2415 reus
1160 2378 1368 2416 voluntarie
