1584 2569
392 95 475 125 An.
503 95 558 123 111.
577 97 620 123 m:
638 96 886 123 Aucromruz
900 96 1038 122 §ocum
1291 96 1356 129 231

70 170 187 206 cietas
214 169 295 206 dari
321 172 449 217 potest
477 170 558 205 sine
582 169 735 217 publica
754 169 995 213 auctoritate,
1018 179 1103 216 quae
1128 174 1184 205 est
1201 170 1359 206 elemen-

71 228 154 259 tum
173 222 333 259 formale
358 222 556 259 conferens
581 223 769 259 unitatem
802 221 1043 258 multitudini
1071 223 1143 267 (49,
1172 222 1232 269 II).
1263 223 1359 270 Ergo

68 276 278 313 auctoritas
300 275 454 324 publica
478 286 544 312 seu
570 275 721 312 socialis
742 279 799 311 est
822 285 845 311 a
869 275 951 322 lege
979 279 1141 320 naturae,
1163 276 1261 312 sicut
1280 277 1362 324 ipsa

70 330 245 373 societaS,
265 339 343 365 non
359 332 489 364 autem
509 338 531 364 a
549 327 670 364 libero
688 328 892 364 hominum
913 331 1038 375 pacto.
1060 328 1170 370 Quod
1192 334 1321 365 autem
1342 342 1360 366 a

71 386 217 418 naturae
233 381 316 429 lege
336 385 405 426 est,
424 391 446 417 a
464 381 540 416 Deo
562 380 784 416 immediate
805 385 873 424 est,
897 380 1006 427 cujus
1032 380 1094 416 lex
1115 385 1265 417 naturae
1286 393 1362 418 non

69 439 126 470 est
144 435 217 470 nisi
243 434 485 481 participatio
507 433 580 480 (24,
608 434 651 478 1).
678 434 893 470 Auctoritas
919 433 1037 480 igitur
1064 433 1186 469 civilis
1216 439 1273 470 est
1291 436 1362 470 im-

71 487 234 524 mediate
254 487 378 522 aDec.
395 487 545 522 —Iiinc
564 486 746 534 praeclara
766 486 830 521 illa
844 486 964 531 Pauli,
983 486 1142 523 Roman.
1165 486 1262 531 XIII,
1285 498 1318 522 v.
1343 491 1357 522 ί

69 545 107 576 et
122 551 251 587 seqq.:
275 540 405 576 Omnis
431 540 563 576 anima
580 538 834 586 potestatibus
858 538 1150 575 sublimioribus
1178 539 1266 584 (hoc
1292 547 1361 585 est,

68 592 291 629 hominibus
317 592 355 627 in
382 592 636 639 potestatibus
668 591 899 635 constitutis,
923 595 966 626 ut
995 590 1047 626 ib.
1078 597 1363 628 commentatur

70 645 107 682 S.
138 645 318 690 Thomas)
347 644 502 681 subdita
530 645 593 680 sit.
621 645 708 681 Non
735 649 787 680 est
815 644 914 680 enim
927 648 1096 690 potestas
1116 646 1198 681 nisi
1216 656 1241 681 a
1268 647 1359 682 Deo.

69 697 160 743 Quoe
181 703 304 734 autem
331 702 432 742 sunt,
465 708 490 733 a
518 697 596 733 Deo
624 697 807 733 ordinata
829 701 929 733 sunt.
958 696 1104 744 Itaque,
1123 698 1192 744 qui
1216 700 1362 734 resistit

62 751 258 798 potestati,
278 750 352 786 Dei
372 750 616 786 ordinationi
638 750 796 786 resistit.

115 803 156 838 V.
174 803 437 839 corollarium.
465 802 554 838 Jure
573 803 691 850 igitur
708 803 923 849 meritoque
944 802 1153 839 damnatur
1173 804 1219 839 ab
1237 805 1361 841 Eccle-

67 856 124 892 sia
151 856 232 892 haec
256 856 483 903 propositio,
514 865 599 902 quae
626 856 665 891 in
694 855 845 902 Syllabo
874 856 931 891 Pii
958 856 1005 891 IX
1031 861 1087 892 est
1106 856 1192 893 LX:
1220 858 1360 894 Aucto-

67 909 166 944 ritas
196 908 302 944 nihil
339 908 451 944 aliud
475 913 541 953 est,
576 908 660 943 nisi
687 910 838 944 numeri
869 913 902 944 et
930 909 1191 945 materialium
1219 911 1362 946 virium

67 971 226 997 summa.

114 1015 175 1050 VI.
192 1015 358 1059 Quaestio
383 1015 520 1051 altera.
549 1014 800 1050 Difficultates
823 1024 910 1060 quae
936 1018 1071 1050 contra
1087 1019 1258 1051 nostram
1280 1016 1360 1052 the-

68 1067 141 1104 sim
171 1072 421 1115 opponuntur
449 1078 526 1103 non
559 1067 716 1114 praecise
741 1067 930 1113 originem
956 1067 1076 1114 ipsius
1106 1069 1360 1115 auctoritatis,

67 1119 133 1156 sed
151 1120 279 1167 potius
297 1119 507 1167 subjectum
527 1120 566 1155 in
587 1130 662 1166 quo
686 1120 895 1155 auctoritas
920 1120 1003 1166 ipsa
1026 1120 1168 1157 residet
1189 1126 1226 1156 et
1246 1132 1268 1158 a
1284 1132 1359 1169 quo

66 1173 232 1220 ipsamet
268 1176 465 1209 exercetur
500 1172 723 1219 respiciunt.
764 1171 869 1208 Unde
916 1171 964 1208 ad
1008 1172 1107 1209 hanc
1153 1174 1359 1212 secundam

67 1226 322 1272 quaestionem
349 1225 570 1261 solvendam
594 1223 816 1261 immediate
843 1224 1073 1261 accedimus.
1104 1226 1175 1268 Qui
1204 1232 1357 1274 pactum

66 1277 205 1314 sociale
222 1277 373 1323 docent,
394 1279 662 1314 auctoritatem
681 1277 877 1325 politicam
899 1288 944 1313 ex
964 1277 1094 1323 sociis,
1116 1283 1159 1314 ut
1178 1279 1359 1326 vidimus,

67 1330 262 1368 derivant:
291 1335 571 1377 consequenter
603 1331 642 1366 in
676 1329 923 1366 multitudine
951 1335 1144 1377 reponunt
1173 1331 1289 1369 veluti
1321 1333 1358 1369 in

65 1383 235 1430 subjecto
270 1382 449 1420 naturali
482 1383 752 1419 auctoritatem
782 1383 920 1430 ipsam,
950 1386 988 1418 et
1016 1392 1062 1418 ex
1087 1383 1174 1429 jure
1203 1384 1360 1431 quidem

67 1435 316 1481 inalienabili,
335 1446 395 1472 cul
416 1446 554 1483 nempe
574 1435 741 1483 populus
761 1446 838 1472 non
865 1439 991 1482 potest
1011 1437 1245 1473 renuntiare.
1266 1438 1360 1474 Hinc

67 1489 216 1525 theoria
229 1488 445 1536 majestatis
456 1489 662 1535 popularis
679 1500 744 1524 seu
756 1488 815 1524 det
828 1488 971 1535 popolo
988 1499 1164 1535 sovrano,
1184 1495 1227 1525 ut
1245 1491 1359 1538 vulgo

66 1541 220 1587 dicitur,
249 1552 326 1589 qua
352 1542 561 1589 saepissime
599 1542 636 1578 in
670 1540 875 1578 discrimen
899 1546 1057 1577 vocatur
1087 1542 1170 1589 ipsa
1202 1544 1359 1591 pacifica

68 1594 306 1631 conviventia
342 1594 506 1640 socialis,
544 1594 751 1641 omniaque
790 1594 1012 1630 turbulenta
1056 1599 1171 1642 atque
1215 1598 1358 1633 exitiali

3 1682 6 1685 .
68 1647 248 1687 anarchia
264 1648 576 1685 commiscentur.
601 1647 657 1683 Sit
677 1648 807 1694 itaque
828 1647 1036 1683 conclusio.

113 1701 191 1736 VII.
203 1701 427 1745 Multitudo,
440 1711 509 1737 seu
523 1702 700 1746 populus,
715 1710 792 1737 non
805 1704 1029 1746 potestesse
1050 1703 1300 1739 auctoritatis
1309 1705 1360 1740 ci-

67 1754 158 1789 vilis
169 1754 401 1800 subjectum.
413 1753 525 1798 Nota,
542 1754 687 1800 optime
704 1753 835 1797 lector,
854 1753 970 1789 verba
981 1754 1258 1790 conclusionis:
1281 1767 1356 1791 non

68 1816 165 1852 nego
194 1816 317 1852 neque
344 1805 566 1853 negandum
587 1810 643 1841 est
670 1805 938 1841 auctoritatem
968 1805 1118 1841 civilem
1145 1817 1225 1842 esse
1243 1808 1280 1844 in
1300 1819 1354 1844 εο-

68 1859 200 1895 cietate
218 1869 226 1893 :
245 1869 333 1894 cum
354 1858 456 1894 enim
478 1858 638 1894 societas
660 1857 815 1893 resultet
832 1867 878 1893 ex
898 1857 1146 1894 multitudine
1172 1863 1210 1894 et
1228 1865 1357 1896 aucto-

68 1912 193 1956 ritate,
211 1911 295 1948 haec
313 1912 526 1948 necessario
548 1909 685 1946 residet
707 1911 744 1946 in
760 1911 842 1957 ipsa
861 1910 1056 1956 societate,
1070 1915 1112 1946 ut
1124 1921 1169 1947 ex
1183 1913 1357 1950 terminis

67 1968 124 2000 est
148 1964 396 2000 manifestum
414 1976 423 2009 3
444 1963 510 2000 sed
542 1974 640 2011 nego
669 1962 963 2008 multitudinem,
985 1973 1051 1999 seu
1066 1964 1267 2010 populum,
1292 1977 1356 2002 seu

68 2017 164 2053 cives
177 2017 255 2053 sive
271 2015 422 2053 divisim
439 2016 514 2052 sive
527 2016 715 2052 collectim
733 2019 908 2063 sumptos
920 2025 1000 2052 esse
1019 2017 1265 2054 auctoritatis
1285 2029 1356 2065 pu-

71 2068 548 2116 blicoesubjectum.{1nhoc
565 2070 666 2104 enim
682 2068 846 2104 secundo
864 2078 978 2104 sensu
989 2069 1151 2116 quaestio
1167 2070 1355 2118 agitatum

69 2122 108 2157 in
127 2122 253 2169 primo
273 2132 386 2158 sensu
406 2120 512 2158 nulla
533 2122 707 2167 quaestio.
730 2140 775 2147 -
794 2120 985 2157 Probatur
1002 2121 1208 2157 conclusio.
1234 2122 1355 2171 Repu-

69 2179 162 2221 gnat
188 2185 269 2211 esse
297 2174 514 2221 subjectum
541 2174 660 2210 civilis
687 2173 927 2211 auctoritatis
955 2173 1064 2220 illud,
1085 2175 1144 2211 cui
1167 2182 1356 2224 repugnat

69 2227 302 2273 possibilitas
317 2226 517 2264 exercendi
541 2227 654 2263 talem
676 2227 969 2263 auctoritatem:
991 2237 1079 2264 cum
1106 2228 1209 2264 enim
1226 2234 1354 2265 aucto-

69 2279 162 2316 ritas
174 2280 223 2316 sit
233 2280 485 2317 essentialiter
501 2280 678 2316 ordinata
698 2278 745 2316 ad
761 2279 1050 2328 gubernandam
1064 2280 1340 2328 rempublicam

71 2333 151 2379 ejus
170 2332 385 2380 subjectum
402 2343 484 2371 esse
503 2343 581 2370 non
600 2337 740 2382 potest,
762 2333 864 2380 quod
879 2344 956 2369 non
968 2338 1094 2380 potest
1113 2345 1192 2370 esse
1209 2335 1354 2382 subjec-
