1584 2569
205 114 286 141 aar.
313 115 350 141 v.
369 115 413 140 nr:
435 114 582 140 orricns
595 115 637 140 m·
656 115 803 141 ruamus
817 115 1004 141 raucarum
1020 116 1058 141 nv
1071 116 1184 141 rinos
1281 109 1347 141 209

65 188 152 223 Haec
167 186 370 234 Apostolus
390 187 450 222 Ad
474 187 675 233 Ephesios,
693 188 753 231 vl,
775 189 797 223 4
826 200 834 232 ;
859 199 975 234 quam
1000 187 1212 224 doctrinam
1236 199 1347 224 auree

64 243 348 276 commentatur
365 239 580 286 Angelicus‚
603 240 702 276 Lect.
717 240 744 275 1.
767 240 806 275 in
821 241 910 287 Cap.
930 241 993 277 cit.
1014 240 1194 287 Epistolae
1217 251 1225 276 z
1245 255 1263 273 «
1277 241 1347 276 No-

67 291 328 336 tandumest,
358 292 496 338 inquit,
531 291 633 338 quod
664 292 761 328 alius
793 298 850 329 est
879 293 1115 340 principatus
1151 293 1269 339 patris
1300 292 1347 328 ad

64 345 200 390 filium,
228 349 265 380 et
290 343 438 381 domini
470 343 518 381 ad
549 355 700 381 servum
730 356 737 381 :
775 346 866 392 quia
890 345 1069 382 dominus
1095 346 1216 381 utitur
1242 356 1347 381 servo

64 409 132 435 suo
154 397 200 434 ad
221 397 428 434 utilitatem
449 398 659 445 propriam,
682 398 745 434 sed
764 403 870 446 pater
890 399 1013 434 utitur
1038 398 1117 434 filio
1138 398 1185 435 ad
1206 399 1349 434 utilita-

67 455 142 486 tem
172 449 253 485 filii.
281 449 327 485 Et
362 449 447 486 ideo
475 454 531 486 est
560 461 710 486 necesse
741 450 843 497 quod
873 455 1000 498 patres
1028 451 1220 487 instruant
1249 451 1349 486 filios

63 507 219 550 propter
237 502 443 538 utilitatem
464 513 587 547 suam,
608 514 686 538 non
704 507 832 539 tamen
856 504 970 540 nimis
990 503 1152 540 arcendo
1176 508 1241 539 aut
1261 504 1348 539 sub—

59 554 240 600 jiciendo.
252 553 390 591 Etddeo
402 554 543 591 dicitur
554 555 694 592 Coloss.
706 555 770 601 III,
785 556 919 592 Patres
929 556 1045 592 nolite
1053 556 1104 592 ad
1115 556 1348 602 indiynatio-

62 618 143 645 nem
148 618 359 655 provocare
367 607 471 655 filios
482 613 620 644 vestros
627 620 640 653 ;
653 613 695 644 ut
706 609 848 645 scilicet
858 620 933 645 non
946 608 1084 656 pusillo
1099 609 1227 645 animo
1240 610 1346 653 fiant,

64 661 153 707 quia
170 660 256 696 talis
277 661 496 707 provocatio
514 672 592 697 non
612 661 759 697 animat
777 661 823 697 ad
839 662 998 698 bonum.
1016 661 1216 703 Quomodo
1235 663 1348 709 ergo?

63 712 200 749 Subdit
222 723 230 748 τ
249 712 324 749 Sed
342 713 495 750 educate
507 713 594 750 illos
615 714 655 750 in
670 714 896 760 disciplina,
915 715 1058 751 scilicet
1079 714 1296 759 verberum,
1312 718 1350 750 et.

63 766 309 812 correptione,
329 765 471 801 scilicet
488 766 689 801 verborum
705 766 765 802 :id
777 771 845 810 est,
864 767 1043 814 corripite
1054 778 1118 803 eos
1137 770 1174 802 et
1191 766 1349 802 educate

62 823 105 854 ut
125 819 290 854 serviant
306 818 484 854 Domino.
506 819 584 863 Vel,
607 819 649 855 in
674 819 897 866 disciplina,
922 830 986 856 eos
1009 818 1056 856 ad
1074 820 1218 855 bonum
1240 818 1349 854 indu-

62 869 201 916 cendo3
222 874 260 907 et
273 871 521 917 correptione,
538 882 560 907 a
576 871 688 908 malis
701 872 939 909 retrahendo.
957 885 974 906 ))
989 872 1036 908 Ut
1047 876 1176 908 autem
1194 872 1350 908 moralis

62 923 236 960 educatio
266 923 476 960 efficaciam
506 924 658 968 habeat,
689 934 840 962 necesse
875 929 931 961 est
966 929 1009 961 ut
1044 929 1219 972 parentes
1252 925 1351 971 seip-

63 987 124 1012 sos
152 976 344 1013 bonorum
372 986 533 1024 operum
562 977 760 1024 praebeant
788 977 878 1013 filiis
915 978 1158 1024 exemplum3
1191 987 1281 1012 nam
1310 977 1349 1013 in

62 1029 109 1065 iis
142 1038 228 1076 quae
259 1039 386 1066 mores
420 1030 642 1077 respiciunt,
679 1030 803 1077 magis
837 1033 992 1067 movent
1026 1029 1201 1077 exempla
1234 1039 1348 1076 quam

62 1081 176 1117 verba

115 1134 176 1170 v1.
205 1134 386 1179 Quaestio‚
404 1135 450 1169 At
470 1133 531 1170 hic
548 1139 725 1171 movetur
750 1135 913 1181 quaestio
932 1134 1159 1183 gravissima
1187 1134 1232 1170 de
1255 1134 1349 1181 juri-

61 1187 132 1222 bus
164 1187 356 1222 societatis
384 1186 504 1223 civilis
542 1187 642 1223 circa
670 1187 937 1223 educationem
972 1187 1141 1223 filiorum
1171 1187 1346 1223 familias.

62 1240 184 1281 Quam
205 1240 460 1286 quaestionem
486 1243 528 1275 ut
558 1239 723 1276 dilucide
752 1240 958 1285 solvamus,
986 1240 1039 1276 sic
1064 1240 1346 1287 proponimus:

63 1291 192 1328 Status
221 1291 340 1328 civilis
366 1291 482 1328 habet
511 1302 558 1328 ne
580 1292 644 1338 jus
671 1291 830 1339 cogendi
860 1292 1155 1340 patresfamilias
1181 1291 1229 1328 ad
1259 1292 1350 1327 edu—

62 1343 203 1381 candos
227 1344 404 1392 proprios
433 1343 546 1389 filios,
580 1345 632 1380 ita
659 1348 700 1380 ut
728 1345 782 1381 eis
802 1343 892 1381 solis
913 1344 1053 1381 scholis
1080 1349 1239 1380 utantur
1257 1354 1352 1390 quas

62 1397 142 1444 ipse
163 1396 292 1433 Status
312 1397 448 1443 aperit,
473 1401 509 1432 et
529 1407 593 1433 eos
613 1396 844 1444 prohibendi
874 1397 1081 1444 quominus
1101 1397 1295 1444 magistris
1314 1400 1351 1432 et

63 1448 203 1485 scholis
219 1459 242 1485 a
265 1459 304 1485 se
322 1449 476 1486 delectis
496 1450 673 1497 proprios
690 1449 789 1485 filios
809 1449 1006 1485 confidant
1026 1450 1042 1485 ‘t
1069 1449 1244 1485 Utiturne
1271 1449 1350 1484 Sta-

64 1508 139 1546 tus,
158 1502 211 1538 sic
231 1501 394 1549 agendo,
413 1502 500 1550 jure
521 1513 604 1547 suo,
628 1502 688 1538 vel
710 1503 884 1538 abutitur
898 1507 935 1538 et
951 1502 1158 1550 laeditjura
1178 1506 1350 1549 paterna,

61 1559 98 1590 et
124 1558 401 1602 consequenter
422 1555 511 1602 jura
534 1556 712 1591 naturae?
740 1555 1039 1591 Rationalismus
1068 1555 1246 1602 politicus
1270 1566 1351 1590 sus-

66 1608 161 1643 tinet
186 1608 250 1655 jus
270 1606 431 1644 docendi
452 1612 489 1644 et
508 1607 722 1644 instruendi
750 1607 798 1643 ad
824 1608 975 1644 Statum
1002 1608 1192 1655 pertinere
1214 1619 1223 1644 :
1251 1607 1351 1643 unde

64 1660 218 1706 cousin,
238 1660 620 1707 citatusaTaparelli,
638 1660 784 1707 Saqyio
795 1661 839 1697 di
854 1660 990 1697 diritto
1004 1661 1194 1706 naturale,
1207 1671 1244 1696 n.
1263 1662 1352 1696 1570

64 1713 103 1748 in
128 1716 234 1758 nota,
265 1713 464 1760 principiis
493 1713 609 1757 hujus
637 1714 895 1749 rationalismi
930 1714 1125 1758 insistens,
1160 1714 1199 1749 in
1233 1713 1352 1760 Ephe-

63 1765 209 1801 meride
229 1765 279 1801 les
293 1765 434 1801 De'bats
455 1766 489 1811 (4
510 1765 597 1801 Maii
619 1766 722 1810 1844)
742 1765 931 1802 exclamat
953 1776 962 1801 ι
987 1780 1003 1798 ι
1022 1765 1152 1802 Status
1162 1767 1226 1812 jus
1238 1766 1353 1801 habet

63 1816 282 1853 conferendi
299 1821 526 1864 potestatem
547 1817 709 1853 docendi
733 1829 741 1862 ;
763 1828 854 1854 nam
871 1817 1006 1854 docere
1026 1828 1104 1853 non
1131 1822 1187 1853 est
1203 1819 1267 1864 Jus
1287 1828 1354 1853 na·

66 1870 200 1915 turale,
225 1869 292 1906 sed
317 1874 373 1906 est
398 1869 558 1906 facultas
579 1869 732 1917 publica
749 1873 786 1906 et
803 1870 967 1906 socialis.
991 1884 1006 1904 ι
1033 1890 1077 1896 -
1103 1870 1197 1906 Hinc
1222 1880 1354 1906 mono-

65 1922 168 1969 polia
186 1922 467 1968 universitaria,
488 1931 654 1969 quorum
666 1922 748 1969 ipse
766 1922 907 1958 cousin
928 1922 1187 1969 patrocinium
1204 1933 1355 1969 semper

64 1975 242 2023 suscepit.
268 1979 307 2012 et
325 1979 612 2023 prosequuntur
639 1975 782 2022 publici
810 1985 1056 2022 oppressores
1076 1975 1211 2023 patriae
1231 1979 1355 2022 potes-

67 2028 166 2063 tatis.

110 2081 190 2117 VII.
217 2082 485 2119 Praenotamen
516 2081 696 2127 primum.
730 2081 854 2117 Statui
876 2081 941 2128 Jus
973 2080 1090 2117 simul
1108 2084 1147 2118 et
1182 2080 1353 2117 officium

66 2132 188 2169 inesse
207 2134 439 2180 procurandi
458 2133 584 2170 media
606 2134 756 2182 aptiora
781 2132 829 2170 ad
850 2132 1119 2170 educationem
1144 2137 1228 2169 tum
1245 2134 1354 2170 intel·

66 2185 266 2222 lectualem
287 2197 374 2223 cum
406 2186 606 2232 moralem,
634 2191 748 2234 negat
779 2186 949 2233 profecto
978 2197 1107 2223 nemo.
1134 2186 1229 2223 Cum
1250 2187 1353 2222 enim

68 2236 107 2274 in
135 2239 356 2275 societatem
385 2238 628 2275 formandam
658 2238 815 2275 familiae
844 2239 1073 2275 conveniant
1098 2243 1142 2275 ut
1169 2238 1313 2275 auxilia
1331 2248 1356 2274 a

69 2292 345 2328 communitate
372 2291 553 2337 habeant,
583 2302 670 2338 quae
702 2291 793 2328 solae
810 2295 877 2328 aut
896 2291 1002 2328 nullo
1021 2291 1138 2328 modo
1164 2295 1231 2327 aut
1258 2300 1354 2326 non-

71 2344 144 2380 nisi
163 2344 382 2392 imperfecte
413 2345 453 2381 in
482 2350 666 2394 promptu
686 2344 826 2382 habere
854 2349 1035 2393 possunt;
1055 2354 1208 2382 necesse
1235 2347 1292 2381 est
1312 2346 1356 2380 ut
