1584 2569
69 109 149 135 Aur.
173 109 228 135 m.
256 108 300 134 DE
318 108 541 133 uA'rRlffiONxo
569 108 603 132 IN
623 106 822 133 RELATIONE
843 106 911 131 CUM
932 103 1129 130 POTESTATE
1146 103 1251 128 ClVlLl
1273 93 1338 126 197

52 185 90 217 et
109 182 154 216 fit
173 181 321 216 firmior
341 181 440 216 inter
459 180 592 216 affines
616 179 782 216 dilectio.
803 199 848 204 —
868 177 1071 213 Tolluntur
1089 176 1206 212 etiam
1234 174 1339 209 adul-

54 235 238 270 teriorum
260 233 490 278 occasiones,
509 243 595 280 quae
616 232 799 268 darentur
818 231 848 267 si
874 231 933 266 vir
958 239 1119 266 uxorem
1145 228 1340 264 dimittere

55 291 195 334 posset,
226 290 294 322 aut
321 296 419 321 uxor
450 289 578 333 posset
611 285 805 321 dimittere
833 284 989 319 virum:
1033 293 1100 329 per
1127 280 1201 317 hoc
1239 281 1341 315 enim

55 340 212 376 daretur
229 339 291 375 via
309 338 458 375 facilior
475 338 706 374 sollicitandi
727 336 976 373 matrimonia
996 335 1133 371 aliena.

101 393 280 427 Attamen
297 396 340 427 ut
362 391 421 427 lv.
442 392 551 436 Dist.,
573 390 656 427 loco
683 391 748 436 cit,
773 391 811 425 in
838 389 1084 436 responsione
1111 387 1159 423 ad
1182 388 1213 431 1,
1242 385 1343 421 idem

58 445 95 481 S.
116 446 258 481 Doctor
279 449 401 489 notat,
426 458 443 477 «
472 444 559 480 Sola
578 444 639 480 lex
657 444 797 480 Christi
821 442 868 478 ad
894 442 1105 490 perfectum
1129 440 1344 476 humanum

59 509 178 546 genus
206 497 380 542 adduxit,
402 496 586 533 reducens
615 496 709 532 illud
738 497 776 532 in
808 500 952 531 statum
975 494 1152 529 novitatis
1181 497 1343 528 naturae.

61 550 166 587 Unde
198 555 236 586 et
259 551 297 586 in
322 550 405 598 lege
437 550 554 598 Moysi
593 555 630 585 et
656 550 694 585 in
727 549 876 597 legibus
902 548 1081 583 humanis
1116 557 1194 582 non
1222 546 1348 593 potuit

58 605 188 650 (neque
195 604 331 650 potest)
349 607 475 639 totum
493 603 633 639 auferri
651 601 754 649 quod
776 605 910 638 contra
929 600 1053 647 legem
1073 604 1221 636 naturae
1240 602 1322 634 erat
1338 608 1345 631 :

60 656 133 693 hoc
162 657 265 692 enim
296 656 367 691 soli
393 656 468 703 legi
493 656 651 703 spiritus
676 660 714 692 et
734 655 823 691 vitae
846 658 1080 691 reservatum
1113 657 1182 688 est.
1205 666 1223 685 »
1256 652 1348 693 Quae

60 709 176 745 verba
201 710 433 745 sanctissimi
457 710 631 745 Doctoris
655 708 823 756 lugenda
846 708 1082 754 experientia
1111 710 1242 742 nostra
1276 705 1350 751 ple-

62 763 219 799 nissime
233 763 536 798 confirmantur:
559 767 704 809 quanto
722 762 826 798 enim
848 761 971 807 magis
991 760 1107 807 leges,
1127 769 1193 794 seu
1214 758 1351 793 melius

62 815 291 862 corruptelae
311 815 438 851 civiles
457 815 775 852 sacramentalem
801 814 1029 861 dignitatem
1051 817 1088 847 et
1107 811 1352 859 significatio-

64 879 152 905 nem
182 872 378 915 perpetuae
398 869 681 916 conjunctionis
710 867 851 904 Christi
878 878 965 903 cum
988 865 1164 909 Ecclesia,
1193 863 1240 900 ad
1268 874 1353 909 quae

64 921 238 958 Christus
257 921 551 957 matrimonium
580 921 717 965 evexit,
739 921 786 956 ab
818 921 900 966 ipso
930 918 1180 954 matrimonio
1207 917 1356 953 auferre

66 974 294 1018 moliuntur,
322 977 359 1009 et
384 978 427 1009 ut
445 984 597 1010 merum
617 977 859 1010 contractum
885 972 1034 1009 civilem
1067 972 1194 1018 ipsum
1224 970 1357 1015 matri-

66 1026 242 1063 monium
280 1025 538 1072 considerant3
575 1030 683 1062 tanto
723 1026 847 1072 magis
885 1024 1026 1060 vinculi
1061 1021 1358 1059 matrimonialis

68 1078 400 1125 indissolubilitas,
419 1081 536 1116 etiam
555 1083 670 1126 prout
686 1084 742 1115 est
760 1079 797 1114 in
816 1079 937 1125 ipsius
951 1082 1099 1113 naturae
1117 1076 1358 1123 praescripto,

69 1134 109 1169 in
126 1131 332 1168 discrimen
359 1133 533 1177 vertitur,
552 1143 640 1168 eum
654 1132 826 1167 maximo
842 1130 1073 1166 detrimento
1092 1129 1195 1176 pacis
1210 1127 1359 1163 domes—

69 1187 157 1222 tieae
177 1189 215 1221 et
235 1185 398 1221 socialis.

118 1240 240 1286 Atque
265 1249 332 1287 per
351 1239 434 1275 haec
456 1239 658 1275 solvuntur
684 1237 920 1284 obJectiones
940 1236 1248 1272 adversariorum
1275 1244 1361 1279 quae

71 1303 206 1329 omnes
223 1296 408 1341 petuntur
426 1292 484 1328 vel
499 1302 522 1327 a
538 1291 761 1328 confusione
782 1290 884 1326 illius
904 1288 1008 1335 quod
1029 1293 1086 1324 est
1101 1298 1171 1334 per
1187 1286 1363 1323 accidens

71 1356 160 1382 cum
183 1357 227 1382 eo
251 1345 354 1394 quod
375 1349 433 1382 est
445 1355 518 1392 per
540 1356 579 1380 se
604 1344 643 1379 in
672 1343 942 1387 matrimonio;
973 1341 1034 1377 vel
1062 1352 1084 1376 a
1122 1339 1364 1387 perversione

74 1403 223 1435 naturae
252 1402 471 1436 contractus
500 1396 812 1440 matrimonialis,
840 1406 917 1431 non
945 1392 1223 1430 considerando
1253 1392 1365 1438 finem

74 1452 123 1487 ob
145 1463 259 1499 quem
277 1451 571 1488 matrimonium
592 1449 842 1486 constituitur
863 1452 1084 1484 contractus
1109 1448 1168 1482 sui
1193 1444 1364 1492 yeme-is,-

77 1505 135 1540 vel
155 1505 318 1553 denique
335 1516 382 1541 ex
401 1503 688 1552 separabilitate
712 1502 789 1538 tori
811 1500 859 1538 ad
885 1499 1124 1548 arguendam
1151 1497 1364 1534 dissolutio-

78 1568 166 1595 nem
182 1558 325 1595 vinculi
346 1568 355 1594 :
377 1556 482 1605 quod
502 1561 559 1593 est
579 1555 791 1603 sophisma.

477 1661 735 1699 fflTlcULUs
767 1659 963 1696 TERTms

686 1751 758 1795 (44)

213 1835 269 1871 De
285 1834 532 1870 matrimonio
553 1834 595 1868 in
611 1831 796 1868 relatione
811 1841 896 1867 cum
910 1833 1095 1877 potestate
1120 1827 1243 1864 civili.

133 1930 162 1968 1.
185 1929 439 1966 Coronarium
456 1927 639 1974 principii
656 1925 895 1962 hobbesiani.
917 1923 1045 1959 Posito
1067 1920 1256 1968 principio
1271 1917 1372 1965 quoa]

84 1982 218 2030 regula
231 1982 371 2018 boniet
389 1981 496 2026 mali,
510 1980 605 2027 justi
618 1983 655 2015 et
674 1977 820 2024 injusti,
843 1975 994 2012 honesti
1015 1978 1053 2011 et
1076 1972 1284 2016 inhonesti,
1311 1972 1373 2013 sit,

85 2036 196 2083 juxta
220 2035 468 2079 Hobbesium,
488 2033 549 2070 lex
568 2032 688 2068 civilis
715 2032 787 2076 (10,
818 2029 880 2074 ΙΙ),
910 2032 1079 2076 potestas
1099 2025 1217 2062 civilis
1235 2025 1375 2060 eonsti-

86 2089 210 2125 tuitur
227 2086 487 2135 independens
503 2097 526 2123 a
544 2093 786 2133 quacumque
808 2083 889 2129 lege
914 2086 997 2117 tum
1025 2078 1191 2116 naturali
1213 2082 1295 2113 tum
1323 2076 1375 2111 di-

87 2141 189 2187 vina,
215 2145 254 2177 et
277 2150 395 2188 supra
412 2139 612 2176 hominem
635 2136 806 2185 ponitur,
836 2139 874 2170 et
897 2133 983 2170 loco
1013 2132 1081 2169 Dei
1114 2130 1375 2168 constituitur.

88 2194 182 2230 Hinc
215 2192 449 2231 Statolatria
477 2197 514 2228 et
545 2188 829 2238 omnipotentia
854 2186 1008 2230 Status,
1035 2184 1084 2222 ad
1108 2184 1218 2231 cujus
1238 2187 1377 2218 nutum

87 2246 231 2283 nedum
246 2246 349 2294 leges
366 2245 662 2294 promulgantur
674 2247 712 2279 et
728 2241 964 2285 sanciuntur,
987 2237 1053 2276 sed
1070 2236 1275 2275 moralitas
1296 2236 1378 2282 ipsa

86 2310 134 2335 ex
153 2299 312 2335 arbitrio
338 2298 468 2335 civilis
487 2296 689 2345 potestatis
715 2293 904 2342 dependet
924 2297 962 2328 et
981 2290 1242 2333 constituitur,
1265 2289 1378 2335 juxta

86 2352 316 2389 recentiores
342 2351 519 2400 politicos
540 2348 801 2391 rationalita53
838 2346 903 2383 sed
934 2345 1023 2382 hinc
1050 2343 1175 2381 verius
1196 2341 1375 2377 interitus
