1584 2569
422 98 501 125 nr.
531 97 582 123 ιν.
611 96 655 122 ne
679 96 763 122 mne
788 97 1042 124 PROPRlBrAns
1314 90 1378 125 167

88 172 165 208 sive
196 171 325 215 tacito,
353 173 396 206 ut
423 169 504 206 vult
536 169 769 215 Heineccius,
800 168 872 205 hac
897 169 936 205 in
965 180 1019 214 re,
1053 169 1151 206 sicut
1180 170 1219 206 in
1248 170 1379 207 multis

88 224 186 268 aliis,
208 221 409 258 adhaerens
434 221 694 258 Puffendorfio
715 225 753 257 et
775 221 920 257 Grotio.
941 221 1008 257 Jus
1031 222 1135 258 enim
1159 223 1378 270 possidendi

32 314 38 318 ,
87 276 328 313 connectitur
356 284 444 311 cum
477 275 569 322 ipsis
600 273 752 322 Juribus
788 274 1072 322 personalitatis
1108 274 1304 321 humanae,
1338 282 1380 312 ut

88 328 357 377 probavimus3
383 327 554 364 officium
581 331 710 363 autem
738 326 932 364 dividendi
955 327 1058 364 bona
1084 328 1236 365 stabilia
1258 330 1381 364 oritur

88 393 134 418 ex
156 381 324 418 naturali
350 379 477 417 officio
501 381 751 417 conviventiae
775 380 956 427 pacificae,
983 390 1069 427 quae
1092 391 1180 417 cum
1208 392 1253 418 ex
1276 382 1380 427 facto

88 446 166 471 non
194 434 382 470 habeatur
415 434 487 469 nisi
520 432 650 470 divisis
682 434 994 482 proprietatibus,
1027 433 1125 470 hanc
1154 435 1380 471 divisionem

85 489 149 535 J'us
179 487 352 535 gentium
382 487 549 534 imponit
580 491 622 522 ut
652 486 837 531 officium,
868 490 983 534 prout
1017 487 1305 534 explicavimus.
1337 508 1380 513 —

88 541 204 576 Miror
223 544 353 576 autem
371 539 676 576 eruditissimum
697 544 873 576 nostrum
900 539 1037 576 Roselli
1060 540 1259 577 Heineccio
1280 540 1380 577 aliis-

89 603 163 639 que
189 592 260 628 hac
283 593 321 628 in
345 603 385 627 re
411 593 608 629 assentire.
633 592 777 629 Ethica
795 593 864 634 Qu.
894 592 954 638 VI,
979 594 1093 629 Artic.
1124 593 1155 629 11
1180 598 1217 630 et
1238 594 1302 637 111,
1330 598 1380 637 et,

89 644 193 692 quod
219 645 342 693 magis
369 649 438 689 est,
464 649 592 681 tenere
613 645 712 681 hanc
737 656 847 681 suam
868 646 1098 682 sententiam
1120 658 1199 682 esse
1224 646 1260 682 S.
1284 647 1381 682 Tho-

88 707 176 734 mae.
213 697 354 733 Verum
388 707 504 733 causa
538 698 677 733 erroris
713 703 769 733 est
803 699 842 733 in
878 708 955 734 non
988 698 1260 746 distinguendo
1297 709 1381 746 quae

90 751 128 786 S.
158 749 324 786 Thomas
354 750 572 786 cautissime
599 751 637 785 in
664 751 825 787 articulo
852 751 968 787 citato
996 751 1228 799 distinguit:
1259 754 1295 787 10
1320 752 1382 798 jus

90 801 324 851 possidendi,
343 807 381 838 et
401 802 474 839 hoc
490 802 583 839 dicit
609 814 688 839 esse
709 804 747 839 in
769 804 925 840 homine
952 804 996 840 de
1014 805 1103 849 jure
1129 809 1278 841 naturae
1298 816 1305 840 :
1335 804 1382 841 ad

79 866 176 904 *quae
192 856 306 892 verba
326 866 403 891 non
423 855 588 892 attendit
608 856 759 901 Roselli,
782 867 905 904 neque
927 857 972 893 de
990 858 1081 905 ipsis
1099 857 1156 893 vel
1179 858 1381 894 minimam

89 909 180 947 facit
196 909 457 953 mentionem;
478 928 524 935 —
545 910 582 944 2⁰
599 910 866 946 necessitatem
887 921 953 946 seu
970 911 1157 958 officium,
1176 915 1213 947 et
1234 910 1306 947 hoc
1327 910 1381 946 di-

83 958 142 998 'cit
158 972 238 998 esse
257 972 303 998 ex
313 962 402 1007 jure
421 972 487 997 seu
511 972 557 997 ex
578 962 750 998 condicto
776 963 962 1010 gentium,
984 973 1061 999 non
1081 968 1212 999 autem
1233 975 1278 1000 ex
1295 964 1382 1010 jure

89 1018 265 1052 naturae:
293 1018 332 1049 et
351 1013 423 1050 hoc
449 1014 730 1061 sapientissime
754 1014 900 1051 dictum
926 1020 996 1051 est.
1027 1014 1133 1051 Unde
1155 1016 1193 1052 S.
1216 1015 1381 1052 Thomas

90 1067 253 1104 mirifice
273 1077 354 1103 sese
377 1066 594 1114 explicavit,
623 1066 895 1115 distinguendo
923 1068 962 1104 in
986 1069 1198 1114 quaestione
1224 1068 1270 1104 de
1291 1068 1383 1104 divi-

89 1121 196 1156 sione
225 1120 505 1167 proprietatum
525 1121 594 1165 jus
621 1124 658 1156 et
684 1121 870 1168 officium,
900 1125 937 1157 et
963 1122 1162 1168 utriusque
1193 1121 1382 1157 diversam

91 1171 322 1220 assignando
352 1172 573 1219 originem:
605 1172 670 1208 sed
700 1173 839 1210 Roselli
863 1175 929 1218 J'us
962 1178 999 1210 et
1027 1174 1201 1221 officium
1228 1174 1383 1211 confun-

90 1225 198 1269 dens,
221 1225 422 1260 veritatem
443 1224 553 1271 plene
573 1235 651 1260 non
672 1229 728 1261 est
747 1230 942 1262 assecutus
971 1229 1008 1261 et
1024 1231 1194 1262 mentem
1223 1226 1259 1262 S.
1285 1226 1383 1262 Tho-

91 1287 165 1313 mae
187 1277 381 1324 pervertit.

140 1329 398 1366 Corollarium
418 1330 582 1366 tertium.
601 1330 700 1378 Ergo
719 1331 824 1366 nulla
838 1331 1009 1368 humana
1028 1332 1238 1368 auctoritas
1255 1336 1383 1379 potest

90 1383 148 1419 vel
161 1382 323 1418 minimo
342 1383 489 1429 privato
503 1383 567 1430 J'us
584 1384 807 1430 acquirendi
825 1384 980 1420 stabiles
999 1385 1252 1432 proprietates
1270 1384 1382 1421 denc-

72 1463 75 1464 7
93 1446 195 1482 gare,
223 1435 314 1481 quia
332 1435 393 1470 lex
413 1435 585 1472 humana
605 1447 682 1472 non
710 1441 765 1472 est
785 1447 901 1484 supra
917 1438 1006 1484 jura
1026 1442 1175 1473 naturae
1198 1439 1270 1483 (25,
1297 1437 1356 1482 IX)
1373 1449 1380 1482 ;

91 1492 129 1524 et
147 1487 274 1536 posito
296 1487 400 1535 quod
421 1489 674 1536 proprietates
694 1490 771 1525 sint
790 1489 961 1536 legitime
982 1489 1027 1525 de
1048 1490 1148 1526 facto
1169 1490 1381 1538 acquisitae,

87 1551 165 1576 non
178 1544 302 1587 potest
320 1539 415 1587 ipsis
429 1540 623 1588 expoliare
638 1540 887 1576 individuum
904 1541 964 1576 vel
982 1541 1261 1588 particularem
1277 1552 1378 1578 com-

87 1593 336 1639 munitatem,
359 1593 449 1639 quia
470 1592 628 1629 laederet
649 1593 779 1641 ipsum
797 1593 860 1640 jus
879 1597 1030 1630 naturae
1051 1594 1092 1629 in
1113 1604 1183 1629 suo
1205 1594 1376 1640 legitimo

87 1646 282 1682 exercitio.
303 1666 350 1672 —
369 1646 445 1682 Sed
470 1646 633 1694 insuper
658 1646 766 1682 nulla
794 1646 855 1682 lex
878 1646 1050 1682 humana
1074 1651 1198 1694 potest
1225 1647 1377 1683 sancire

87 1700 406 1736 communitatem
424 1701 704 1747 proprietatum
725 1702 825 1736 inter
844 1701 943 1736 cives
960 1711 969 1736 :
993 1702 1029 1735 1⁰
1049 1701 1139 1746 quia
1159 1699 1219 1735 lex
1246 1699 1378 1735 huma-

88 1763 138 1788 na
156 1763 233 1787 non
260 1756 384 1799 potest
408 1751 612 1798 prohibere
633 1753 857 1788 exercitium
875 1753 973 1799 juris
999 1752 1184 1788 naturalis
1205 1752 1276 1787 nisi
1308 1751 1378 1786 hoc

88 1804 314 1841 exercitium
330 1808 502 1851 vergeret
516 1805 718 1840 manifeste
739 1806 777 1840 in
799 1805 1075 1840 detrimentum
1094 1805 1185 1840 boni
1206 1815 1378 1840 commu—

89 1857 148 1893 nis
173 1857 390 1901 societatis3
422 1859 459 1892 2⁰
487 1857 578 1903 quia
607 1858 644 1892 in
672 1858 852 1904 praesenti
881 1868 1009 1893 rerum
1036 1856 1255 1893 conditione
1285 1856 1378 1892 illud

90 1910 314 1948 exercitium
331 1911 430 1957 juris
451 1915 581 1958 aperte
601 1911 768 1958 exigitur
787 1921 809 1946 a
826 1911 1022 1947 communi
1047 1910 1148 1946 bono
1172 1910 1377 1955 societatis,

89 1968 126 1999 ct
151 1964 432 2011 proprietatum
461 1964 719 1999 communitas
748 1964 1005 1999 contrariatur
1031 1963 1136 2009 facto
1169 1964 1373 2007 constanti,

90 2015 309 2061 universali,
328 2020 443 2063 atque
466 2016 665 2052 moraliter
686 2016 918 2052 immutabili
943 2016 1131 2053 ordinatae
1151 2020 1188 2052 et
1211 2016 1378 2063 pacificae

90 2069 350 2114 conviventiae,
385 2079 501 2115 quam
532 2070 628 2105 tueri
658 2074 695 2105 et
731 2079 808 2105 non
842 2069 1036 2105 destruere
1065 2069 1166 2116 leges
1199 2068 1379 2105 humanae

91 2122 333 2158 strictissimo
355 2121 482 2158 officio
504 2126 694 2157 tenentur.

137 2174 198 2211 VI.
218 2174 269 2210 De
287 2174 610 2211 determinatione
626 2174 826 2211 individua
841 2175 937 2221 iuris
950 2176 1214 2220 proprietatis.
1232 2175 1309 2210 Hoc
1325 2179 1382 2211 est

94 2227 256 2262 alterum
286 2227 518 2263 elementum
549 2227 772 2273 quaestionis
808 2227 853 2263 de
885 2228 1129 2275 proprietate,
1167 2232 1209 2263 ut
1236 2227 1380 2263 dictum

97 2282 152 2314 est
170 2279 209 2314 in
229 2279 364 2326 quinto
388 2280 679 2326 praenotamine.
701 2281 814 2327 Atqui
835 2280 881 2316 de
901 2280 1001 2317 facili
1022 2285 1181 2329 apparet
1205 2280 1304 2317 hanc
1324 2280 1382 2316 vel

98 2330 203 2368 illam
238 2331 534 2369 determinatam
575 2333 847 2380 proprietatem
890 2343 966 2369 non
1009 2344 1089 2370 esse
1130 2333 1382 2370 essentialiter
