1554 2569
487 127 569 154 Αιιτ.
598 127 637 153 11.
666 126 709 152 mi
734 125 824 151 Luca
848 126 996 151 AETERNA
1322 119 1388 153 103

99 204 231 247 ceptus
251 199 367 236 habet
388 198 579 235 rationem
603 198 698 245 legis
725 202 878 233 aeternae
899 196 1110 233 secuudum
1137 196 1240 244 quod
1267 208 1289 233 a
1311 198 1387 233 Deo

100 253 301 289 ordinatur
319 251 368 288 ad
391 251 712 299 gubernationem
735 260 865 286 rerum
881 250 929 286 ab
956 250 1039 297 ipso
1059 250 1302 297 cognitarum
1321 263 1329 295 3
1352 256 1388 286 et

101 305 192 352 quia
218 308 424 352 conceptus
455 303 518 340 ille
543 303 668 339 Verbo
698 302 827 339 divino
854 302 1098 349 exprimitur,
1131 302 1215 338 haec
1245 307 1389 339 aeterna

101 357 294 405 expressio
318 360 376 392 est
398 359 553 393 aeternae
575 354 669 403 legis
696 359 841 391 aetcrna
865 354 1140 402 promulgatio.
1166 354 1243 391 Lex
1271 355 1389 403 igitur

102 415 246 446 aeterna
264 410 385 446 active
404 412 576 456 spectata
597 419 664 444 seu
683 412 872 454 quatenus
892 411 949 443 est
968 407 1008 442 in
1028 407 1217 454 principio
1242 406 1387 452 divino,

102 467 246 499 aeterna
259 472 389 498 revera
398 466 468 506 est,
484 465 527 496 ut
541 460 732 497 ordinatio
748 464 785 497 et
801 465 844 496 ut
859 459 1133 507 promulgatio.
1149 461 1195 496 At
1217 471 1294 497 non
1310 466 1389 497 erat

103 515 150 551 ab
169 520 312 551 aeterno
339 518 526 558 creatura,
554 514 614 550 cui
637 513 698 549 Iex
720 513 984 560 imponeretur
1004 524 1014 558 ;
1039 523 1131 560 ergo
1157 513 1320 560 passive,
1344 524 1389 549 ex

103 572 210 616 parte
228 577 366 614 nempe
382 570 566 603 creaturae
593 565 783 602 audientis
807 569 874 601 aut
893 565 1144 613 inspicientis,
1165 565 1226 601 lex
1247 571 1390 602 aeterna

103 631 181 657 non
200 620 337 657 habuit
353 623 538 656 aeternam
548 619 913 666 promulgationem.
926 617 1104 654 Breviter.
1116 617 1260 655 Eodem
1271 618 1391 655 ferme

60 695 63 699 -
103 672 220 709 modo
247 671 452 709 dicendum
475 676 532 708 est
552 671 598 707 de
617 671 700 719 Iege
727 675 871 707 aeterna
893 681 936 707 ac
961 669 1008 706 de
1034 675 1178 707 aeterna
1199 671 1394 708 creatione

106 726 160 771 (C.
178 727 213 770 9,
229 725 308 770 111).
328 745 373 751 —
391 724 506 760 Artic.
525 724 588 760 cit.
608 724 647 759 in
665 723 777 760 solut.
797 728 1116 770 aryumentorum.

151 778 217 814 ΠΙ.
236 778 347 824 Legis
367 780 524 813 aeternae
543 780 686 813 natura
705 786 753 813 ex
773 776 796 813 S
821 776 977 814 Thema.
999 776 1202 824 Angelicus
1228 775 1398 814 dilucide·

105 835 221 877 atque
244 829 432 877 profunde
453 828 664 865 edisserens
684 828 731 864 de
758 828 888 865 divina
904 829 1053 865 ratione
1073 829 1206 865 omnia
1225 835 1391 873 creante,

106 887 144 919 et
168 884 300 919 omnia
323 882 573 930 gubernante,
596 886 774 918 naturam
798 881 892 929 legis
912 885 1067 917 aeternae
1091 892 1170 928 prae
1191 882 1310 918 oculis
1330 894 1398 930 po,

106 937 177 972 nit.
197 936 253 971 En
278 936 360 982 ejus
387 935 504 971 verba
531 945 539 970 ι
567 948 583 967 ε
613 934 718 970 Sicut
744 935 782 969 in
807 934 980 981 quolibet
1008 934 1154 970 artifice
1185 936 1393 982 praeexistit

107 988 204 1025 ratio
217 998 364 1033 eorum,
383 997 469 1034 quae
487 987 776 1024 constituuntur
791 997 858 1034 per
877 990 1000 1022 artem
1016 997 1024 1022 :
1045 987 1099 1022 ita
1114 988 1230 1023 etiam
1246 988 1284 1024 in
1301 999 1395 1035 quc·

106 1041 200 1077 libet
217 1040 454 1088 gubernante
466 1043 618 1088 oportet
635 1039 738 1086 quod
756 1040 978 1086 praeexistat
993 1040 1091 1075 ratio
1105 1039 1250 1075 ordinis
1261 1051 1393 1077 eorum

108 1104 194 1141 quae
223 1092 373 1141 agenda
397 1097 486 1129 sunt
512 1103 581 1140 per
605 1102 670 1128 eos
700 1092 765 1139 qui
791 1091 1061 1139 gubernationi
1091 1091 1323 1129 subduntur.
1350 1093 1396 1129 Et

109 1147 208 1182 sicut
225 1146 324 1182 ratio
344 1155 473 1182 rerum
487 1143 702 1181 fiendarum
717 1155 785 1191 per
796 1148 918 1180 artem
932 1148 1091 1180 vocatur
1104 1154 1178 1189 ars,
1197 1145 1256 1181 vel
1272 1156 1395 1182 exem·

110 1199 194 1246 plar
209 1208 338 1234 rerum
355 1198 647 1233 artificiatarum
664 1207 672 1231 :
695 1197 748 1232 ita
768 1197 884 1232 etiam
905 1197 1002 1232 ratio
1025 1196 1274 1244 gubernantis
1290 1202 1395 1234 actus

110 1250 367 1295 subditorum,
386 1250 576 1286 rationem
596 1248 691 1296 legis
709 1249 869 1293 obtinet,
887 1249 1045 1285 servatis
1065 1249 1162 1294 aliis,
1181 1260 1267 1296 quoe
1281 1261 1395 1297 supra

110 1314 190 1339 csse
207 1302 376 1339 diximus
397 1302 442 1338 de
462 1302 556 1349 legis
576 1303 723 1338 ratione
740 1303 811 1346 (22,
831 1302 845 1337 1
867 1305 904 1337 et
915 1303 1053 1348 seqq.).
1069 1301 1167 1338 Deus
1184 1306 1314 1338 autem
1332 1314 1392 1350 pe1

111 1366 220 1392 suam
244 1355 473 1402 sapientiam
498 1354 675 1391 conditor
704 1359 761 1390 est
784 1354 1051 1390 universarum
1072 1364 1200 1390 rerum
1230 1354 1278 1390 ad
1304 1366 1397 1402 quas

111 1412 370 1455 comparatur,
388 1407 486 1443 sicut
506 1406 643 1443 artifex
663 1406 711 1442 ad
729 1406 945 1450 artificiata‚
964 1410 1006 1442 ut
1023 1407 1062 1442 in
1073 1407 1202 1452 primo
1222 1407 1398 1444 habitum

112 1465 169 1496 est
187 1461 240 1505 (T.
263 1461 320 1504 23,
339 1459 400 1504 ΙΙ).
421 1459 487 1495 Est
506 1459 623 1495 etiam
642 1458 876 1506 gubernator
892 1459 1067 1494 omnium
1085 1464 1241 1495 actuum
1262 1465 1300 1495 et
1318 1471 1398 1496 mo-

114 1514 263 1549 tionum
289 1523 374 1559 quae
401 1512 648 1548 inveniuntur
677 1512 716 1547 in
740 1511 902 1558 singulis
927 1512 1126 1556 creaturis,
1155 1516 1198 1547 ut
1224 1513 1340 1549 etiam
1362 1515 1398 1548 in

113 1566 239 1613 primo
257 1564 435 1601 habitum
456 1568 512 1601 est
530 1564 586 1610 (T.
609 1565 666 1609 31,
690 1563 740 1599 111
759 1568 795 1600 et
812 1564 870 1609 V).
890 1563 997 1600 Unde
1017 1564 1115 1600 sicut
1140 1565 1240 1600 ratio
1261 1564 1400 1601 divtnae

114 1618 326 1665 sapientiae,
345 1618 575 1664 inquantum
597 1627 665 1663 per
683 1626 768 1652 eam
789 1621 927 1652 cuncta
943 1620 1033 1652 sunt
1052 1621 1193 1661 ereata,
1211 1618 1400 1653 rationem

114 1670 232 1706 habet
252 1670 358 1714 artis,
386 1669 447 1705 vel
471 1669 716 1716 exempIarIs,
742 1669 803 1704 vel
828 1668 947 1713 ideae3
976 1669 1031 1704 ita
1053 1670 1152 1705 ratio
1181 1668 1319 1706 divinae
1345 1681 1402 1705 sa·

115 1722 285 1770 pientiae,
305 1722 494 1758 moventis
506 1722 639 1758 omnia
656 1721 705 1757 ad
727 1721 899 1757 debitum
916 1722 1033 1757 finem
1051 1722 1199 1758 obtinet
1212 1723 1401 1758 rationem

115 1775 210 1821 legis
227 1786 237 1819 3
256 1778 293 1810 et
312 1773 523 1810 secundum
543 1773 616 1810 hoc
635 1773 695 1810 lex
714 1777 859 1809 aeterna
877 1773 976 1809 nihil
993 1773 1098 1809 aliud
1116 1779 1185 1818 est,
1208 1784 1324 1821 quam
1342 1785 1403 1810 ra-

118 1829 171 1862 tio
196 1826 340 1862 divinoe
358 1826 573 1872 sapientiae,
597 1826 802 1861 secundum
830 1826 930 1872 quod
949 1830 1002 1861 est
1023 1826 1211 1862 dz'rectz'va
1236 1828 1403 1862 omnum

116 1883 269 1915 actuum
283 1883 317 1914 et
330 1878 551 1913 motionum.
575 1891 591 1909 ι
613 1898 658 1902 -
678 1877 760 1921 Ι-ΙΙ,
779 1878 848 1919 Qu.
871 1878 997 1922 XCIII,
1018 1878 1097 1913 Art.
1117 1878 1145 1915 1.

163 1931 224 1967 IV.
241 1931 347 1966 NOTA
366 1930 395 1969 1.
408 1930 612 1966 Distinctio
626 1930 722 1975 legis
739 1933 895 1965 aeternae
913 1939 935 1965 a
950 1930 1208 1974 providentia.
1224 1930 1406 1973 Quamvis

118 1984 179 2020 lex
212 1982 260 2020 ad
295 1981 577 2030 providentiam
609 1982 816 2029 pertineat,
848 1986 885 2017 et
911 1981 1150 2028 providentia
1185 1982 1233 2018 ad
1265 1983 1404 2031 legem,

120 2041 248 2072 tamen
273 2036 374 2071 inter
401 2045 440 2072 se
470 2035 774 2082 distinguuntur,
800 2038 837 2070 et
859 2034 919 2070 lex
949 2039 1006 2070 est
1027 2034 1145 2070 veluti
1170 2035 1404 2083 principium

120 2087 382 2136 providentiae,
406 2098 492 2134 quae
519 2098 540 2123 a
558 2087 594 2123 vi
617 2085 813 2134 obligandi
834 2086 1023 2122 abstrahit
1051 2097 1167 2134 quam
1191 2087 1308 2124 habet
1327 2088 1403 2124 lex.

123 2155 140 2172 ‹
157 2139 412 2185 Providentia,
431 2140 557 2187 inquit
582 2139 618 2175 S.
645 2139 825 2182 Thomas,
854 2139 893 2174 in
913 2139 989 2174 Deo
1008 2140 1161 2186 proprie
1182 2151 1260 2176 non
1281 2142 1399 2176 nomi-

121 2197 188 2229 nat
211 2192 336 2240 legem
361 2198 560 2237 aeternam,
585 2191 652 2228 sed
679 2191 825 2238 aliquid
845 2190 893 2227 ad
916 2191 1041 2238 legem
1065 2197 1252 2228 aeternam
1276 2203 1404 2229 conse-

122 2255 255 2291 quenS.
272 2245 348 2281 Lex
365 2245 468 2281 enim
485 2249 630 2281 aeterna
645 2248 702 2280 est
721 2243 1000 2280 consideranda
1019 2244 1058 2279 in
1078 2244 1170 2289 Deo,
1191 2245 1290 2281 sicut
1310 2247 1407 2281 acci-

123 2298 282 2346 piuntur
302 2297 343 2333 in
362 2297 474 2333 nobis
493 2297 682 2343 principia
701 2296 955 2343 operabilium
976 2296 1204 2334 naturaliter
1229 2301 1334 2342 nota,
1361 2308 1406 2333 ex

122 2349 262 2398 quibus
279 2349 522 2397 procedimus
536 2350 575 2386 in
592 2348 828 2386 consiliando
850 2353 887 2385 et
903 2348 1077 2396 eligendo
1099 2360 1106 2384 :
1126 2348 1229 2396 quod
1247 2354 1303 2385 est
1320 2360 1406 2398 pru—
