1584 2569
447 102 526 128 fflr.
555 102 580 127 1.
609 100 652 126 ne
677 101 819 126 NATURA
847 101 1056 127 uA‘rnmoivn
1340 94 1405 128 193

120 176 202 212 Non
229 178 352 212 colere
378 183 490 220 agros
516 184 583 220 per
607 183 646 209 se
675 172 876 208 ordinatur
899 171 947 209 ad
973 173 1276 220 extinguendum
1307 174 1405 211 fame

112 230 241 277 'genus
263 227 491 271 humanum,
516 225 618 272 quod
645 226 797 261 nonnisi
824 236 891 273 per
913 226 1187 273 agriculturam
1213 237 1409 264 conserva·

122 289 196 319 tur.
214 281 327 328 Atqui
347 279 528 316 extinctio
551 280 698 326 generis
721 279 882 315 humani
909 283 965 314 est
985 283 1119 314 contra
1141 283 1289 315 naturae
1311 290 1404 327 prae-

123 340 230 383 cepta
249 343 335 381 quae
352 331 612 379 adimplentur
634 342 702 379 per
724 331 1012 379 agriculturam.
1034 331 1133 378 Ergo
1154 332 1400 379 reprobandae

120 392 210 424 sunt
229 396 361 423 omnes
381 389 481 420 artes
498 389 535 419 et
552 384 734 428 scientiae,
754 384 884 430 eisque
900 383 1139 431 praeferenda
1156 385 1402 431 agricultura.
1438 421 1439 424 ,

120 461 164 467 -
187 439 312 477 Stulta
338 437 637 485 argumentatio,
659 437 697 472 in
723 447 800 483 qua
824 447 901 473 non
922 447 982 473 res
1006 437 1112 484 ipsae,
1134 436 1199 472 sed
1220 437 1403 473 mentales

121 492 394 529 abstractiones
417 489 720 526 considerantur.
746 489 883 536 Utique
912 489 1097 526 existente
1118 490 1295 526 caelibatu
1323 492 1404 525 uni-

121 545 266 590 versali,
296 544 438 592 periret
470 553 588 590 genus
624 542 861 588 humanum3
896 542 961 579 sed
994 542 1209 579 timendum
1243 554 1319 579 non
1350 549 1403 579 est

119 597 222 646 quod
243 607 363 645 genus
382 595 597 632 humanum
619 600 748 643 pereat
765 599 921 643 propter
936 606 1068 632 verum
1087 595 1305 632 caelibatum
1324 597 1405 631 uni-

117 651 316 690 versalem.
337 649 458 685 Erunt
477 648 579 685 enim
600 659 750 696 semper
772 649 974 696 conJugia3
996 653 1034 684 et
1060 659 1104 684 ex
1126 648 1254 684 divina
1281 650 1403 696 provi-

119 705 249 742 dentia
267 703 339 740 erit
361 701 558 738 caelibatus
584 701 635 737 ad
658 702 772 737 totius
799 701 961 737 humani
980 702 1129 748 generis
1143 702 1403 747 pulchritudi-

119 768 200 794 nem
218 762 252 794 et
269 756 442 799 salutem,
470 759 512 790 ut
531 755 585 790 ait
606 754 643 789 S.
670 753 835 790 Thomas
862 754 958 798 11-11‚
984 755 1053 795 Qu.
1080 754 1183 799 CLII,
1212 755 1327 790 Artic.
1356 755 1402 800 11,

118 810 165 847 ad
188 813 220 847 1.

163 864 207 899 X.
222 864 273 899 De
289 861 529 906 Polyandria.
545 859 773 908 Polyandria
787 859 927 895 dicitur
940 859 1170 895 simultanea
1184 860 1402 906 conjunctio

121 917 230 953 unius
248 915 399 950 seminae
420 923 507 949 curn
525 913 700 961 pluribus
722 913 825 949 viris.
850 912 948 948 Nota
967 912 1063 948 bene
1083 911 1123 946 τὸ
1144 912 1373 949 simultanea
1392 925 1403 948 :

119 979 207 1006 nam
233 967 417 1004 feminam
443 966 665 1010 successive,
693 965 766 1001 hoc
794 969 849 1000 est
875 969 961 1012 post
986 969 1151 1001 mortem
1178 966 1262 1010 viri,
1293 976 1403 1013 posse

117 1022 226 1060 alteri
249 1020 392 1057 nubere
416 1028 494 1054 non
513 1018 837 1054 controvertitur:
861 1022 900 1053 at
923 1017 1149 1064 polyandria
1174 1018 1403 1054 simultanea

117 1080 174 1112 est
193 1085 259 1122 per
281 1084 319 1109 se
343 1075 381 1107 et
400 1071 603 1107 intrinsece
625 1070 769 1107 illicita.
790 1070 941 1106 Etenim
965 1070 1185 1117 principalis
1211 1071 1298 1106 finis
1325 1082 1403 1106 ma-

120 1127 289 1164 trimonii
308 1128 398 1161 sunt
412 1124 623 1171 procreatio
641 1128 679 1159 et
697 1122 873 1160 educatio
896 1122 1026 1170 prolis.
1044 1123 1158 1169 Atqui
1179 1122 1402 1170 polyandria

116 1179 346 1216 simultanea
389 1174 597 1223 opponitur
636 1179 716 1210 tum
760 1174 1016 1222 procreationi
1061 1178 1142 1210 tum
1185 1174 1403 1211 educationi

119 1232 247 1280 prolis.
279 1250 324 1256 —-
355 1228 636 1272 Procreatz'oni‚
668 1228 771 1274 quia,
805 1231 848 1262 ut
875 1227 1110 1274 experientia
1142 1231 1305 1271 constat,
1337 1239 1404 1275 per

115 1283 432 1321 commixtionem
456 1281 648 1316 seminum
672 1284 738 1316 aut
760 1279 942 1323 totaliter,
961 1284 1029 1315 aut
1047 1279 1124 1315 fere
1144 1279 1314 1316 totaliter
1335 1281 1403 1316 tol-

118 1339 207 1374 litur
229 1334 463 1373 foecundatio
487 1333 653 1370 feminae.
675 1353 719 1358 —-
745 1331 997 1376 Educationi,
1019 1332 1110 1378 quia
1135 1343 1181 1367 ex
1202 1332 1275 1368 hoc
1298 1333 1402 1379 quod

117 1401 193 1427 una
208 1389 347 1426 mulier
366 1387 493 1435 plures
526 1386 687 1421 maritos
716 1384 887 1429 haberet,
918 1388 1142 1431 sequeretur
1171 1385 1401 1421 incertitudo

118 1443 233 1490 prolis
252 1444 425 1488 respectu
443 1439 575 1487 patris,
594 1439 703 1485 qu'us
721 1448 812 1474 cura
829 1438 1042 1474 necessaria
1058 1442 1115 1473 est
1132 1438 1170 1472 in
1186 1437 1399 1474 educando.

118 1495 221 1532 Unde
240 1494 345 1530 nulla
364 1493 460 1539 lege,
487 1491 683 1528 concludit
706 1491 743 1527 S.
766 1490 946 1536 Thomas,
968 1490 1025 1527 vel
1047 1490 1324 1527 consuetudine
1345 1496 1402 1527 est

117 1548 344 1596 permissum
375 1545 577 1582 mulierem
609 1544 750 1580 habere
785 1544 1012 1580 simultanee
1047 1543 1174 1591 plures
1209 1544 1322 1580 viros.
1355 1565 1400 1570 —

114 1601 308 1648 Supplem.
327 1600 397 1641 Qu.
416 1597 518 1642 LXV,
534 1598 648 1634 Artic.
669 1598 697 1642 I,
716 1596 764 1634 ad
779 1599 814 1634 8.

159 1655 221 1691 XI.
241 1654 293 1689 De
307 1651 539 1698 Polyqamia.
555 1650 779 1697 Polygamia
792 1654 848 1686 est
862 1651 976 1685 unius
992 1650 1059 1686 viri
1077 1650 1297 1696 conjunctio
1312 1661 1399 1686 cum

115 1706 287 1754 pluribus
315 1703 520 1747 uxoribus;
557 1707 626 1748 est,
658 1707 701 1738 ut
729 1702 874 1738 dictum
906 1707 962 1738 est
996 1702 1044 1739 de
1072 1702 1312 1750 polyandria,
1343 1703 1400 1739 vel

114 1758 324 1795 successiva
344 1756 402 1792 vel
421 1755 664 1791 simultanea.
692 1754 922 1799 Successiva‚
951 1755 1239 1801 superveniente
1261 1755 1399 1801 prioris

117 1811 245 1847 uxoris
270 1813 408 1852 morte,
435 1807 540 1843 licita
565 1812 633 1843 est.
664 1807 822 1854 Insuper
841 1807 1102 1854 polygamiam
1126 1807 1394 1842 simultaneam

113 1862 320 1910 aliquando
345 1861 490 1897 licitam
516 1859 631 1895 fuisse
657 1870 703 1895 ex
735 1859 864 1894 divina
892 1859 1178 1906 dispensatione
1207 1860 1313 1895 testis
1343 1866 1398 1896 est

113 1926 222 1953 sacra
242 1915 464 1961 Scriptura:
487 1923 533 1948 ex
553 1923 629 1959 quo
656 1911 776 1958 liquet
802 1911 1160 1959 polygamiamsnon
1186 1922 1267 1948 esse
1294 1913 1332 1947 in
1359 1923 1397 1948 se

113 1969 370 2012 inhonestam,
395 1970 437 2001 ut
457 1970 514 2001 est
534 1964 772 2012 polyandria,
794 1964 867 2000 hoc
883 1968 939 2000 est
959 1975 1035 2000 non
1054 1975 1135 2000 esse
1152 1965 1190 2000 in
1211 1976 1250 2000 se
1263 1976 1399 2013 repug-

112 2025 269 2058 nantem
296 2018 552 2067 procreationi
591 2022 627 2052 ct
660 2016 878 2053 educationi
906 2017 1036 2064 prolis,
1065 2027 1152 2064 quae
1178 2022 1267 2053 sunt
1303 2019 1397 2054 fines

112 2072 342 2122 principales
368 2070 622 2108 matrimonii.
644 2071 690 2104 At
711 2080 799 2105 vero
823 2070 1116 2106 matrimonium
1143 2069 1259 2106 habet
1279 2071 1394 2107 ctiam

112 2137 180 2174 pro
206 2126 282 2162 fine
309 2123 534 2161 secundario
561 2127 737 2158 mutuam
764 2122 852 2158 vitae
879 2123 1272 2159 communicationem
1297 2125 1396 2159 inter

110 2180 236 2216 virum
264 2183 301 2214 et
324 2187 506 2222 uxorem;
536 2180 572 2212 et
599 2175 688 2211 huIc
713 2176 779 2210 fini
807 2174 1028 2211 adversatur
1053 2175 1285 2223 polygamia.
1314 2177 1395 2212 Ete-

111 2233 206 2276 nim,
228 2235 271 2267 ut
292 2231 408 2266 etiam
434 2239 536 2265 nunc
558 2228 683 2265 videre
710 2233 766 2264 est
789 2227 889 2275 apud
916 2228 1140 2275 poiygamos
1167 2229 1394 2265 Mahumetis

110 2288 328 2328 sectatores,
351 2294 427 2319 non
454 2282 560 2319 facile
582 2286 706 2329 potest
730 2292 809 2317 esse
836 2292 910 2328 pax
937 2282 973 2316 in
1000 2282 1144 2316 familia
1177 2282 1241 2316 uhi
1268 2282 1393 2328 plures

112 2347 248 2374 uxores
267 2336 334 2372 uni
356 2335 436 2372 viro
459 2336 690 2383 junguntur,
715 2334 804 2381 quia
827 2334 1125 2371 communicatio
1153 2334 1191 2369 in
1217 2344 1291 2369 uno
1314 2334 1391 2370 osu·
