1584 2569
242 128 302 161 384
704 133 803 157 rumex
825 132 1070 157 Arpnnszncue

284 203 411 245 placita
431 202 472 235 de
493 200 629 234 criterio
650 200 858 233 moralitatis
882 199 1099 239 refelluntur,
1121 201 1163 232 M.
1191 201 1241 240 11,
1262 202 1305 233 11.
1324 206 1358 234 et
1376 211 1474 245 seqq.
1492 221 1529 229 -

285 251 416 303 IJtrum,
438 252 476 281 ut
497 248 573 326 vugg
592 247 800 286 sensismus,
819 254 944 279 sensus
964 246 1035 279 sint
1055 255 1168 280 causae
1193 249 1315 281 tots-,les
1335 255 1528 283 nostrarum

283 298 453 335 mearum,
477 296 513 327 P.
578 318 585 325 .

243 355 415 390 sensoria
433 363 574 395 organa.
592 354 627 385 L.
648 353 700 392 50,
718 353 778 384 111.

243 412 485 449 sensualitas.
511 413 546 444 P.
573 412 625 451 43,
646 411 698 444 IV.

243 479 392 512 Sensus.
420 478 468 510 De
494 476 655 509 sensibus
681 474 831 508 externis
855 474 906 516 (ut
931 473 1078 509 criteriis
1098 474 1280 519 veritatis),
1304 478 1340 510 L.
1364 479 1415 520 50,
1439 479 1528 512 XIII.

283 543 322 551 -—
346 523 512 557 sensibile
540 522 730 564 proprium,
752 523 804 556 IV.
829 540 867 545 -
896 522 1065 555 sensibile
1091 532 1287 563 commune,
1314 525 1337 555 V
1363 529 1396 558 et
1417 526 1470 559 VI.
1489 545 1530 551 —

283 571 455 606 Sensibile
476 579 536 612 per
555 570 728 609 accidens,
752 570 907 603 VIII-IX.
932 586 971 593 -
990 570 1039 602 De
1059 570 1208 611 perfecto
1231 580 1398 605 sensuum
1419 578 1528 606 exter-

284 627 409 652 norum
434 617 607 658 exercitio,
628 617 667 649 X.
689 635 729 640 —
750 617 878 650 Sensus
899 618 1031 649 externi
1048 621 1132 650 sunt
1148 626 1298 658 veraces,
1323 619 1356 651 n.
1376 628 1406 651 e.
1426 621 1529 653 crite-

282 667 332 699 ria
354 665 506 698 veritatis
533 665 566 695 in
593 663 773 696 referenda
801 663 955 696 realitate
982 672 1165 705 corporum
1188 669 1281 698 extra
1302 674 1365 698 nos
1384 667 1528 700 existen-

281 713 381 751 tium,
403 712 476 744 XIII
502 715 534 743 et
550 710 632 742 XIV.
656 728 695 734 —
717 711 764 743 De
788 711 891 743 modo
909 719 977 752 quo
997 710 1124 743 veritas
1153 711 1318 744 sensitiva
1340 713 1528 754 cognitioni

283 759 475 797 conveniat,
499 758 566 791 XV.
586 775 624 781 —
639 758 687 790 De
700 766 803 790 sensu
823 760 964 790 naeuroe
983 758 1161 791 communi
1180 758 1231 800 (ut
1251 759 1386 792 criterio
1406 761 1528 794 verita-

282 808 351 847 tis),
381 807 416 838 L.
445 807 496 838 59.
528 822 566 828 -—
595 805 726 837 Sensus
756 809 887 837 naturae
914 804 1108 838 communis
1135 814 1253 838 revera
1275 806 1355 838 talis
1381 811 1416 839 et
1440 807 1527 840 intra

283 854 440 895 proprios
460 851 588 885 limites
616 855 668 884 est
690 851 829 884 firmum
860 851 1035 884 criterium
1064 851 1233 892 veritatis,
1254 852 1314 885 111.
1341 871 1382 877 —
1407 854 1527 887 Utrum

282 910 406 934 sensus
436 904 568 933 naturae
592 899 786 935 communis
809 899 852 931 sit
879 899 1053 932 criterium
1080 900 1357 942 metaphysicum
1387 902 1436 934 vel
1457 911 1529 935 m«)-

282 949 363 987 rate,
384 947 422 979 V.
441 965 481 971 —-
499 947 548 978 De
568 945 725 979 sensibus
742 946 907 979 externis.
929 947 964 978 Ρ.
987 946 1036 978 24.
1057 964 1095 969 -
1112 946 1239 979 Eorum
1260 947 1453 990 existentia,
1472 959 1529 982 na-

283 1002 371 1035 tura,
395 994 494 1032 ratio,
511 1002 688 1032 uumerus,
713 993 800 1026 1-111.
821 1011 858 1016 —
874 993 1097 1025 Perfectiores
1118 997 1199 1025 sunt
1218 994 1252 1025 in
1267 994 1407 1027 homine
1423 1005 1527 1036 quam

283 1045 316 1074 in
337 1041 460 1080 brutis,
477 1041 527 1072 IV.
549 1057 588 1064 -·
603 1041 715 1073 Sensu
734 1040 870 1072 interno
891 1048 1015 1080 corpus
1038 1040 1143 1072 etiam
1158 1046 1314 1073 nos-trum
1336 1041 1527 1075 animatum

281 1088 552 1121 concomitanter
577 1092 611 1119 et
639 1095 697 1128 per
723 1086 885 1119 accidens
913 1086 1096 1126 sentimus,
1126 1087 1163 1117 V.
1192 1105 1228 1110 —
1258 1089 1387 1120 Sensus
1410 1090 1530 1122 funda-

280 1135 457 1175 meinans,
481 1135 533 1166 IV.
554 1152 594 1157 -
620 1134 749 1166 Sensus
771 1133 935 1174 physicus
961 1133 1014 1173 (ut
1033 1132 1209 1165 criterium
1230 1135 1463 1176 moralitatis),
1482 1137 1514 1169 M

281 1184 332 1221 11,
358 1182 402 1214 111
425 1188 459 1213 et
476 1181 525 1213 VI.
543 1198 581 1203 —
594 1181 724 1213 Sensus
744 1179 885 1212 moralis
902 1181 955 1220 (ut
968 1179 1145 1212 criterium
1161 1180 1393 1223 moralitatis),
1412 1183 1444 1215 M
1476 1183 1516 1215 12

281 1229 321 1260 Vl
343 1233 377 1261 et
399 1228 469 1260 VII.

239 1292 615 1328 sentimentalismus.
646 1293 681 1325 L.
708 1292 760 1330 63,
790 1292 830 1325 X.
857 1309 897 1316 —-
921 1292 1083 1325 Allecuva
1109 1293 1215 1324 animi
1241 1294 1351 1326 nostri
1379 1303 1527 1336 propen-

281 1342 331 1374 sio
355 1341 389 1382 (i.
413 1350 443 1373 e.
471 1339 817 1380 sentimentalismus)
846 1339 967 1380 nequit
987 1339 1117 1372 assumi
1142 1344 1179 1371 ut
1203 1349 1407 1381 supremum
1428 1342 1524 1375 crite·
1578 1365 1584 1367 -

279 1389 368 1421 rium
388 1387 630 1467 verittlitis,1)IXI.
645 1404 685 1409 -—
703 1386 1042 1419 sentimentalismus
1059 1390 1094 1418 ut
1111 1386 1286 1419 criterium
1305 1388 1512 1423 moralitatis

280 1437 324 1467 M.
345 1436 396 1476 11,
421 1436 476 1466 VI
512 1440 547 1466 et
616 1457 624 1465 .

239 1495 375 1527 Sermo.
402 1495 436 1525 L.
461 1493 513 1532 10,
537 1493 625 1525 VIII.

239 1553 384 1586 Servus.
412 1552 459 1583 De
487 1550 619 1582 mutuis
647 1549 771 1582 officiis
801 1554 890 1582 inter
924 1550 1083 1582 dominos
1109 1555 1144 1582 et
1170 1558 1299 1590 servos,
1334 1551 1376 1583 Μ.
1405 1553 1458 1591 48,
1494 1554 1527 1584 V.

281 1599 380 1639 (Vide
403 1597 649 1638 Mancipium.)

239 1657 405 1699 Signum.
438 1658 473 1689 L.
498 1656 550 1695 10,
579 1657 603 1687 1.
629 1672 667 1679 —-
701 1655 843 1696 Signum
870 1655 1013 1687 formale
1041 1660 1074 1687 et
1100 1655 1365 1689 instrumentale
1390 1657 1438 1697 (et
1463 1658 1530 1690 hoc
1574 1697 1580 1700 ‚

279 1705 330 1737 vel
358 1702 515 1736 naturale
542 1702 594 1734 vel
624 1701 844 1734 arbitrarium
870 1710 930 1734 seu
956 1701 1090 1742 datum)
1117 1702 1355 1743 artificiosum,
1383 1707 1528 1744 certum,

279 1753 461 1790 incertum,
479 1750 642 1790 logicum,
663 1749 744 1780 11-v.
763 1764 802 1772 —
822 1748 980 1790 Signum,
1003 1757 1129 1781 nomen
1153 1749 1324 1789 miraculi,
1347 1750 1381 1782 C.
1398 1750 1450 1791 22,
1468 1750 1523 1782 Ill.

239 1809 409 1851 Simplex.
433 1809 483 1841 De
503 1811 580 1840 ente
599 1807 753 1849 simplici
776 1811 808 1839 et
828 1807 1032 1848 composito,
1057 1807 1096 1839 Ο.
1119 1807 1169 1839 22.
1193 1826 1232 1832 —-
1255 1808 1325 1840 Ens
1353 1809 1528 1842 infinitum

280 1861 332 1889 est
350 1865 411 1888 ens
428 1855 740 1896 simplicissimum,
765 1855 803 1886 O.
825 1854 875 1886 24.
898 1855 967 1885 VII.

239 1913 475 1956 SImplicitas.
499 1914 549 1946 De
573 1912 777 1945 omnimoda
803 1912 868 1945 Dei
894 1912 1132 1953 simplicitate,
1159 1912 1198 1945 T.
1218 1913 1269 1944 12.
1297 1927 1336 1938 .-
1356 1913 1449 1945 Deus
1477 1918 1528 1947 est

278 1960 473 1994 substantia
494 1960 637 1992 omnino
658 1959 816 2000 simplex,
839 1959 937 1991 11-1v.

239 2018 443 2061 singulare.
460 2019 511 2051 De
532 2018 728 2060 coynz‘tione
748 2018 1002 2059 sinyularium,
1022 2019 1057 2050 P.
1080 2018 1131 2050 38.
1156 2036 1195 2041 —
1217 2018 1397 2059 singulare
1417 2019 1451 2051 In
1472 2028 1527 2052 re-

278 2067 343 2100 hus
357 2065 594 2098 materialibus
616 2065 810 2097 intellectus
833 2070 952 2097 noster
972 2065 1102 2097 directe
1122 2068 1158 2097 et
1174 2074 1239 2106 per
1251 2074 1286 2097 se
1303 2074 1371 2097 non
1385 2075 1528 2107 cognos-
1557 2064 1563 2070 ⁴

279 2114 337 2153 cit,
357 2114 412 2145 IV.
436 2130 473 2136 -
557 2112 620 2145 sed
643 2112 818 2153 cognoscit
839 2111 1010 2144 indirecte
1030 2116 1064 2144 et
1078 2120 1143 2154 per
1162 2111 1333 2151 accidens,
1349 2113 1386 2144 V.

242 2172 350 2208 sltus.
371 2174 404 2204 L.
423 2172 454 2207 6,
472 2171 552 2211 VI1;
579 2171 620 2202 Ο.
646 2171 697 2210 35,
722 2171 765 2202 11.

238 2231 417 2264 Societas.
439 2231 488 2262 De
509 2233 643 2262 natura
662 2229 837 2261 societatis
856 2229 983 2268 civilis,
1001 2231 1045 2262 Μ.
1064 2230 1115 2261 49.
1134 2246 1172 2253 ·--
1196 2230 1245 2261 Ad
1264 2229 1452 2262 essentiam
1473 2238 1526 2262 so·
1568 2221 1577 2250 ἕ

278 2278 410 2310 cietatis
442 2277 604 2309 hurnanae
624 2276 819 2309 necessario
842 2276 1026 2317 requiritur
1056 2280 1209 2316 potestas
1236 2284 1296 2308 seu
1327 2276 1525 2308 auctoritas.

279 2326 321 2358 11.
343 2343 384 2348 —
403 2324 494 2356 Finis
519 2323 742 2356 immediatus
773 2323 947 2356 societatis
977 2322 1086 2355 civilis
1113 2328 1164 2355 est
1196 2331 1380 2364 procurare
1408 2323 1526 2355 media

278 2372 405 2414 quibus
420 2376 454 2403 et
470 2370 605 2403 facilius
623 2375 656 2403 et
672 2370 848 2403 efficacius
864 2371 968 2411 hujus
982 2370 1058 2402 vitae
1072 2370 1309 2411 imperfectam
1323 2369 1523 2402 felicitatem
