1554 2569
174 108 236 143 ¹32
250 119 309 144 ms
326 120 488 148 mrum.
508 122 577 148 mn.
595 124 620 151 1.
634 124 711 150 CAP.
728 125 753 151 1.
772 126 815 150 ns
830 122 915 151 JURE
929 114 972 152 ἐι·
992 125 1070 153 ore.
1090 123 1290 154 GENERArm
1304 127 1448 154 suurns

167 191 339 236 quolibet
358 194 474 231 modo
504 196 586 232 fieri
620 196 769 243 debent,
800 198 865 235 sed
893 199 1099 236 observatis
1120 199 1257 236 debitis
1291 200 1448 236 circum-

166 245 317 280 stantiis
338 248 410 292 (14,
432 247 464 284 11
485 253 522 284 et
553 249 663 296 VIII),
701 260 786 297 quae
821 252 1070 298 requiruntur
1100 252 1147 288 ad
1171 252 1244 289 hoc
1273 252 1375 300 quod
1402 253 1449 288 sit

165 298 273 332 actus
290 299 496 345 virtuosus,
525 306 566 337 ut
586 302 728 338 scilicet
746 303 814 340 fiat
839 304 904 340 ubi
932 304 1057 350 debet,
1085 309 1121 341 et
1149 304 1301 352 quando
1322 304 1447 349 dehet,

165 351 200 387 et
229 351 440 388 secundum
458 353 561 400 quod
583 354 706 390 debet.
729 355 773 391 Et
789 354 875 392 ideo
895 361 1087 404 praecepta
1106 357 1336 394 affirmativa
1357 357 1445 393 ohli-

164 409 256 452 gant
289 405 445 453 quidem
471 417 626 453 semper,
660 408 751 454 quia
770 413 877 445 actus
897 410 1062 455 virtutis,
1097 410 1142 447 de
1169 420 1245 457 quo
1265 414 1322 447 est
1352 421 1449 457 prae-

163 462 319 505 ceptum
350 457 639 505 affirmativum,
671 465 727 496 est
755 471 907 509 semper
940 467 1167 510 praeceptus,
1204 463 1268 500 sed
1286 473 1362 500 non
1398 462 1449 499 ad
1488 508 1492 509 ⁷

160 521 318 557 semper,
340 515 383 546 ut
402 511 543 548 scilicet
560 512 677 548 homo
698 514 737 549 in
759 515 930 560 quolibet
951 515 1035 552 loco
1057 520 1229 563 ternpore
1246 520 1284 552 et
1308 516 1347 552 in
1368 516 1443 563 qui·
1487 511 1494 513 ’

162 562 326 599 buslibet
345 564 643 601 circumstantiis
665 570 841 602 teneatur
859 578 1000 614 ponere
1026 572 1154 605 actum
1181 569 1332 604 virtutis
1351 579 1447 617 prae-

161 616 375 662 scrIptum;
406 616 472 652 sed
498 621 650 653 tenetur
671 619 916 656 solummodo
950 632 1017 668 pro
1053 625 1226 668 tempore
1246 632 1320 668 quo
1353 632 1446 669 prae-

159 673 314 715 ceptum
335 668 609 706 affirmativum
631 671 776 719 obligat
796 676 838 708 ut
864 673 1001 709 audire
1019 684 1170 710 sacrum
1197 673 1257 709 die
1279 674 1375 719 festo
1401 685 1447 710 ex

160 726 353 768 praecepto
369 722 598 759 affirmativo
619 724 888 770 ecclesiastico,
905 730 942 761 et
950 726 1179 772 parentibus
1189 726 1346 772 pietatis
1361 726 1448 771 offi-

157 776 220 810 cia
242 775 420 810 exhibere
441 787 487 811 ex
508 781 698 823 praecepto
726 776 959 813 affirmativo
986 778 1083 824 legis
1105 784 1265 817 naturae.
1286 799 1332 807 —
1350 779 1446 824 ΙΙ-ΙΙ,

157 827 228 872 Qu.
250 828 414 864 XXXIII.
437 829 553 864 Artic.
580 830 625 865 11.
653 834 692 865 et
719 829 798 865 Ι-ΙΙ.
825 830 897 875 Qu.
921 830 1046 866 LXXI.
1068 832 1185 867 Artic.
1209 833 1252 869 V.
1278 833 1326 868 ad
1349 834 1383 868 3.
1402 852 1449 860 --

157 881 222 916 His
242 880 462 926 declaratis,
482 881 529 916 sit
550 882 676 928 prima
698 882 895 918 conclusio
916 894 923 917 τ

199 932 260 969 VI.
283 933 397 969 Nulla
415 935 628 971 necessitas
645 936 780 972 eximit
796 935 844 972 ab
858 937 1100 982 adimplendo
1116 938 1309 981 praecepto
1329 944 1438 980 nega·

152 987 236 1022 tivo
252 987 349 1031 legis
369 988 573 1023 naturalis.
596 987 683 1023 Haec
703 989 915 1036 propositio
932 993 1019 1036 post
1039 989 1257 1036 praemissas
1274 987 1440 1023 deelara-

152 1038 278 1076 tiones
303 1039 363 1074 vix
390 1039 618 1086 probatione
639 1040 798 1088 indiget.
831 1041 942 1077 Nulla
972 1042 1075 1077 enim
1093 1041 1296 1078 necessitas
1316 1043 1441 1087 potest

155 1095 305 1128 mutare
326 1092 572 1129 intrinsecam
584 1103 713 1129 rerum
728 1094 947 1130 essentiam.
957 1095 1085 1141 Atqui,
1100 1097 1144 1129 ut
1154 1093 1441 1140 explicavimus,

151 1147 260 1180 actus
291 1144 509 1191 prohibitus
538 1156 607 1192 per
627 1151 864 1193 praeceptum
892 1147 1114 1193 negativum
1136 1146 1232 1193 legis
1257 1144 1441 1181 naturalis

150 1200 210 1232 est
229 1197 482 1233 essentialiter
501 1192 648 1234 malum
668 1198 827 1235 morale.
849 1198 948 1245 Ergo
969 1198 1076 1234 nulla
1094 1198 1299 1234 necessitas
1316 1201 1441 1244 potest

154 1249 276 1286 facere
297 1254 339 1285 ut
359 1249 421 1286 ille
442 1254 549 1286 actus
566 1251 633 1287 fiat
648 1250 784 1296 bonus,
803 1255 841 1287 et
857 1252 1003 1288 eximat
1026 1251 1225 1287 hominem
1247 1250 1294 1286 ab
1315 1249 1440 1285 officio

151 1312 233 1338 sese
249 1301 298 1338 ab
318 1302 383 1338 illo
400 1302 633 1340 abstinendi.
653 1323 698 1330 -
716 1303 821 1339 Adde
838 1304 941 1350 quod
956 1304 995 1339 in
1016 1304 1240 1339 necessitate
1260 1311 1440 1349 quacum-

152 1365 227 1401 que
259 1355 406 1391 malum
427 1355 635 1392 imminens
668 1367 714 1392 ex
741 1355 1016 1403 adimpletione
1052 1356 1168 1392 officii
1203 1359 1260 1391 est
1289 1364 1440 1400 semper

151 1406 352 1454 physicum
374 1418 384 1452 ;
421 1412 528 1445 actus
565 1413 695 1445 autem
725 1409 944 1455 prohibitus
979 1419 1003 1445 a
1033 1412 1226 1456 praecepto
1261 1407 1438 1454 negativo

149 1459 244 1506 Iegis
262 1460 449 1496 naturalis
468 1465 526 1498 est
544 1471 697 1508 semper
716 1461 862 1497 malum
882 1461 1027 1497 morale
1044 1472 1053 1506 3
1075 1460 1140 1497 sed
1161 1462 1200 1496 in
1215 1459 1440 1496 necessitate

150 1511 369 1548 incurrendi
390 1512 467 1549 duo
485 1513 599 1557 mala,
621 1514 719 1549 rati0
738 1518 841 1549 recta
860 1513 980 1550 dictat
993 1513 1193 1550 vitandum
1214 1522 1293 1548 esse
1313 1511 1442 1557 majus

149 1564 309 1608 malum,
328 1564 402 1601 hoc
423 1569 480 1601 est
500 1565 646 1601 malum
664 1565 821 1601 morale.

194 1616 274 1652 VII.
295 1616 493 1654 Necesitas
514 1621 686 1655 extrema
704 1619 768 1655 vel
787 1619 906 1655 etiam
931 1620 1061 1664 gravis
1078 1618 1213 1654 eximit.
1241 1617 1288 1653 ab
1315 1616 1441 1652 officio

146 1670 383 1715 adimplendi
401 1674 640 1716 praeceptum
659 1672 757 1717 legis
772 1672 966 1708 naturalis
981 1672 1214 1717 positivum;
1236 1669 1438 1706 dummodo

147 1723 339 1768 exemptio
357 1723 405 1759 ab
426 1723 552 1759 officio
568 1724 756 1769 praecepti
769 1725 930 1770 positivi
943 1734 1020 1760 non
1033 1725 1210 1760 involvat.
1226 1726 1439 1767 transgres-

148 1776 295 1811 sionem
307 1777 495 1821 praecepti
505 1777 691 1823 negativi.
708 1777 795 1812 Haec
809 1777 999 1813 restrictio
1023 1775 1299 1823 propositionis
1315 1783 1438 1809 neces·

148 1828 250 1864 saria
269 1833 353 1864 est:
375 1839 466 1864 nam
493 1829 643 1876 quoties
667 1834 904 1877 praeceptum
924 1830 1147 1876 negativum
1174 1827 1294 1872 adest,
1322 1826 1438 1862 homo

148 1879 256 1917 nulla
276 1882 501 1918 necessitate
524 1886 730 1920 excusatur
749 1882 796 1919 ab
824 1882 964 1919 officio.
984 1882 1031 1917 Ut
1051 1886 1147 1929 puta
1167 1892 1176 1917 :
1200 1881 1268 1917 tibi
1291 1880 1438 1915 licitum

146 1937 204 1969 est
227 1934 394 1970 eximere
421 1939 457 1970 te
486 1945 509 1970 a
527 1934 675 1981 Jejunio
702 1935 761 1972 vel
783 1936 829 1971 ab
856 1934 1090 1971 abstinentia
1109 1934 1283 1970 carnium
1306 1932 1438 1968 diebus

148 1985 303 2022 indictis
319 1987 367 2022 ab
384 1987 563 2031 Ecclesia,
579 1988 611 2023 si
627 1998 737 2035 grave
757 1987 944 2024 damnum
958 1998 1003 2023 ex
1017 1986 1168 2035 jejunio
1188 1985 1344 2023 sanitati
1360 1994 1439 2020 cor-

149 2039 253 2084 poris
278 2038 498 2084 redundet3
525 2044 564 2076 at
590 2040 622 2075 si
651 2051 697 2075 ex
731 2045 797 2076 tua
821 2040 1064 2087 exemptione
1097 2048 1185 2076 vere
1215 2037 1438 2075 scandalum

149 2091 328 2135 oriretur,
349 2091 406 2127 vel
432 2092 576 2139 injuria
599 2093 690 2138 Deo,
715 2097 812 2138 etc.;
840 2103 1015 2139 peccares
1035 2103 1113 2128 non
1135 2089 1319 2128 servando
1333 2089 1438 2136 jeju-

150 2143 272 2187 nium,
307 2154 385 2179 non
417 2144 452 2180 vi
487 2145 670 2192 praecepti
706 2146 872 2192 positivi,
894 2144 960 2181 sed
980 2145 1017 2180 vi
1052 2145 1238 2192 praecepti
1270 2140 1438 2189 negativi

150 2205 226 2242 quo
246 2196 500 2243 prohibemur
514 2208 659 2244 semper
675 2197 785 2238 etad
798 2207 942 2244 semper
962 2198 1132 2245 praebere
1150 2196 1261 2233 alteri
1278 2196 1438 2232 scanda-

149 2248 244 2293 lum,
263 2249 385 2284 Deum
401 2249 590 2296 injuriari,
609 2255 647 2286 et
663 2251 738 2286 alia
760 2250 902 2287 similia
928 2255 1162 2298 perpetrare.
1184 2270 1230 2276 —
1249 2249 1437 2286 Probatur

150 2302 364 2348 propositio
397 2302 470 2339 hoc
498 2302 613 2339 modo
653 2304 839 2349 restricta,
870 2305 980 2349 cujus
1006 2304 1146 2339 veritas
1167 2303 1226 2338 vel
1252 2303 1291 2338 in
1326 2305 1434 2350 praxi

150 2353 371 2391 &dmIttItur
383 2363 500 2398 etianl
518 2372 541 2397 a
559 2360 811 2408 prudentibus
828 2365 863 2396 et
883 2357 955 2404 piis
972 2355 1207 2393 hominibus.
1229 2356 1273 2392 Et
1293 2366 1438 2402 reverit,
