1584 2569
197 80 260 113 180
310 89 369 115 sus
389 90 538 116 nuum
558 91 627 116 Lm.
650 92 673 116 1.
699 91 776 116 cn.
800 91 850 115 1v.
880 90 924 116 ns
943 90 1020 116 01²1?-
1042 90 1129 116 nou.
1148 90 1242 116 ERGA
1259 91 1365 117 amos

128 195 153 213 Ἀ
190 160 320 206 hente,
345 165 382 197 et
405 172 542 197 novem
564 165 834 207 recensentur;
859 172 1010 208 nempe,
1038 161 1175 208 emptio
1196 166 1232 197 et
1257 162 1483 199 correlative

145 213 160 264 ‘t
189 213 370 259 venditio,
399 215 538 250 locatio
562 219 598 251 et
618 215 844 251 correlativa
863 215 1078 259 conductio,
1106 224 1250 259 census,
1278 214 1481 259 cambium,

188 267 451 313 emphyteusis,
465 268 634 314 feudum,
656 267 904 304 assecuratio.
922 288 965 293 —
990 266 1153 304 Secundi
1173 272 1302 303 autem
1329 268 1483 316 pariunt

188 320 395 356 utilitatem
419 321 455 356 in
487 332 562 358 uno
598 321 678 357 solo
705 320 1019 356 contrahentium
1039 325 1076 356 et
1108 321 1145 356 in
1190 320 1310 356 altero
1339 321 1485 367 obliya-

154 417 156 421 χ
189 373 339 409 tionem.
362 373 453 415 Quae
482 374 630 409 utilitas
657 374 687 409 si
720 378 776 409 est
803 384 848 409 ex
872 378 980 421 parte
1004 373 1121 409 solius
1147 374 1374 420 accipientis
1394 384 1483 409 cum

150 437 155 449 ³
189 426 425 474 obligatione
443 437 488 463 ex
504 432 610 474 parte
624 427 765 479 dantis,
784 427 978 463 hahentur
993 431 1174 471 mutuum,
1194 427 1482 471 commodatum,

188 479 259 514 suh
274 490 349 526 quo
365 481 613 516 continentur
625 479 841 525 precarium
852 481 1012 526 piqnus,
1031 479 1253 526 hypotheca,
1268 479 1481 527 fidejussio.

191 532 228 567 Si
246 536 375 568 autem
397 533 541 569 utilitas
556 537 612 568 est
630 544 674 568 ex
691 537 798 580 parte
815 532 941 569 dantis
958 544 1045 569 cum
1059 533 1292 580 obligatione
1308 544 1353 568 ex
1376 537 1483 580 parte

190 586 446 632 suscipientis,
470 585 632 621 habetur
653 586 888 631 depositum3
911 586 942 621 si
959 596 1005 621 ex
1022 590 1129 632 parte
1144 586 1366 621 alterutrius
1380 585 1483 621 inde-

190 639 407 683 terminate,
431 638 622 674 habentur
635 639 790 685 sponsio
811 643 847 674 et
869 639 993 675 ludus.

237 691 297 727 1v.
311 692 540 728 Contractus
552 693 704 728 onerosi
715 696 755 728 et
770 693 946 738 gratuiti.
962 692 1148 728 Onerosus
1163 692 1304 728 dicitur
1316 696 1485 728 contrac-

190 748 251 778 tus
268 744 422 790 quando
444 744 589 791 aliquid
610 744 836 791 rependitur
855 745 938 780 loco
963 745 1045 791 ejus
1065 744 1168 791 quod
1186 743 1312 789 datur,
1334 749 1377 779 ut
1396 750 1485 780 sunt

190 800 408 832 contractus
443 808 559 844 supra
592 798 781 833 recensiti.
817 798 1043 834 Contractus
1082 808 1168 833 vero
1202 798 1397 844 yratuitus
1429 802 1486 833 est

190 849 344 895 quando
366 850 463 885 nihil
485 849 709 897 rependitur
728 850 812 886 loco
831 851 913 897 ejus
937 850 1041 898 quod
1069 850 1207 895 datur3
1229 855 1271 886 ut
1291 854 1380 886 sunt
1396 851 1484 886 sim-

189 902 276 948 plex
290 903 499 949 promissio
517 908 549 938 et
569 903 740 938 donatio.

235 955 278 992 V.
301 955 532 992 Contractus
549 957 681 992 stricti
699 957 796 1002 juris
818 960 859 992 et
879 956 989 992 honae
1004 956 1107 993 fidei.
1135 956 1253 992 Primi
1273 960 1375 1001 sunt,
1391 966 1486 1003 quo-

194 1018 281 1044 rum
301 1008 567 1055 interpretatio
589 1008 804 1043 attenditur
821 1009 1065 1056 potissimum
1081 1020 1127 1044 ex
1148 1009 1322 1056 rigorosa
1341 1009 1484 1056 signifi-

190 1061 342 1097 catione
364 1061 582 1096 verborum.
609 1061 835 1096 Contractus
862 1061 973 1097 bonae
1005 1061 1095 1097 fidei
1122 1066 1210 1097 sunt
1237 1061 1291 1096 illi
1318 1071 1485 1108 quorum

192 1114 460 1160 interpretatio
480 1114 607 1161 potius
622 1124 739 1160 quam
752 1124 797 1149 ex
814 1114 990 1160 rigoroso
1001 1114 1208 1149 verborum
1225 1124 1351 1159 sensu,
1365 1118 1483 1149 atten-

189 1165 295 1201 ditur
315 1167 509 1214 praecipue
539 1177 584 1201 ex
614 1166 828 1202 intentione
854 1166 1168 1202 contrahentium
1190 1165 1400 1202 secundum
1421 1166 1486 1202 bo-

188 1230 284 1255 num
323 1223 361 1254 et
391 1229 560 1265 aequum.
591 1239 630 1245 —
658 1218 952 1266 Principaliores
982 1218 1186 1255 divisiones
1218 1222 1486 1256 contractuum

190 1272 362 1319 attigisse
381 1271 548 1307 sufficiat
576 1283 583 1307 :
608 1271 653 1307 de
676 1272 749 1307 illis
780 1272 882 1307 enim
903 1272 1057 1319 copiose
1090 1282 1202 1319 agere
1232 1271 1280 1307 ad
1297 1271 1485 1319 jurispru-

191 1325 362 1361 dentiam
383 1324 532 1360 civilem
553 1325 678 1372 magis
698 1325 876 1372 pertinet.
899 1324 955 1361 Ad
976 1335 1046 1361 nos
1063 1324 1167 1372 quod
1187 1325 1339 1369 attinet,
1359 1324 1419 1360 hic
1439 1324 1487 1360 de

189 1381 390 1413 contractu
421 1378 487 1424 qui
507 1382 679 1413 mutuum
706 1377 846 1414 dicitur
863 1376 1048 1414 disserere
1076 1376 1347 1414 tantummodo
1369 1377 1487 1413 susci-

191 1431 331 1478 pimus.

235 1485 295 1520 VI.
318 1485 486 1528 Questio.
508 1483 696 1527 Mutuum,
719 1488 761 1519 ut
779 1483 975 1531 colligitur
990 1494 1036 1519 ex
1052 1484 1140 1531 jure
1160 1494 1337 1527 romano,
1356 1482 1490 1518 defini-

190 1542 253 1572 tur
271 1547 279 1573 :
307 1536 532 1573 Contractus
553 1547 745 1580 onerosus,
767 1546 840 1582 quo
865 1536 951 1582 quis
971 1546 1049 1571 rem
1067 1546 1178 1572 suam
1200 1536 1257 1571 sic
1276 1535 1392 1571 alteri
1411 1539 1487 1570 tra-

189 1589 260 1633 dit,
278 1594 319 1626 ut
332 1589 464 1626 statim
476 1589 546 1636 fiat
563 1589 803 1636 accipientis,
820 1600 904 1625 cum
915 1588 1149 1635 obliqatione
1162 1588 1347 1624 reddendi
1355 1593 1487 1634 postea

188 1653 266 1679 rem
284 1643 449 1678 eamdem
466 1652 542 1677 nou
558 1652 727 1685 numero,
741 1641 805 1677 sed
818 1641 940 1687 specie
953 1646 986 1677 et
1004 1641 1183 1677 bonitate.
1196 1662 1241 1668 -
1255 1641 1352 1676 Nota
1367 1643 1403 1676 1⁰
1422 1640 1488 1676 illa

189 1696 317 1740 verba,
345 1700 387 1731 ut
405 1695 537 1731 statim
555 1695 626 1742 fiat
650 1694 891 1740 accipientis,
914 1694 1005 1740 quia
1025 1698 1188 1730 materia
1207 1694 1333 1729 mutui
1354 1697 1410 1730 est
1427 1703 1488 1728 res

190 1759 277 1796 quae
298 1749 381 1796 ipso
408 1759 480 1784 usu
503 1748 746 1784 consumitur
769 1751 810 1782 ut
835 1749 1080 1792 frumentum,
1103 1747 1237 1791 oleum,
1262 1747 1405 1792 vinum,
1423 1756 1488 1793 pe-

189 1802 331 1843 cum'a,·
349 1806 387 1838 et
417 1801 502 1837 ideo
528 1805 724 1836 mutuator
749 1799 963 1836 mutuando
991 1800 1171 1837 transfert
1198 1811 1311 1836 suum
1338 1800 1393 1835 rei
1424 1798 1488 1834 do-

190 1855 355 1891 minium
382 1854 420 1890 in
450 1853 729 1890 mutuatarium
755 1864 763 1888 :
793 1853 867 1888 nisi
891 1853 995 1890 enim
1028 1852 1263 1897 transferret,
1297 1856 1488 1888 mutuata-

189 1908 269 1943 rius
286 1918 363 1943 non
385 1911 514 1954 posset
534 1906 729 1942 destruere
746 1916 818 1941 usu
839 1916 920 1942 rem
947 1905 1020 1942 sibi
1043 1909 1262 1941 mutuatam
1284 1909 1320 1941 et
1340 1910 1490 1941 mutua-

190 1960 245 1996 tio
261 1964 361 1996 esset
384 1958 560 1995 ridicula.
579 1958 676 1994 Nota
696 1960 735 1994 20
754 1958 829 1994 alia
853 1958 969 1994 verba
986 1957 1032 1994 de
1053 1958 1297 1994 restitutione
1313 1957 1488 2004 ejusdem

135 2007 137 2009 ’
190 2012 245 2048 rei
271 2015 459 2048 mutuatae
480 2022 556 2048 non
579 2021 748 2057 numero,
768 2011 860 2058 quia
877 2011 959 2058 ipso
978 2020 1049 2046 usu
1066 2015 1297 2057 consumpta
1317 2015 1386 2055 est,
1421 2010 1486 2047 sed

189 2065 324 2111 specie,
345 2065 436 2111 quia
463 2065 494 2100 si
514 2063 597 2100 loco
618 2063 694 2100 olei
708 2074 741 2100 e.
762 2074 798 2111 g.
821 2063 1089 2100 restitueretur
1108 2063 1291 2110 pecunia,
1306 2063 1389 2109 ,iam
1410 2074 1488 2100 non

191 2116 396 2154 haberetur
412 2121 582 2153 mutuum
598 2116 664 2153 sed
677 2117 815 2163 emptio
829 2121 867 2153 et
880 2115 1062 2153 venditio.
1074 2136 1118 2143 —
1133 2115 1326 2157 Quaeritur
1341 2116 1459 2163 igitur
1477 2127 1487 2151 ;

191 2170 385 2206 Mutuator
400 2173 525 2217 potest
536 2180 614 2206 nea
628 2169 865 2207 mutuatario
883 2173 1054 2217 repetere
1071 2168 1216 2216 aliquid
1229 2172 1370 2216 praeter
1383 2169 1489 2204 resti-

191 2223 382 2260 tutionem
410 2224 540 2267 sortis‚
572 2222 645 2259 hoc
671 2227 728 2260 est
758 2223 811 2260 rei
840 2223 1055 2259 mutuatae?
1076 2221 1123 2258 Ut.
1140 2226 1246 2269 puta,
1268 2222 1402 2258 Petrus
1423 2221 1489 2258 dat

191 2275 310 2312 Paulo
334 2279 490 2312 centum
511 2274 661 2312 libellas
682 2280 833 2320 mutuo,
856 2279 894 2311 et
913 2275 952 2311 in
980 2275 1063 2323 ipsa
1082 2274 1326 2311 restitutione
1346 2274 1442 2322 petit
1468 2285 1489 2310 a

192 2329 311 2365 Paulo
329 2339 406 2365 non
431 2328 557 2365 solum
575 2332 731 2365 centum
750 2328 900 2365 libellas
922 2326 987 2364 sed
1015 2328 1133 2365 etiam
1153 2327 1333 2375 amplius,
1352 2337 1490 2374 nempe
