1584 2569
182 454 464 492 Praeeedentem
488 454 746 502 Appendieem
764 453 901 502 primae
918 452 1078 489 editioni
1102 452 1267 489 Summae
1285 451 1430 488 addidi.

135 510 261 545 Mense
286 513 415 545 autem
450 508 554 553 Julii,
583 509 699 555 hujus
734 507 922 544 currentis
951 507 1041 542 anni
1076 507 1179 551 1877,
1213 505 1262 542 ad
1294 516 1433 542 manus

136 562 308 609 pervenit
336 561 533 606 foliolum3
561 561 665 608 quod
695 561 801 608 prius
826 561 907 596 sine
934 560 1103 596 auctoris
1129 559 1286 595 nomine
1316 559 1434 595 inser-

135 619 220 651 tum
240 614 310 650 sub
339 614 465 650 forma
490 614 713 662 appendicis
740 613 925 661 opusculo
952 612 992 648 P.
1021 612 1196 648 Ramiere
1222 622 1230 647 :
1260 611 1437 648 l'Accord

135 668 179 703 de
194 667 233 703 la
246 667 494 714 philosophie
510 667 554 703 de
571 666 613 703 S.
638 667 800 702 Thomas
814 670 847 702 et
863 665 907 701 de
925 665 963 701 la
978 664 1123 701 science
1138 664 1325 709 moderne,
1346 669 1434 708 etc.‚

138 724 271 767 postea
296 720 503 767 separatim
534 718 682 755 editum
709 724 765 755 est
796 720 844 754 Le
867 718 964 764 Puy,
996 717 1066 752 sub
1093 717 1167 753 hoc
1195 717 1308 752 titulo
1337 727 1346 752 :
1377 716 1436 752 La

139 772 397 820 Composition
418 772 480 809 des
498 783 609 818 corps
631 772 780 818 d'apre's
802 771 852 807 les
875 771 972 807 deux
990 771 1163 816 systemes
1182 769 1252 816 qui
1272 769 1437 805 divi-sent

138 825 189 862 les
203 825 319 862 e'coles
336 825 583 872 catholiques‚
594 836 673 871 par
691 825 722 861 le
737 825 782 860 P.
798 824 900 860 Paul
919 823 1104 868 Bottalla,
1117 822 1341 869 profess-eur
1357 823 1382 857 ὰ
1398 823 1435 858 la

136 878 295 914 Fal-ulte
309 878 353 914 de
371 877 555 924 theologie
571 878 616 914 de
632 878 812 913 Poitiers.
828 877 960 920 Porro,
990 877 1008 920 ἓ
1032 875 1092 920 ΙΧ,
1110 876 1252 911 Auctor
1271 875 1411 921 quaerit
1427 885 1435 909 :

137 941 214 978 qua
229 931 380 967 ratione
395 935 557 978 systema
575 930 864 976 peripateticum
883 928 1010 975 quoad
1029 938 1234 974 corporum
1253 927 1436 974 composi—

139 985 277 1020 tionem
288 994 312 1019 a
323 993 461 1029 mayno
471 993 626 1019 numero
641 982 917 1018 catholicorum
925 980 1248 1028 philosophorum
1257 980 1438 1026 rejectum

137 1041 190 1072 est
205 1035 225 1072 ‚9
247 1057 292 1062 —
316 1036 362 1072 Et
388 1037 487 1072 inter
506 1036 582 1072 alia
607 1034 815 1082 respondet
840 1046 848 1070 ;
877 1035 969 1081 quia
992 1034 1246 1080 metaphysice
1272 1032 1438 1069 conside-

137 1093 278 1134 ratum,
296 1089 444 1125 nullum
467 1088 577 1124 habet
593 1089 760 1124 valorem
775 1087 1114 1123 demonstrativum
1135 1086 1194 1130 (P.
1215 1085 1413 1131 Ziyliara)
1430 1097 1437 1126 ;

139 1143 243 1189 quia,
265 1145 336 1178 etc.
363 1143 465 1189 (pag.
486 1143 536 1186 6).
556 1141 609 1176 Ne
630 1145 760 1176 autem
781 1151 827 1176 ex
847 1140 972 1175 verbis
992 1140 1099 1175 citati
1122 1139 1298 1174 Auctoris
1318 1139 1439 1174 lector

140 1196 178 1231 in
211 1205 381 1230 errorem
414 1193 619 1229 inducatur
650 1198 688 1228 et
722 1203 784 1228 me
816 1193 916 1228 inter
944 1191 1184 1227 adversarios
1219 1192 1440 1238 systematis

142 1247 380 1291 Scholastici‚
408 1246 511 1293 quod
533 1246 571 1281 in
598 1246 755 1282 Summa
778 1244 1058 1291 philosophica
1083 1244 1325 1290 apertissime
1352 1255 1439 1290 pro-

142 1311 285 1348 pugno,
301 1299 543 1344 adnumeret,
560 1298 746 1334 nonnulla
763 1298 927 1334 breviter
941 1297 980 1332 in
997 1296 1070 1332 hac
1086 1295 1255 1332 secunda
1270 1295 1440 1332 editione

142 1352 484 1389 animadvertenda
503 1357 605 1387 sunt.

190 1408 226 1441 1ο
249 1406 291 1441 111
315 1404 559 1451 Cosmologia
586 1405 666 1440 Lib.
695 1404 742 1448 11,
764 1413 846 1450 cap.
872 1402 920 1447 ΙΙ,
944 1406 983 1438 et
1007 1402 1046 1438 in
1073 1402 1262 1448 superiori
1287 1402 1446 1452 Appen-v

142 1459 224 1495 dice
250 1462 381 1505 aperte
407 1457 487 1493 dixi
513 1457 559 1493 de
585 1461 791 1504 systemate
817 1455 1046 1492 scholastico
1076 1454 1203 1501 quoad
1230 1464 1436 1501 corporum

141 1511 475 1559 compositionem,
495 1509 598 1557 quod
621 1509 775 1545 etiamsi
792 1508 958 1544 valorem
983 1507 1333 1551 demonstrativum,
1352 1517 1438 1542 mea

142 1564 299 1611 quidem
320 1563 521 1607 sententia,
546 1573 623 1599 non
642 1562 823 1608 alti7zyat‚
847 1560 1104 1597 nihilominus
1127 1560 1293 1606 pondere
1317 1559 1438 1595 ratio-

141 1627 231 1654 num
253 1627 330 1653 non
346 1621 461 1661 caret,
484 1616 559 1652 imo
583 1615 683 1651 illud
695 1625 783 1661 proe
801 1613 933 1651 ceteris
949 1612 1215 1660 systematibus
1237 1613 1345 1659 lonqe
1360 1623 1440 1648 ma·

143 1670 265 1716 forem
292 1668 607 1716 probabilitatem
636 1679 721 1714 proe
751 1678 788 1703 se
818 1667 894 1712 fert
927 1666 1094 1713 (Prolog.
1128 1666 1168 1701 in
1201 1666 1291 1712 Cap.
1325 1665 1372 1708 11,
1404 1670 1440 1700 et

143 1722 346 1768 Append.).
376 1721 522 1762 Quibus
543 1720 692 1767 positis,
711 1729 827 1766 supra
843 1719 961 1754 citata
981 1718 1266 1765 argumentatio
1289 1718 1330 1753 P.
1355 1718 1440 1752 Bot-

146 1775 236 1810 talla
252 1773 381 1818 habet,
400 1774 439 1809 in
457 1772 629 1820 subJ'ecta
645 1772 809 1807 materia
824 1771 928 1807 hunc
944 1781 1100 1806 sensum
1121 1781 1128 1805 :
1150 1770 1325 1816 Systema
1344 1770 1440 1817 peri·

146 1827 355 1876 pateticum
372 1825 501 1873 quoad
519 1835 725 1872 corporum
743 1824 1064 1871 compositionem
1079 1833 1102 1859 a
1117 1833 1260 1870 magno
1278 1832 1440 1858 numero

145 1880 425 1917 catholicorum
445 1880 631 1926 reJ'ectum
651 1882 721 1923 est,
746 1878 837 1924 quia
859 1877 961 1912 inter
979 1880 1105 1912 cetera
1124 1879 1334 1923 systemata
1354 1885 1442 1922 quae

147 1934 217 1969 hac
252 1932 298 1968 de
330 1943 369 1968 re
401 1931 723 1968 circumferuntur
750 1930 863 1977 longe
896 1928 1134 1977 probabilius
1167 1932 1236 1963 est.
1271 1927 1326 1962 Ex
1365 1938 1441 1973 quo

146 1986 263 2022 etiam
289 1984 421 2021 inferri
451 1984 680 2032 generaliter
708 1986 847 2030 potest,
875 1986 1042 2029 systema
1067 1980 1161 2016 illud
1188 1979 1442 2027 rejiciendum

146 2049 228 2075 esse
254 2037 358 2085 quod
386 2048 465 2085 prae
485 2038 570 2073 aliis
590 2036 729 2083 majori
756 2035 897 2083 gaudet
923 2034 1215 2082 probabilitate!
1245 2034 1337 2075 Quae
1362 2033 1442 2068 illa-

148 2092 216 2137 tio,
238 2101 355 2138 quam
375 2089 542 2127 absurda
563 2091 624 2135 sit,
643 2090 764 2126 lector
782 2099 850 2137 per
867 2099 906 2124 se
922 2087 1026 2124 videt
1044 2097 1053 2122 ε
1072 2091 1111 2123 et
1126 2086 1214 2123 ideo
1231 2086 1443 2123 absurdum

148 2149 205 2180 est
224 2145 458 2192 principium
479 2143 580 2179 unde
601 2142 667 2179 illa
685 2142 808 2190 logice
827 2141 1003 2177 infertur.

195 2199 233 2232 2⁰
266 2195 305 2233 Si
338 2198 376 2232 in
408 2196 654 2243 Cosmologia
684 2195 829 2231 asserui
860 2198 1028 2242 systema
1059 2192 1332 2230 scholasticum
1365 2201 1443 2228 non

149 2250 337 2298 attingere
368 2249 538 2286 valorem
568 2248 928 2292 demonstrativum,
959 2247 998 2283 in
1033 2245 1286 2294 Psychologia
1315 2249 1444 2280 tamen

83 2351 86 2354 ,
151 2303 258 2339 artic.
279 2304 337 2348 13,
357 2306 396 2339 et
414 2303 454 2340 in
474 2302 636 2349 append.
655 2312 694 2337 n.
712 2301 791 2346 VII,
812 2300 1000 2337 affirmavi
1018 2300 1191 2347 rigorosa
1209 2298 1444 2333 demonstra-

152 2356 256 2392 tione
279 2356 433 2400 probari
451 2356 621 2392 animam
645 2355 856 2391 humanam
875 2364 955 2390 esse
974 2364 1059 2390 vere
1083 2352 1248 2388 formam
1270 2351 1442 2387 substan-
