1584 2569
182 149 242 184 1⁴2
316 159 374 185 JUS
391 160 554 186 NATURAE.
579 160 649 185 Lm.
672 160 696 185 1.
721 160 796 185 CAP.
820 160 859 184 11.
878 160 921 184 DE
943 160 1016 185 OFF.
1037 161 1124 185 ΗΟΜ.
1144 160 1236 186 ERGA
1255 160 1348 185 DEUM

181 231 331 273 Loquor
348 230 394 267 de
408 232 635 268 necessitate
650 231 801 275 morali,
824 235 971 267 attenta
988 242 1125 279 nempe
1146 231 1324 279 praesenti
1344 231 1468 268 homi-

179 293 271 320 num
292 283 524 320 conditione.
546 283 689 321 Deinde
709 285 848 331 loquor
868 284 913 321 de
931 285 1164 332 cognitione,
1184 295 1271 331 quae
1292 284 1466 320 absolute

178 340 360 383 spectata,
383 336 514 373 haberi
533 342 692 384 potesta
705 336 850 373 viribus
871 338 1008 373 nativis
1025 337 1187 374 rationis
1204 337 1386 374 humanae
1405 337 1468 372 ab-

179 389 300 425 solute
327 389 592 435 consideratae,
615 400 752 437 nempe
783 389 830 426 de
851 390 1071 437 cognitione
1096 391 1301 427 veritatum
1325 389 1467 426 divina-

178 452 263 478 rum
291 451 377 488 quae
399 452 467 489 per
492 453 530 478 se
555 453 632 479 non
657 447 839 489 superant
867 443 1200 490 investigationem
1227 443 1402 487 rationis,
1431 447 1467 478 et

180 504 263 540 quae
284 495 525 531 constituunt
545 500 695 543 partem
716 494 966 532 theoreticam
987 496 1184 544 religionis
1201 495 1410 532 naturalis.
1423 515 1460 520 —

179 546 366 582 Probatur
398 548 610 594 propositio
642 547 789 583 rat10ne
819 547 1084 584 efficacissima
1109 548 1147 584 S.
1178 548 1336 584 Thomae
1363 547 1403 583 P.
1437 547 1466 591 1,

178 599 247 640 Qu.
266 599 294 642 1,
315 599 430 636 Artic.
454 600 481 644 Ι,
500 604 538 636 et
559 600 586 644 1,
599 600 740 636 Contra
763 599 938 645 Gentiles,
956 600 1246 647 Cap.lV,quam
1262 611 1395 636 omnes
1411 609 1466 635 re-

177 651 332 699 ligionis
347 651 575 688 Christianae
590 653 816 700 apologistae
838 652 1035 690 adducunt
1055 657 1093 689 et
1112 663 1229 700 quam
1247 663 1370 699 nuper
1391 652 1467 688 sere

177 704 225 741 ad
249 705 419 741 litteram
447 706 686 752 transcripsit
712 716 857 753 suaque
885 706 1114 742 auctoritate
1145 706 1313 741 firmavit
1336 705 1468 741 Conci-

177 759 271 793 lium
286 757 526 794 Vaticanum.
549 779 594 785 —
611 758 751 795 Omnes
771 763 809 795 et
826 759 967 806 singuli
989 759 1164 794 homines
1187 759 1334 794 ratione
1359 762 1468 793 uten-

177 815 233 846 tes
253 809 391 846 debent
412 815 511 846 recte
529 815 566 847 et
590 812 670 848 sine
691 821 819 848 errore
839 812 980 848 sentire
1005 811 1051 848 de
1076 811 1167 856 Deo,
1190 815 1232 847 ut
1259 811 1466 858 probatum

177 867 233 898 est
250 862 287 899 in
306 862 536 911 praecedenti
554 864 831 911 propositione.
850 865 964 911 Atqui
985 865 1066 900 sine
1083 863 1315 900 revelatione
1339 862 1469 900 divina

178 920 214 951 et
240 915 319 952 solo
342 916 502 952 rationis
522 916 682 961 lumine,
706 917 886 953 veritates
910 927 997 963 quae
1024 917 1144 952 Deum
1170 916 1379 963 respiciunt
1399 916 1468 951 sci-

179 974 296 1016 tuque
314 970 537 1005 necessariae
548 974 651 1015 sunt,
670 971 830 1006 nonnisi
848 982 873 1007 α
886 971 1038 1016 paucis,
1060 975 1094 1006 et
1106 974 1193 1016 post
1215 970 1366 1016 lonqum
1387 974 1468 1005 tem-

175 1032 261 1067 pus,
287 1026 324 1058 et
347 1031 431 1058 cum
448 1022 686 1058 admixtione
711 1023 916 1059 multorum
939 1033 1111 1059 errorum
1138 1021 1468 1069 dignoscerentur.

177 1074 275 1121 Ergo
297 1078 338 1110 ut
353 1074 471 1110 homo
489 1079 590 1111 recte
610 1079 648 1111 et
665 1085 752 1111 cum
768 1075 897 1111 debita
917 1075 1145 1111 certitudine
1167 1075 1213 1110 de
1224 1075 1299 1111 Deo
1312 1075 1466 1119 sentiat,

178 1137 329 1163 necesse
349 1131 405 1162 est
426 1131 468 1163 ut
487 1127 701 1164 instruatur
724 1138 791 1176 per
815 1127 983 1163 divinam
1005 1127 1289 1163 revelationem,
1313 1146 1356 1152 —
1378 1127 1468 1162 Pro·

180 1180 294 1215 batur
313 1180 440 1215 minor
460 1191 472 1216 :

225 1233 254 1268 Α
279 1233 433 1278 paucis.
455 1233 485 1268 A
510 1232 682 1269 studiosa
708 1234 811 1269 enim
838 1234 1008 1269 veritatis
1032 1233 1283 1279 inquisitione
1309 1233 1469 1280 plurimi

178 1284 456 1332 impediuntur,
484 1285 542 1320 vel
568 1289 725 1332 propter
747 1285 1025 1333 complexionis
1051 1285 1401 1332 indispositionem,
1425 1296 1470 1321 ex

178 1348 254 1384 qua
280 1337 391 1373 multi
419 1337 648 1374 naturaliter
672 1342 761 1374 sunt
787 1338 1004 1385 indispositi
1020 1337 1067 1374 ad
1088 1338 1301 1382 scientiam,
1322 1342 1359 1373 et
1385 1348 1470 1373 con-

180 1394 382 1437 sequenter
401 1390 506 1426 nullo
520 1390 647 1427 studio
669 1396 829 1438 possunt
846 1402 1044 1426 summum
1065 1391 1296 1438 cognitionis
1308 1390 1471 1438 gradum

181 1444 380 1490 attingere,
405 1443 471 1490 qui
496 1444 534 1478 in
559 1443 824 1490 cognoscendo
854 1444 975 1479 Deum
1002 1444 1178 1480 consistit
1199 1455 1207 1488 ;
1228 1444 1288 1480 vel
1314 1448 1471 1491 propter

182 1495 446 1531 necessitatem
470 1496 523 1531 rei
551 1495 765 1540 familiaris,
794 1496 842 1531 ob
874 1506 991 1543 quam
1021 1506 1173 1532 necesse
1201 1500 1258 1531 est
1283 1500 1326 1532 ut
1358 1495 1471 1533 multi

181 1547 458 1595 temporalibus
495 1547 813 1584 administrandis
849 1548 1089 1593 incumbant,
1121 1552 1158 1584 et
1193 1553 1471 1594 consequenter

181 1610 257 1635 non
283 1600 374 1636 satis
395 1601 463 1636 otii
490 1600 565 1636 illis
593 1605 662 1645 est,
690 1606 732 1637 ut
761 1600 809 1637 ad
836 1611 1034 1636 summum
1061 1600 1259 1648 fastigium
1289 1601 1471 1637 humanae

181 1653 423 1700 cognitionis,
453 1653 595 1689 scilicet
621 1653 755 1697 Deum,
790 1653 947 1701 proprio
978 1653 1105 1689 studio
1144 1654 1386 1700 pertingant3
1414 1653 1473 1689 vel

184 1709 337 1752 propter
356 1705 554 1752 pigritiam
571 1716 579 1740 :
602 1715 692 1741 nam
707 1705 756 1741 ad
775 1706 1037 1752 cognitionem
1058 1716 1192 1741 eorum
1221 1716 1307 1752 quae
1328 1705 1374 1741 de
1394 1706 1471 1740 Deo

183 1758 278 1793 ratio
300 1758 529 1805 investigare
552 1762 690 1805 potest,
715 1758 838 1794 multa
861 1768 1173 1805 praecognoscere
1194 1763 1359 1806 oportet,
1383 1768 1471 1794 cum

184 1810 258 1845 fere
282 1811 400 1846 totius
422 1810 677 1858 philosophiae
698 1810 954 1847 consideratio
975 1810 1023 1846 ad
1041 1810 1107 1846 Dei
1127 1811 1388 1858 cognitionem
1410 1821 1470 1846 or-

187 1862 350 1907 dinetur,
379 1867 416 1899 et
437 1867 716 1909 consequenter
740 1863 894 1900 nonnisi
920 1873 1008 1899 cum
1031 1873 1173 1911 magno
1199 1863 1329 1900 labore
1353 1862 1470 1899 studii

184 1915 231 1951 ad
252 1915 447 1962 praedictae
469 1915 608 1951 divinae
619 1916 789 1952 veritatis
809 1916 1100 1963 inquisitionem
1120 1917 1305 1963 perveniri
1326 1920 1469 1963 potest;

185 1979 299 2014 quem
321 1968 477 2015 quidem
494 1969 667 2005 laborem
688 1969 799 2016 pauci
819 1968 947 2005 subire
967 1968 1101 2004 volunt
1115 1979 1184 2015 pro
1200 1979 1332 2005 amore
1353 1969 1473 2005 scien-

186 2021 260 2065 tiae,
283 2022 392 2067 cujus
414 2026 544 2058 tamen
568 2022 762 2058 mentibus
786 2021 990 2058 hominum
1011 2022 1227 2058 naturalem
1248 2022 1347 2058 Deus
1371 2022 1470 2058 inse-

184 2073 259 2108 ruit
279 2074 509 2120 appetitum.
535 2094 580 2101 —
600 2075 688 2111 Haec
711 2074 954 2112 ratiocinatio
976 2074 1167 2111 evidentia
1187 2074 1378 2110 factorum
1406 2074 1474 2110 hu-

185 2135 388 2161 manorum
405 2127 553 2162 nititur.

229 2178 321 2214 Post
339 2178 491 2225 lonyum
508 2184 662 2226 tempus.
677 2180 722 2215 Et
738 2181 862 2227 primo
884 2179 1039 2226 quidem
1057 2184 1213 2227 propter
1229 2180 1401 2216 veritatis
1418 2179 1474 2215 di-

185 2231 283 2268 vinae
304 2231 622 2279 profunditatem,
641 2232 689 2268 ad
707 2243 824 2279 quam
845 2232 1070 2280 capiendam
1090 2243 1157 2280 per
1173 2233 1275 2269 viam
1297 2233 1472 2276 rationis,

187 2284 338 2320 nonnisi
358 2288 445 2332 post
477 2284 637 2332 longum
669 2285 894 2322 exercitium
924 2284 1138 2321 intellectus
1166 2284 1360 2321 humanus
1390 2284 1474 2321 ido-

186 2346 280 2372 neus
305 2336 521 2382 invenitur;
555 2336 692 2373 deinde
723 2341 879 2384 propter
907 2337 1031 2373 multa
1063 2348 1149 2384 quae
1184 2338 1475 2385 praeexiguntur

188 2387 316 2426 studio
331 2388 547 2427 divinarum
569 2400 711 2435 rerum,
727 2394 769 2425 ut
784 2389 930 2426 dictum
944 2394 1023 2435 est;
1045 2388 1209 2436 denique
1228 2394 1384 2438 propter
1403 2388 1477 2426 ’noo
