1584 2569
181 115 247 150 324
740 121 915 148 Arrsnmx

179 196 249 240 ris,
272 205 359 231 cum
382 193 517 230 asserit
536 193 575 229 in
594 191 752 229 homine
779 203 859 228 esse
879 194 1051 239 eorpus?
1074 196 1222 240 Corpus
1248 195 1474 240 simpiictter

180 253 223 284 ut
242 258 380 295 corpus
398 247 539 283 dicitur
556 246 815 293 compositum
835 245 1086 281 substantiale
1100 256 1146 280 ex
1166 247 1329 282 materia
1349 247 1473 293 prima

179 306 218 337 et
240 301 365 337 forma
386 299 618 346 simpliciter
633 303 671 335 et
689 298 876 334 exclusive
895 309 1080 346 corporea
1108 299 1310 335 resultans.
1339 299 1381 335 In
1402 299 1472 336 hoc

180 365 293 389 sensu
334 363 520 400 negamus
558 352 597 387 in
636 351 793 387 homine
831 361 911 387 esse
951 361 1112 398 corpus;
1149 350 1214 386 sed
1257 362 1397 399 corpus
1434 353 1471 388 in

179 407 337 443 homine
354 410 411 442 est
427 402 672 441 solummodo
686 414 783 450 pars
799 403 1016 440 materialis
1033 404 1215 449 hominis,
1234 415 1300 440 seu
1317 416 1472 453 compo-

179 459 243 495 siti
263 458 424 494 humani
443 468 452 493 :
475 456 579 504 quod
602 457 633 492 si
653 457 795 492 Auctor
810 457 1047 493 contrarium
1072 457 1269 504 supponit,
1290 459 1474 506 supponit

180 512 338 560 praecise
370 511 407 547 id
440 510 543 557 quod
579 511 659 557 ipse
687 510 851 558 probare
882 509 1050 546 deberet.
1068 530 1114 537 —
1134 513 1171 546 20
1193 510 1339 557 Corpus
1368 523 1473 548 omne

175 566 295 612 juxta
315 563 559 601 adversarios
575 568 629 599 est
648 564 852 599 intrinsece
869 574 1006 610 corpus
1020 574 1092 610 per
1111 565 1314 600 materiam
1334 570 1368 601 et
1391 566 1473 611 for-

179 629 281 654 mam
298 629 310 653 :
330 627 468 663 nempe
488 627 564 652 non
589 626 676 663 pars
696 615 907 651 materialis
924 616 1109 662 corporis,
1131 615 1196 652 sed
1215 626 1355 664 corpus
1376 618 1473 654 scili-

180 674 241 706 cet
263 670 522 717 compositum
548 668 800 705 substantiale
826 672 895 714 est,
916 669 1030 715 J'uxta
1055 679 1139 713 nos,
1165 668 1368 706 intrinsece
1392 681 1474 707 cor-

181 734 253 770 pus
286 733 353 770 per
383 723 585 758 materiam
614 722 788 768 primam
821 725 859 757 ct
896 732 964 768 per
995 721 1174 767 formam,
1208 731 1295 768 quae
1329 727 1386 759 est
1416 724 1473 760 vel

178 775 401 821 formaliter
420 774 478 810 vel
495 774 716 810 virtualiter
727 785 793 810 seu
804 775 1008 810 eminenter
1019 784 1222 821 corporea3
1234 795 1279 801 —-
1290 777 1328 812 3⁰
1337 777 1476 813 Forma

180 839 256 875 qua
271 827 520 864 constituitur
533 837 671 873 corpus
685 827 893 863 humanum
909 827 1071 863 dicenda
1088 831 1141 862 est
1151 838 1248 873 pars
1262 829 1475 866 essentialis

181 882 344 918 humani
372 882 560 927 corporis.
592 879 691 921 Quid
721 885 778 916 est
806 891 942 926 corpus
965 879 1205 916 humanum?
1222 880 1305 917 Non
1332 882 1476 930 simpli-

180 935 274 970 citer
296 945 433 980 eorpus
455 933 522 969 sed
545 944 684 980 corpus
704 932 933 969 humanum.
957 932 1054 980 Ergo
1076 934 1324 979 compositum
1343 935 1477 971 intrin-

181 998 263 1023 sece
284 998 330 1023 ex
356 986 519 1022 materia
552 986 678 1032 prima
708 990 746 1021 et
777 996 823 1021 ex
850 986 979 1031 forma
1007 985 1261 1021 essentialiter
1292 987 1474 1024 humana.

181 1040 445 1087 Compositum
464 1043 594 1074 autem
606 1043 663 1074 est
676 1049 722 1074 ex
737 1038 899 1073 materia
910 1038 1036 1085 prima
1049 1043 1141 1073 etex
1155 1038 1285 1084 forma
1298 1042 1477 1077 essentia-

180 1093 270 1128 liter
297 1093 479 1134 humana,
511 1091 585 1127 hoc
612 1094 670 1126 est
697 1101 744 1126 ex
776 1091 906 1126 anima
934 1090 1127 1135 rationali,
1158 1101 1236 1126 non
1268 1095 1325 1127 est
1351 1093 1476 1129 solum

181 1157 332 1192 corpus,
355 1144 421 1181 sed
440 1149 498 1180 est
517 1144 791 1191 compositum,
811 1143 915 1190 quod
936 1142 1052 1178 habet
1071 1153 1160 1189 esse,
1189 1148 1226 1179 et
1251 1155 1327 1180 esse
1345 1156 1477 1192 corpo-

180 1209 299 1241 reum,
327 1201 364 1232 et
394 1207 471 1233 esse
499 1196 725 1240 animatum,
755 1199 793 1230 et
817 1205 892 1230 esse
923 1195 1129 1240 rationale,
1152 1199 1194 1231 ut
1224 1195 1363 1243 loquar
1390 1209 1477 1234 cum

179 1250 391 1297 Angelico:
423 1253 461 1285 et
493 1248 577 1284 ideo
612 1247 653 1282 τὸ
692 1258 830 1294 eorpus
861 1248 1084 1292 humanum,
1117 1257 1202 1284 vere
1234 1254 1271 1284 et
1305 1251 1479 1298 rigorose

180 1302 389 1350 loquendo,
408 1302 582 1349 quamvis
600 1312 677 1337 non
694 1301 866 1347 explicet,
883 1305 1012 1336 tamen
1031 1301 1285 1337 essentialiter
1302 1303 1479 1349 implicat

183 1361 309 1392 totum
340 1355 552 1391 hominem.
588 1354 696 1390 Falso
728 1364 819 1401 ergo
844 1352 1088 1389 concluditur
1116 1353 1218 1400 quod
1248 1354 1374 1392 forma
1404 1367 1481 1403 qua

182 1409 433 1445 constituitur
463 1418 603 1455 corpus
636 1407 852 1443 humanum
882 1406 1044 1443 dicenda
1072 1406 1121 1443 sit
1149 1418 1237 1454 pars
1267 1411 1481 1447 essentialis

186 1462 348 1498 humani
368 1461 554 1508 corporiS,
573 1461 603 1495 si
631 1471 699 1507 per
723 1471 862 1507 corpus
882 1459 1099 1495 humanum
1129 1460 1368 1508 intelligatur
1392 1463 1481 1498 sim-

183 1515 333 1562 pliciter
360 1524 512 1561 corpus,
533 1513 590 1549 vel
618 1523 705 1560 pars
737 1512 947 1548 materialis
977 1520 1142 1547 HOMINJS.
1175 1512 1247 1548 Sed
1275 1513 1479 1552 dicendum

183 1566 287 1614 quod
308 1566 432 1602 forma
452 1565 530 1609 illa,
553 1566 683 1601 anima
703 1564 888 1609 humana,
909 1564 959 1600 sit
985 1574 1074 1611 pars
1100 1565 1312 1601 essentialis
1331 1577 1481 1614 compo-

183 1619 255 1654 siti
281 1618 457 1662 humani,
485 1616 588 1664 quod
618 1617 775 1663 quidem
802 1627 879 1652 esse
907 1626 1136 1663 corporeum
1166 1616 1282 1653 habet
1310 1618 1376 1654 sed
1406 1630 1483 1656 esse

188 1670 291 1718 quod
314 1682 392 1707 non
410 1674 466 1707 est
483 1669 728 1705 solummodo
746 1679 980 1716 corporeum.

234 1724 373 1760 M1NOR.
396 1723 487 1759 Hoec
508 1727 632 1758 autem
649 1722 779 1768 forma
799 1723 842 1758 in
865 1721 1066 1768 hypothesi
1090 1722 1340 1769 (thomistica)
1369 1735 1484 1771 quam

188 1777 459 1824 impugnamus
479 1780 532 1812 est
558 1775 646 1821 ipsa
665 1775 828 1811 essentia
849 1776 991 1811 animoe
1009 1775 1219 1811 rationalis
1228 1787 1243 1820 ,·
1260 1787 1349 1812 nam
1366 1788 1484 1814 causa

183 1829 367 1876 formalis
394 1828 737 1865 communicatione
764 1829 933 1864 essentioe
959 1838 1040 1863 suae
1067 1832 1199 1864 actuat
1223 1829 1425 1865 materiam
1451 1835 1485 1867 et

186 1883 385 1920 constituit
418 1887 561 1926 totum;
591 1892 709 1917 causa
734 1891 820 1917 vero
847 1881 1028 1927 formalis
1057 1892 1140 1927 quae
1169 1882 1283 1918 unita
1313 1885 1486 1920 maleriae

183 1936 322 1982 primoe
340 1935 442 1981 facit
467 1945 544 1970 esse
565 1944 704 1980 corpus
724 1938 777 1970 est
799 1935 933 1970 anima
951 1933 1176 1971 rationalis.
1196 1934 1353 1981 Nempe,
1371 1935 1485 1982 juxta

189 1988 487 2035 explicationem
516 1982 662 2032 datam,
695 1997 810 2023 causa
841 1986 1026 2030 formalis,
1054 1996 1139 2032 quae
1172 1987 1282 2022 unita
1312 1989 1485 2024 materice

182 2041 323 2088 primoe
339 2039 429 2076 facit
454 2049 534 2075 esse
554 2050 694 2087 corpus
721 2038 950 2084 humanum,
973 2049 1039 2074 seu
1061 2038 1187 2074 forma
1209 2038 1372 2075 humani
1390 2051 1482 2076 eom.

186 2093 311 2139 positi
330 2102 376 2127 ex
398 2092 529 2127 anima
549 2095 585 2127 et
611 2092 775 2127 materia
795 2091 933 2138 prima,
955 2094 1013 2128 est
1041 2090 1124 2138 ipsa
1152 2092 1316 2127 essentia
1344 2093 1486 2129 animae

189 2144 404 2181 rationalis.

236 2197 390 2232 PnnuUM
417 2204 671 2238 CONSEQUENS.
698 2197 804 2243 Eryo
826 2197 951 2243 (juxta
972 2196 1188 2240 thomistas)
1211 2197 1486 2244 affirmandum

187 2250 350 2296 estquod
360 2250 494 2285 anima
507 2249 716 2285 rationalis
729 2251 781 2285 sit
787 2260 884 2296 pars
897 2249 1107 2285 intrinseca
1120 2250 1294 2295 corporis
1309 2249 1482 2286 humani.

188 2324 232 2330 —
265 2302 405 2338 Sensus
440 2302 555 2350 hujus
587 2302 856 2348 conclusionis,
885 2303 999 2349 juxta
1022 2302 1241 2349 praemissa,
1275 2307 1361 2338 est:
1396 2313 1484 2349 erqo

187 2355 465 2404 affirmandum
483 2359 536 2391 est
563 2355 664 2403 quod
684 2355 818 2391 anima
844 2355 1055 2392 rationalis
1078 2355 1130 2390 sic
1151 2365 1248 2401 pars
1272 2354 1486 2392 intrinseca
