1554 2569
108 113 280 144 uranus
289 117 447 143 cnirssmo
455 116 672 143 nxrmnsssco
679 116 915 143 uoRALerns
923 118 1106 150 Acrsonuu
1116 119 1335 145 uuxANAnuu
1350 112 1368 146 3
1375 113 1393 146 ὅ

106 200 194 226 vero
217 189 292 224 sint
317 188 546 224 difformes?
566 188 731 234 Aliquod
752 188 884 234 procul
910 188 1025 225 dubio
1053 190 1283 237 principium
1311 192 1390 227 (tari

106 252 259 279 neeesse
274 245 344 284 est,
363 242 467 288 quod
485 244 521 277 et
540 241 747 277 constituat
767 241 1027 278 moralitatem
1042 242 1236 278 actionum
1257 243 1391 280 huma-

105 304 258 339 narum,
275 298 311 330 et
325 292 429 340 quod
442 293 604 341 proinde
616 293 663 329 sit
676 293 872 329 criterium
888 305 964 341 quo
976 294 1075 331 ratio
1090 299 1224 331 nostra
1235 296 1282 332 ad
1299 307 1391 343 prae-

104 347 225 383 fatam
246 346 507 382 moralitatem
520 346 770 393 judicandam
791 350 894 383 certo
913 347 1070 384 nitatur.
1092 347 1285 390 Quaeritur
1302 359 1391 395 ergo

106 399 304 446 quodnam
327 399 374 434 sit
393 398 465 434 hoc
484 409 708 446 supremum
732 398 939 435 criterium.
962 401 1039 441 Est,
1058 402 1100 435 ut
1116 404 1233 448 patet,
1256 402 1390 438 eadem

105 452 279 498 quaestio,
301 462 419 498 quam
445 452 485 487 in
512 452 650 498 Logica
677 451 904 498 agitavimus
933 452 980 489 ‹le
1012 463 1194 500 supremo
1220 455 1390 490 veritatis

104 505 279 549 criterio;
300 503 402 539 unde
426 504 572 540 eaedem
598 504 672 539 hue
698 504 900 540 divisiones
923 505 1146 552 opinionum
1173 512 1389 543 recurrunt.

104 557 177 592 Alii
205 567 373 603 namque
398 557 536 592 sistunt
563 558 600 592 in
631 557 783 593 criterio
812 558 1050 599 extrinseco:
1081 558 1143 594 alii
1173 559 1212 595 in
1241 560 1390 596 criterio

105 608 568 655 intrinseco-subJ‘eetivo3
592 608 656 644 alii
682 608 845 655 denique
865 609 903 646 in
925 610 1077 646 criterio
1099 611 1392 647 intrinseco-ob-

101 662 253 708 jectivo.

152 714 198 750 11.
220 714 423 759 opiniones
440 715 486 751 de
504 715 663 752 criterio
680 716 912 753 extrinseco.
928 715 1199 753 Adsertoribus
1214 718 1392 754 omnibus

105 767 246 803 criterii
272 767 460 803 exclusive
493 768 695 803 extrinseci
722 778 928 803 commune
958 768 1189 816 principium
1219 775 1275 805 est
1300 771 1392 806 nihil

106 830 187 855 esse
208 819 433 855 naturaliter
460 830 496 855 et
521 820 724 856 intrinsece
742 820 902 865 morale,
924 831 990 856 seu
1009 820 1214 857 honestum
1234 823 1291 858 vel
1315 827 1392 859 tur-

106 882 172 917 pe;
195 871 259 906 sed
280 871 317 906 in
340 871 572 918 assignanda
591 872 740 907 ratione
762 873 979 908 extrinseca
997 872 1192 909 undenam
1211 875 1389 922 quaedam

105 924 271 960 actiones
292 924 469 959 dieantur
486 923 671 967 honestae,
691 924 871 970 quendam
890 931 1035 972 turpes,
1055 937 1130 962 non
1149 928 1388 964 conveniunt.

103 977 244 1012 Eorum
266 977 463 1024 opiniones
487 976 532 1011 ad
564 981 639 1012 tres
663 976 803 1012 classes
825 981 988 1024 possunt
1008 979 1182 1025 generice
1206 981 1388 1025 revocari,

105 1030 245 1065 seilicet
265 1040 274 1065 z
296 1031 331 1065 10
345 1029 394 1065 ad
409 1040 639 1065 consensum
661 1040 909 1065 communem
930 1030 989 1066 vel
1004 1032 1302 1069 consuetudines
1325 1044 1391 1080 po-

105 1083 306 1130 pulorum3
322 1084 361 1117 20
375 1082 423 1118 ad
436 1082 538 1129 leges
553 1083 735 1128 positivas
759 1082 951 1118 humanas
972 1094 1038 1119 seu
1059 1083 1298 1120 voluntatem
1323 1086 1393 1121 liu-

105 1145 229 1171 manae
245 1135 506 1178 auctoritatis;
524 1137 562 1171 3⁰
581 1134 630 1170 ad
650 1135 754 1182 leges
770 1136 953 1182 positivas
972 1136 1049 1180 Dei,
1066 1147 1132 1172 seu
1154 1137 1201 1172 ad
1227 1138 1390 1174 liberam

104 1188 170 1223 Dei
190 1188 428 1224 voluntatem
447 1189 745 1224 constituentem
761 1188 1017 1225 differentiam
1040 1189 1129 1225 honi
1152 1195 1187 1225 et
1202 1191 1293 1226 mali
1313 1202 1392 1226 mo-

105 1241 206 1276 ralis.
228 1260 274 1266 —
292 1241 348 1276 Ad
374 1251 605 1276 consensum
630 1251 696 1276 seu
724 1244 881 1283 statuta,
909 1252 976 1277 seu
1006 1242 1206 1288 opiniones
1233 1244 1392 1290 populo-

105 1304 191 1329 rum
211 1293 381 1340 confugit
402 1293 710 1329 Saint-Lambert
730 1295 973 1339 (1717·1803),
993 1295 1072 1341 qui,
1093 1295 1218 1341 iuquit
1236 1297 1389 1334 Cousin.

104 1345 324 1392 opinionem
344 1346 571 1393 popularem
599 1346 796 1381 constituit
825 1357 899 1382 non
930 1346 1053 1382 solum
1084 1352 1125 1382 ut
1154 1358 1390 1395 mensuram,

104 1398 172 1434 sed
197 1399 315 1435 etiam
343 1402 386 1433 ut
413 1397 646 1444 principium
680 1399 912 1434 moralitatis
946 1404 1169 1435 nostrorum
1203 1405 1357 1437 actuum
1383 1413 1389 1437 :

103 1453 380 1497 consequenter
403 1452 501 1486 ectio
524 1455 580 1486 est
600 1451 702 1486 bona
721 1451 778 1487 vel
802 1451 905 1487 mala
925 1463 971 1487 ex
991 1451 1064 1488 hoe
1085 1453 1168 1499 ipso
1190 1455 1292 1499 quod
1313 1457 1392 1500 opi·

104 1504 168 1539 nio
187 1503 341 1549 publica
359 1503 464 1538 illam
482 1503 673 1549 approbat
690 1503 746 1539 vel
766 1504 960 1548 reprobat.
986 1504 1118 1549 (Cours
1135 1505 1334 1542 cl'lzz'stoz're
1350 1508 1392 1543 de

106 1556 143 1592 la
157 1555 401 1602 philosophie
417 1555 559 1591 morale
577 1566 629 1591 au
651 1561 760 1591 xvim>
775 1556 931 1592 siecle...
951 1567 1031 1603 par
1057 1557 1252 1601 Vaclzerot,
1271 1559 1391 1604 Paris,

106 1610 210 1654 1839,
229 1609 273 1643 V‘
297 1608 419 1655 lecon,
441 1618 539 1655 page
568 1607 665 1654 221).
694 1609 801 1644 nuno
826 1619 995 1645 errorem
1027 1609 1149 1656 logice
1178 1610 1278 1647 fovet
1305 1612 1392 1647 doc-

105 1661 205 1697 trina
219 1659 509 1696 lamennesiana
535 1659 581 1695 de
601 1670 790 1696 consensu
819 1661 1023 1697 hominum
1048 1664 1089 1697 ut
1117 1672 1297 1708 supremo
1319 1665 1393 1700 cri-

107 1714 200 1749 terio
226 1712 408 1749 veritatis.
434 1714 483 1748 At
510 1713 592 1748 haec
620 1713 751 1759 opinio
781 1724 879 1749 nova
905 1724 982 1749 non
1013 1717 1081 1757 est,
1107 1719 1150 1749 ut
1176 1715 1304 1752 videre
1338 1722 1394 1752 est

105 1766 209 1814 apud
224 1765 546 1810 Roselli,Etlaicc1‚
567 1766 636 1807 Qu.
658 1766 691 1801 11
711 1793 720 1810 ‚
736 1767 852 1802 Artic.
869 1767 931 1801 111.
952 1767 1046 1802 Eam
1067 1777 1246 1813 expresse
1264 1768 1394 1804 docuit

106 1818 333 1863 Carneades,
356 1819 480 1853 tertiae
499 1818 715 1854 Academiae
735 1818 937 1864 platonicae
958 1819 1152 1864 fundator,
1173 1821 1253 1867 qui,
1276 1826 1317 1856 ut
1338 1833 1395 1857 re-

105 1872 176 1907 fert
187 1870 403 1906 Laetantius
418 1870 493 1905 Lib.
506 1870 566 1906 vl.
579 1870 815 1906 Institution.
832 1872 922 1916 Cap.
936 1872 1044 1916 XVII,
1062 1872 1190 1907 aiebat
1204 1873 1303 1909 Jura
1317 1873 1396 1909 sibe·

105 1923 273 1960 homines
288 1933 363 1968 pro
383 1921 552 1957 utilitate
572 1922 760 1967 sanxisse,
784 1922 930 1959 scilicet
950 1924 1064 1959 varia
1079 1934 1155 1970 pro
1174 1925 1343 1961 moribus
1363 1932 1395 1962 et

103 1976 209 2023 apud
221 1976 364 2011 eosdem
377 1985 448 2017 pro
464 1973 694 2021 temporibus
708 1985 806 2021 soepe
819 1979 965 2011 mutata
974 1988 988 2018 ;
997 1975 1067 2022 jus
1081 1980 1205 2012 autem
1219 1979 1397 2014 naturale

104 2040 179 2066 esse
197 2028 359 2064 nullum.
381 2047 427 2053 —
443 2028 515 2062 Pro
539 2028 622 2074 lege
642 2031 772 2063 autem
792 2028 903 2074 civili,
927 2039 993 2064 seu
1015 2039 1083 2075 pro
1107 2029 1207 2065 civili
1231 2032 1396 2073 auctori-

104 2084 182 2117 tate
201 2081 386 2128 pugnavit
410 2079 635 2123 Hohhesius,
659 2080 724 2127 qui
748 2080 787 2116 in
813 2080 912 2116 libro
931 2080 987 2117 De
1012 2081 1099 2117 Cive
1114 2081 1206 2128 Cap.
1227 2083 1303 2120 XII.
1327 2084 1394 2128 §.L

106 2135 216 2170 docet
236 2145 244 2170 ε
271 2147 287 2166 ‹
306 2133 459 2180 regulas
481 2133 573 2168 boni
594 2136 631 2168 et
648 2133 754 2177 mali,
771 2133 868 2180 justi
886 2137 923 2169 et
943 2134 1089 2179 injusti,
1112 2133 1262 2171 honesti
1284 2140 1320 2171 et
1342 2137 1396 2171 in-

106 2187 270 2229 honesti,
291 2196 373 2222 esse
390 2185 492 2233 leges
511 2185 657 2231 civiles3
680 2186 844 2233 ideoque
864 2186 970 2233 quod
985 2187 1183 2233 legislator
1203 2198 1397 2235 praecepe-

106 2240 168 2284 rit,
193 2239 233 2274 id
265 2249 332 2286 pro
366 2239 493 2282 hono;
528 2237 632 2284 quod
660 2239 835 2284 vetuerit,
862 2238 900 2274 id
932 2250 1001 2285 pro
1035 2239 1139 2275 malo
1172 2239 1393 2276 habendum

106 2302 200 2327 esse.
227 2306 243 2324 ι
266 2291 387 2333 Quam
409 2291 693 2326 Hobbesianam
715 2292 944 2327 sententiam
972 2292 1258 2338 amplectuntur
1283 2299 1396 2338 quot-

107 2349 214 2389 quot,
237 2348 367 2379 nostra
389 2344 600 2381 praesertim
623 2349 750 2385 catate.
769 2345 1040 2380 auctoritatem
1070 2344 1217 2381 civitem
1239 2345 1295 2380 vel
1322 2347 1396 2381 uti·
