1584 2569
238 133 302 167 156
321 141 381 166 ms
401 140 560 165 nnuma.
587 139 657 164 Lm.
677 139 702 163 1.
726 139 802 164 clip,
825 139 877 163 111-
902 139 945 163 nn
967 135 1090 165 oram
1117 140 1190 164 mn.
1214 140 1301 164 non.
1318 141 1408 166 ERGA
1430 143 1519 169 SEIP.

235 212 462 251 laudaturin
491 211 683 256 Lucretia,
718 211 859 246 Catone
880 214 917 245 et
945 211 1147 247 similibus.
1176 212 1274 259 Ergo
1307 212 1441 249 saltem
1474 225 1519 252 ex

235 268 306 303 hac
325 269 432 314 parte
452 263 657 300 suicidium
679 274 755 299 non
774 267 830 298 est
849 262 1128 300 damnandum.

279 321 389 366 Hesp.
407 318 609 364 Distinguo
627 316 811 363 majorem
833 327 840 351 :
860 317 1064 352 suicidium
1085 323 1142 353 est
1162 323 1269 354 aetus
1290 320 1394 356 falsae
1415 320 1522 357 forti-

235 373 392 417 tudinis,
411 375 448 407 et
463 381 551 407 vera
568 369 755 415 realisque
773 369 953 404 mollities
973 380 1017 406 ac
1036 371 1159 406 vilitas
1180 372 1313 417 anImi,
1335 374 1494 409 concedo
1511 384 1520 410 :

234 431 290 462 est
315 429 422 461 aetus
448 433 546 459 verae
576 421 826 466 fortitudinis,
847 432 953 468 neqo.
988 422 1148 464 Quando
1182 424 1322 471 aliquis
1363 426 1410 462 ab
1446 426 1522 462 alio

234 483 399 515 mortem
426 477 505 523 pati
527 486 603 511 non
621 474 762 521 refugit
779 478 938 521 propter
957 475 1103 511 bonum
1132 477 1299 522 virtutis,
1327 489 1426 514 verae
1448 479 1523 514 for-

235 531 410 568 titudinis
431 533 560 565 actum
588 532 761 563 exercet:
797 526 861 563 sed
890 527 993 574 quod
1023 528 1163 576 aliquis
1187 530 1259 566 sibi
1284 531 1357 578 ipsi
1384 531 1523 568 inferat

234 588 413 628 mortem,
444 586 486 617 ut
514 581 608 616 vitet
634 580 736 615 mala
765 580 945 627 poenalia,
980 580 1096 617 habet
1122 582 1278 628 quidem
1310 584 1520 629 quamdam

233 637 398 684 speeiem
430 632 682 677 fortitudinis,
716 643 847 668 revera
872 637 999 669 tamen
1027 645 1105 669 non
1126 639 1183 670 est
1214 646 1301 672 vera
1332 635 1520 672 fortitudo

234 689 298 726 sed
316 689 439 735 magis
459 686 638 734 quaedam
660 686 841 721 mollities
868 686 987 721 animi
1009 697 1086 722 non
1107 688 1270 724 valentis
1287 689 1390 725 mala
1410 690 1522 725 susti-

234 754 323 779 nere
343 753 350 777 :
383 741 509 776 vilitas
530 740 633 775 enirn
655 739 775 775 animi
806 743 862 774 est
882 739 1097 776 voluntarie
1118 741 1366 777 succumbere
1397 743 1521 788 malis,

233 806 320 831 vera
335 799 466 830 autem
483 791 670 828 fortitudo
691 792 841 828 vincere
863 792 966 828 mala
983 793 1079 839 ipsa.
1102 813 1145 819 —
1166 795 1281 830 Actus
1298 799 1428 830 autem
1449 795 1522 831 for·

235 847 423 890 titudinis,
449 850 491 881 ut
511 845 652 881 dicitur
669 845 708 880 in
726 845 882 889 minori,
907 845 1112 881 laudabilis
1135 851 1205 892 est,
1228 852 1268 882 at
1290 852 1397 884 actus
1422 859 1522 884 verae

233 899 483 943 fortitudinis,
501 909 578 934 non
595 897 714 942 falsae,
736 899 844 944 qu'us
859 898 987 944 plures
1008 900 1151 945 species
1172 900 1282 945 ponit
1300 901 1522 937 Aristoteles

233 955 271 989 in
291 953 371 990 Lib.
391 952 441 988 III
462 951 702 995 Efflicorum,
725 950 815 997 Cap.
830 951 912 986 VIII
935 963 943 987 :
968 951 1070 997 quod
1097 952 1127 987 si
1144 951 1249 988 falsae
1278 952 1523 990 fortitudines

234 1005 440 1042 laudantur
460 1004 578 1040 etiam
597 1014 674 1038 non
696 1014 782 1038 raro
804 1002 906 1050 apud
924 1003 1114 1049 homines,
1138 1004 1176 1040 id
1195 1006 1370 1051 provenit
1389 1010 1456 1042 aut
1477 1018 1522 1042 ex

234 1058 470 1106 ignorantia,
510 1060 576 1092 aut
606 1067 652 1091 ex
691 1066 845 1091 morum
881 1057 1081 1103 pravitate,
1119 1077 1165 1082 —
1205 1058 1389 1094 Lucretiae
1433 1070 1522 1095 vero

231 1112 453 1158 exemplum
471 1109 574 1156 quod
592 1108 748 1144 additur
765 1109 861 1144 nihil
882 1114 938 1145 est
954 1120 963 1154 3
984 1109 1093 1145 fortis
1111 1111 1213 1145 enim
1235 1112 1359 1147 verius
1374 1111 1520 1157 fuisset,

232 1167 263 1201 si
292 1170 399 1200 metu
426 1174 504 1199 non
527 1173 713 1198 concussa
743 1173 820 1197 non
849 1163 1104 1198 consensisset
1131 1163 1170 1198 in
1201 1163 1448 1210 adulterium,
1477 1170 1520 1200 ut

233 1218 422 1261 Susanna,
453 1220 496 1251 ut
524 1214 727 1262 permultae
760 1214 929 1261 virgines
954 1214 1204 1261 christianae3
1239 1216 1304 1252 sed
1331 1216 1519 1254 adulterio

232 1273 464 1317 perpetrato,
487 1273 524 1304 et
545 1268 688 1311 animo,
708 1277 784 1303 non
803 1266 960 1314 quidem
985 1268 1151 1313 Insonte,
1177 1274 1292 1316 prout
1319 1270 1403 1316 ipsa
1423 1270 1517 1306 falso

229 1322 402 1369 quuitur
424 1321 463 1356 in
483 1321 567 1356 Tito
588 1320 705 1363 Liv10,
728 1318 793 1355 sed
812 1330 888 1355 una
908 1330 995 1355 curn
1020 1331 1179 1368 corpore
1203 1327 1398 1369 corrupto,
1421 1333 1519 1360 vana

231 1380 268 1411 et
294 1375 502 1411 criminosa
519 1373 591 1408 fuit
622 1373 661 1408 in
688 1372 867 1418 suicidio,
891 1373 991 1409 sicut
1013 1373 1097 1410 vilis
1117 1379 1154 1409 et
1172 1375 1380 1411 criminosa
1408 1376 1518 1411 extit-

230 1432 311 1464 erat
342 1429 381 1463 in
413 1426 619 1463 adulterio.
652 1425 757 1461 Unde
784 1425 821 1461 S.
839 1426 1075 1472 Augustinus
1104 1426 1118 1461 1
1152 1427 1207 1463 De
1241 1427 1403 1464 Civitate
1427 1428 1513 1473 Dei,

231 1481 321 1527 Cap.
343 1480 435 1524 XIX,
457 1478 627 1515 Gentiles
645 1478 710 1524 qui
731 1477 910 1513 laudibus
937 1479 1153 1515 Lucretiam
1183 1480 1391 1516 efferebant
1411 1492 1516 1528 egre-

232 1534 290 1580 gie
326 1532 499 1578 sequenti
528 1531 752 1566 dilemmate
779 1531 1034 1578 perstringit3
1069 1546 1084 1564 ‹
1116 1532 1152 1567 Si
1189 1533 1416 1578 adulterata,
1451 1532 1543 1570 cur‘

231 1584 411 1621 laudata?
428 1584 459 1620 si
480 1583 633 1631 pudica,
655 1594 723 1618 cur
740 1583 864 1618 occisa
877 1585 951 1619 ?....
971 1584 1079 1625 Quod
1100 1595 1190 1632 ergo
1208 1596 1247 1621 se
1266 1586 1402 1633 ipsam,
1426 1598 1517 1633 quo-

230 1639 334 1674 niam
354 1636 573 1673 adulterum
591 1636 763 1683 pertulit,
792 1637 908 1672 etiam
930 1647 1007 1672 non
1034 1636 1250 1674 adulterata
1269 1641 1323 1683 (ut
1342 1640 1514 1675 volebant

231 1690 406 1736 Gentiles)
425 1688 578 1733 occidit,
595 1699 671 1724 non
690 1693 746 1724 est
763 1688 960 1735 pudicitiae
978 1690 1130 1735 caritas,
1153 1690 1217 1727 sed
1235 1691 1393 1738 pudoris
1412 1693 1513 1728 infir-

230 1744 356 1780 mitas.
387 1756 403 1781 ›
439 1742 491 1778 De
517 1742 660 1778 Catone
681 1746 810 1777 autem
833 1741 994 1788 loquens
1027 1743 1107 1790 ipse
1135 1744 1370 1791 Augustinus
1400 1746 1512 1781 Libro

229 1797 359 1840 citato,
382 1795 472 1842 Cap.
494 1794 621 1829 XXIII.
642 1793 913 1830 animadvertit
935 1808 954 1828 «
973 1794 1076 1841 quod
1092 1797 1205 1832 amici
1226 1797 1309 1844 ejus
1326 1797 1513 1844 (Catonis)

228 1849 345 1885 etiam
360 1848 463 1884 docti
480 1847 639 1893 quidam
669 1848 752 1892 viri,
775 1848 841 1893 qui
860 1847 932 1884 hoc
961 1849 1043 1884 lieri
1071 1849 1299 1895 prudentius
1318 1850 1512 1886 dissuade-

229 1902 334 1946 bant,
364 1900 627 1936 imbecillioris
648 1910 765 1946 quam
791 1900 960 1936 fortioris
989 1901 1108 1937 animi
1138 1901 1284 1938 facinus
1317 1914 1398 1938 esse
1425 1914 1513 1940 cen-

228 1958 400 1998 suerunt,
415 1964 492 2000 quo
505 1952 837 1989 demonstraretur
850 1964 927 1989 non
940 1953 1122 1990 honestas
1139 1956 1267 2002 turpIa
1281 1966 1512 2002 proecavenS,

227 2005 293 2043 sed
318 2006 525 2042 infirmitas
552 2005 712 2042 adversa
732 2017 809 2041 non
836 2007 1043 2043 sustinens.
1071 2007 1162 2052 IIoc,
1195 2010 1442 2055 prosequitur
1475 2009 1512 2045 S.

228 2059 379 2103 Doctor,
401 2064 437 2094 et
455 2059 535 2105 ipse
556 2058 648 2094 Cato
670 2059 709 2094 in
730 2069 798 2094 suo
823 2059 1021 2095 carissimo
1042 2059 1122 2095 filio
1144 2060 1337 2097 indicavit.
1358 2062 1454 2098 Nam
1481 2063 1513 2097 si

230 2116 337 2158 turpe
355 2115 436 2146 erat
453 2112 522 2146 sub
544 2111 703 2147 victoria
720 2111 879 2147 Caesaris
897 2112 1035 2157 vivere,
1060 2123 1128 2148 cur
1147 2118 1282 2149 auctor
1302 2114 1417 2161 hujus
1437 2119 1512 2150 tur-

229 2162 414 2211 pitudinis
434 2168 542 2210 pater
559 2163 637 2200 filio
653 2164 737 2209 fuit,
754 2175 868 2211 quem
890 2164 935 2201 de
953 2165 1111 2201 Gaesaris
1125 2165 1361 2213 benignitate
1382 2168 1513 2205 omnia

228 2226 380 2263 sperare
400 2217 607 2264 praecepit?
634 2217 710 2252 Cur
729 2228 806 2253 non
827 2222 864 2253 et
893 2217 1003 2254 illum
1030 2229 1159 2254 secum
1190 2220 1315 2267 coegit
1332 2219 1379 2256 ad
1409 2232 1510 2256 mor—

228 2274 307 2305 tem
325 2269 385 2304 ?...
407 2268 505 2310 Quid
531 2272 588 2304 est
608 2280 713 2317 ergo,
742 2271 814 2306 nisi
850 2270 953 2318 quod
981 2271 1109 2307 silium
1133 2276 1321 2318 quantum
1351 2273 1509 2318 amavit,

228 2322 290 2358 cui
310 2321 414 2369 parci
433 2332 455 2358 a
478 2322 624 2358 Caesare
641 2327 678 2358 et
694 2324 904 2370 speravitet
920 2323 1054 2370 voluit,
1070 2328 1221 2360 tantum
1235 2325 1366 2373 gloriae
1392 2327 1511 2373 ipsius

229 2374 401 2421 Caesaris,
437 2386 484 2411 ne
518 2375 565 2411 ab
597 2375 662 2411 illo
692 2376 808 2413 etiam
840 2377 911 2413 sibi
934 2381 1167 2425 parceretur,
1195 2383 1238 2415 ut
1271 2379 1351 2427 ipse
1386 2379 1511 2416 Caesar
