1584 2569
519 107 598 130 ΗΠ.
627 105 681 130 111.
702 104 747 130 DE
761 103 1024 130 CONTRACTIBUS
1351 97 1364 130 ¹

213 97 227 108 a*
242 90 246 92 “

363 125 376 146 :'>

354 147 362 158 t

344 161 353 171 ι

275 172 346 239 ‘ts

528 241 785 278 ARTICULUS
820 241 1016 276 TERTms
1103 287 1106 290 ψ

739 326 811 370 (41)
988 297 991 302 ¹
1112 308 1118 309 ⁷

600 407 653 443 De
678 406 932 442 contractibus
975 397 988 420 ξ
1006 388 1011 399 ¹

178 505 206 539 1.
229 503 458 539 Contractus
483 503 591 537 notio
620 502 810 547 generica.
834 500 1059 537 Contractus
1088 503 1300 548 generatim
1317 510 1419 538 sum-

131 561 219 604 ptus
237 555 419 592 definitur
434 555 474 590 in
487 554 574 601 jure
588 564 749 590 romano
767 564 774 589 :
797 553 903 591 Ultro
923 555 1092 600 citroque
1105 553 1312 600 obligatio:
1329 556 1418 602 quia

131 612 270 656 nempe
295 608 433 654 aliquis
457 607 493 643 vi
518 612 738 643 contractus
760 605 956 652 obtiqatur
981 607 1029 642 ad
1056 607 1215 653 aliquid,
1243 608 1302 644 vel
1330 609 1419 655 quia

131 661 357 698 contrahere
370 659 584 696 formaliter
593 664 649 697 est
661 664 745 695 tum
758 658 930 705 obliyari
947 660 1140 706 (pass-ive),
1157 664 1238 696 tum
1250 660 1420 708 obligare

134 714 295 760 (active).
317 713 507 749 Definitur
528 716 659 749 autem
678 716 896 749 contractus
916 713 1174 748 communiter
1190 713 1237 749 ab
1258 714 1421 750 auctori-

131 768 203 803 bus
225 778 233 802 :
254 766 428 803 Duorum
446 765 502 802 vel
513 765 690 812 plurium
704 765 746 801 in
767 764 864 801 idem
886 775 1100 810 consensus,
1117 765 1228 813 siyno
1244 765 1418 802 sensibili

132 819 414 865 manifestatus,
430 818 876 865 pariensgobliyationem
891 817 1023 854 saltem
1047 819 1089 854 in
1105 828 1180 854 uno
1199 819 1421 856 contrahen-

134 873 241 908 tium.
264 892 309 897 —
327 871 475 907 Dicitur
493 881 707 913 consensus,
727 871 817 917 quia
842 871 923 907 sine
938 881 1126 907 consensu
1147 871 1206 907 vel
1227 882 1420 920 expresso,

135 925 191 962 vel
206 924 394 972 implicito
416 925 474 969 (ut
491 924 530 959 in
547 935 591 960 eo
612 924 684 971 qui,
698 924 858 971 suscipit
877 923 1034 970 aliquod
1055 923 1239 966 officium,
1253 925 1314 961 cui
1334 936 1422 962 con-

133 981 341 1014 nectuntur
367 976 507 1023 aliqua-3·
538 976 806 1024 obligationes,
840 981 883 1011 ut
914 977 953 1012 in
984 977 1170 1022 Parocho)
1201 988 1278 1014 non
1310 978 1423 1015 datur

133 1033 366 1067 contractus.
386 1030 522 1077 Agitur
538 1030 642 1066 enim
662 1028 708 1066 de
725 1028 960 1075 obligatione
979 1034 1179 1078 assumpta
1192 1030 1310 1068 libere
1326 1042 1349 1068 a
1362 1043 1422 1068 vo-

133 1078 294 1124 luntate,
322 1087 361 1118 et
391 1092 478 1129 quae
506 1086 710 1130 propterea
738 1082 818 1118 sine
841 1092 1028 1118 consensu
1055 1082 1264 1120 voluntatis
1292 1087 1424 1132 nequit

136 1135 312 1182 intelligi.
328 1155 375 1161 -
393 1134 541 1170 Dicitur
567 1135 729 1171 duorum
756 1134 812 1170 vet
837 1134 1026 1181 plurium,
1058 1136 1149 1182 quia
1176 1135 1224 1172 ad
1255 1138 1424 1185 seipsum

135 1199 215 1224 non
235 1185 349 1224 datur
371 1190 604 1223 contractus.
628 1207 674 1213 —
698 1186 845 1223 Dicitur
857 1189 1015 1233 pariens
1042 1187 1324 1235 obligationem,
1348 1191 1426 1227 sive

136 1239 382 1276 solummodo
402 1238 618 1275 naturalem
638 1239 716 1275 sive
742 1238 860 1274 etiam
886 1238 1049 1284 civilem,
1071 1241 1162 1286 quia
1188 1252 1256 1287 per
1274 1242 1425 1279 liberta-

137 1297 216 1329 tem
235 1295 455 1328 contractus
472 1290 610 1338 aliquis
628 1291 701 1327 sibi
721 1291 886 1337 imponit
901 1291 1026 1338 legem
1047 1293 1262 1328 naturalem
1282 1294 1430 1331 solven-

137 1345 175 1380 di
196 1344 393 1391 promissa
418 1354 509 1391 erga
531 1343 692 1380 alteram
716 1348 865 1390 partem
892 1343 1196 1380 contrahentem.
1218 1366 1263 1372 —-
1282 1347 1433 1384 Dicitur

136 1397 269 1434 saltem
288 1397 331 1433 in
348 1407 424 1433 uno
441 1396 759 1439 contrahentium,
776 1396 867 1442 quia
882 1395 930 1431 ad
947 1396 1137 1432 rationem
1154 1403 1372 1436 contractus
1392 1400 1433 1437 in

139 1461 276 1498 genere
295 1449 460 1497 pertinet
489 1448 646 1496 quidem
672 1448 872 1495 obligatio,
894 1447 960 1484 sed
980 1460 1058 1485 non
1076 1449 1260 1497 obligatio
1282 1458 1430 1497 mutua,

138 1513 226 1549 quae
245 1507 302 1539 est
324 1502 481 1549 propria
505 1501 667 1549 alicujus
686 1505 906 1537 contractus
926 1502 1100 1548 specifice
1129 1504 1287 1549 accepti,
1317 1510 1358 1540 ut
1387 1516 1431 1541 ex

139 1555 310 1593 dicendis
329 1556 401 1592 erit
423 1554 686 1591 manifestum.

184 1609 232 1645 11.
254 1609 483 1645 Contractus
505 1608 696 1645 nominati
714 1611 755 1644 et
770 1609 1015 1644 innominati.
1036 1609 1158 1646 Variae
1179 1616 1268 1647 sunt
1285 1613 1432 1660 species

138 1666 408 1699 contractuum
425 1662 564 1709 quibus
583 1661 759 1697 voluntas
776 1661 893 1697 libere
913 1672 994 1698 sese
1012 1662 1182 1710 obligare
1196 1664 1244 1700 ad
1265 1665 1434 1701 alterum

140 1719 278 1763 potest.
310 1714 356 1750 Et
378 1714 570 1762 imprimis
596 1718 815 1750 contractus
844 1713 910 1750 alii
943 1713 1123 1751 dicuntur
1153 1717 1357 1763 nominati,
1393 1723 1434 1753 ut

140 1767 470 1814 emptio-venditio,
495 1771 566 1811 etc,
596 1778 605 1811 ;
636 1766 700 1802 alii
726 1777 815 1802 vero
836 1777 859 1802 a
873 1768 961 1813 jure
988 1778 1150 1804 romano
1181 1770 1434 1815 innominati,

142 1821 233 1867 quia
261 1819 423 1867 speciale
442 1829 584 1855 nomen
612 1829 690 1854 non
712 1818 868 1863 habent,
887 1819 951 1855 sed
981 1821 1156 1866 generico
1185 1823 1342 1859 nomine
1368 1835 1435 1859 ex-

142 1873 378 1920 primuntur.
411 1871 507 1907 Sunt
524 1876 655 1907 autem
675 1875 842 1917 quatuor
862 1883 869 1906 :
888 1872 936 1907 do
950 1877 991 1907 uc
1008 1873 1070 1908 des
1092 1873 1154 1918 (do
1177 1875 1245 1910 tihi
1263 1875 1435 1912 frumen-

142 1931 227 1961 tum
240 1929 283 1960 ut
302 1924 368 1960 des
387 1924 484 1959 mihi
501 1924 642 1968 oleum)
661 1935 669 1968 ;
691 1924 738 1959 do
748 1929 790 1959 ut
807 1926 937 1969 facias
958 1924 1020 1967 (do
1043 1926 1112 1961 tihi
1131 1926 1369 1964 frumentum
1389 1933 1434 1965 ut

142 1977 293 2014 labores
312 1977 351 2013 in
370 1987 462 2025 agro
483 1978 606 2022 meo):
624 1977 731 2022 facio
748 1982 788 2012 ut
803 1977 885 2021 des;
902 1978 1009 2023 facio
1020 1983 1061 2014 ut
1078 1979 1220 2024 facias.
1240 1980 1281 2015 Id
1301 1986 1431 2018 autem

144 2029 248 2077 quod
268 2029 381 2066 datur
399 2040 478 2065 non
498 2029 610 2066 debet
627 2040 707 2065 esse
724 2030 887 2076 pecunia
902 2041 910 2064 :
933 2031 972 2066 in
998 2030 1071 2067 hoc
1087 2032 1189 2067 enim
1211 2043 1299 2068 casu
1316 2035 1431 2070 resul*

144 2087 200 2119 tat
219 2086 438 2119 contractus
461 2083 696 2127 nominatus,
717 2087 758 2117 ut
781 2082 828 2117 do
844 2082 917 2118 tibi
933 2083 976 2129 fr
977 2089 1167 2120 amentum
1186 2090 1226 2121 ut
1252 2086 1314 2122 des
1334 2087 1432 2122 milti

144 2135 358 2183 pecuniam,
381 2140 438 2171 est
457 2135 638 2171 venditio.
1128 2152 1138 2173 J

185 2189 252 2225 111.
263 2188 722 2225 Contractushilaterales
732 2192 772 2224 et
784 2189 1050 2226 unilaterales
1060 2190 1203 2227 Deinde
1214 2196 1433 2228 contractus

147 2240 393 2276 dividuntur
383 2252 423 2277 in
435 2241 652 2278 bilaterales
660 2242 741 2288 qui
760 2242 1048 2289 etiamaequales
1068 2248 1105 2279 et
1119 2244 1434 2291 synallaqmatici
1461 2251 1463 2253 '

148 2293 349 2341 dicuntum
370 2299 408 2330 et
433 2295 472 2330 in
492 2295 752 2340 unitateralw,
776 2296 841 2342 qui
866 2301 1053 2333 vocantur
1072 2298 1189 2333 etiam
1212 2298 1430 2345 inaequales.

147 2346 264 2383 Primi
281 2347 434 2394 pariunt
451 2347 656 2383 utilitatem
678 2352 714 2383 et
735 2348 1011 2395 obligationem
1037 2349 1076 2387 in
1102 2354 1266 2397 utroque
1286 2355 1432 2387 contra·
