1584 2569
158 115 226 150 2¹8
251 124 310 148 JUS
328 124 476 149 NATURAE
492 126 559 150 Lm.
582 126 618 150 11.
642 126 720 150 CAP.
743 126 769 150 11
790 125 834 150 DE
853 125 1041 150 SOCIETATE
1062 126 1134 151 eiv.
1163 126 1256 151 1NSE
1278 128 1450 153 SPECTATA

594 260 742 295 CAPUT
772 261 1018 296 SECUNDUM

428 351 476 378 DE
496 351 698 378 SOCIETATE
725 350 836 379 CIVILl
863 351 900 377 IN
921 351 962 379 SE
982 351 1171 379 SPECTATA

206 445 402 489 Prologus.
424 443 528 479 Sicut
546 443 592 478 ab
614 442 812 479 individuo
833 443 880 480 ad
905 444 1106 487 familiam,
1125 444 1178 481 ita
1195 455 1217 480 a
1237 445 1383 480 familia
1405 444 1450 481 ad

157 497 349 532 civitatem
370 496 709 543 contemplandam
730 495 960 532 accedimus.
983 497 1025 533 In
1044 497 1190 533 familia
1212 497 1329 533 homo
1352 497 1450 533 indi-

160 549 294 585 viduus
315 550 533 585 membrum
555 554 624 593 est,
646 549 792 585 familia
813 559 952 598 corpus
971 561 980 595 ;
1004 551 1042 586 in
1073 551 1225 586 civitate
1257 561 1343 586 vero
1371 551 1451 598 ipsa

162 602 305 638 familia
322 613 485 649 persona
508 612 646 649 nempe
670 602 826 638 moralis
847 603 905 638 sui
923 602 1035 649 juris,
1067 603 1106 638 in
1124 603 1344 638 membrum
1366 613 1453 639 con-

159 656 331 700 vertitur,
365 660 406 690 ut
442 656 567 701 majus
602 665 739 702 eorpus
776 655 966 691 efficiatur
996 655 1278 691 robustioribus
1308 655 1455 691 viribus

159 714 358 755 praestans,
380 713 417 743 ct
449 709 540 755 ipsis
567 708 652 743 ideo
673 708 857 744 membris
891 707 1134 755 perficiendis
1166 708 1306 755 aptius.
1333 708 1455 755 Igitur

160 761 204 797 de
225 761 325 797 civili
354 761 535 797 societate
569 760 744 798 ordinate
771 760 998 808 explicanda
1021 766 1110 797 sunt
1148 766 1299 805 natura,
1331 761 1452 809 origo,

160 814 346 850 elementa
366 818 403 849 et
421 813 565 850 formce.
604 814 709 850 Unde
731 813 962 850 dicendum:
985 817 1021 850 10
1041 814 1084 849 de
1100 819 1244 850 natura
1260 815 1456 850 societati-s

160 867 286 902 civilis
301 879 313 911 ‚·
332 868 369 901 20
398 867 443 901 de
458 867 542 913 ejus
554 867 705 912 orz'qz'ne
721 878 729 911 3
768 868 805 902 30
821 867 865 903 de
879 866 963 913 ejus
975 866 1150 902 elemento
1162 866 1339 912 formali,
1351 866 1454 913 quod

160 925 216 955 est
242 920 462 964 auctoritas⁷
486 924 523 955 et
552 921 677 967 primo
714 919 755 955 in
795 930 833 955 se
857 931 865 964 ;
888 919 1025 955 deinde
1044 920 1082 954 40
1109 919 1147 954 in
1177 929 1246 954 suo
1274 919 1456 955 exercitio

161 973 373 1019 leqz‘slcztz·vo
394 984 402 1017 ;
425 976 559 1019 postea
595 975 632 1008 5⁰
661 973 700 1008 in
730 983 799 1008 suo
824 972 1004 1008 exercitio
1025 971 1237 1018 executiv03
1270 976 1307 1008 et
1332 973 1369 1007 60
1417 973 1455 1008 in

160 1037 227 1061 suo
260 1026 439 1061 exercitio
471 1025 723 1071 judiciarz'03
758 1026 796 1060 7⁰
837 1024 881 1060 de
903 1025 1096 1060 societalz's
1127 1024 1256 1060 civilis
1282 1025 1456 1061 elemento

160 1078 367 1122 materiali,
382 1088 519 1124 nempe
531 1077 576 1113 de
589 1077 771 1122 subditis;
787 1079 824 1113 80
853 1078 895 1113 de
906 1077 1068 1113 diversis
1084 1076 1285 1123 regiminis
1295 1078 1454 1123 formz's3

160 1133 197 1167 9⁰
230 1131 275 1168 de
294 1142 392 1166 nova
413 1131 611 1178 regiminis
632 1131 767 1174 forma⁷
788 1141 905 1176 quam
923 1130 1273 1166 constitutionalem
1289 1135 1427 1166 vocant
1446 1140 1455 1165 :

164 1186 222 1221 ¹0³
241 1184 284 1220 cle
303 1184 448 1229 optima
465 1184 596 1229 forma
617 1183 832 1230 reyimz'nis.

577 1300 835 1336 ARTICULUS
862 1299 1042 1337 emilius

775 1389 847 1433 (49)

468 1502 483 1505 ,
503 1471 559 1507 De
578 1475 721 1506 natura
739 1470 935 1506 societatis
955 1469 1098 1507 civilis.

209 1572 236 1608 Ξ.
260 1571 466 1608 societatis
493 1571 671 1606 humanae
696 1570 817 1606 notio.
847 1569 1015 1605 Societas
1052 1570 1367 1617 aggregationem
1394 1582 1460 1607 seu

165 1625 345 1659 unionem
364 1624 560 1670 importat,
580 1627 622 1658 ut
642 1633 713 1657 vox
731 1623 814 1669 ipsa
842 1621 1013 1666 indicat;
1034 1621 1100 1658 sed
1126 1632 1202 1658 non
1224 1623 1349 1658 omnis
1368 1624 1459 1660 unio

163 1681 218 1712 est
256 1677 429 1712 societas.
464 1675 654 1711 Uniuntur
690 1674 837 1721 lapides
881 1673 928 1711 ad
967 1673 1127 1710 domum
1164 1674 1463 1712 efformandams

165 1730 350 1765 uniuntur
372 1727 534 1776 pecudes
551 1727 598 1763 ad
620 1727 867 1764 formandum
887 1737 1064 1775 gregem;
1088 1726 1153 1763 sed
1175 1738 1298 1774 neque
1320 1727 1458 1772 domu,

162 1784 320 1819 societas
336 1781 488 1825 dicitur,
503 1780 712 1828 etpecudes
725 1791 874 1827 qreqem
890 1790 967 1816 non
979 1780 1195 1816 societatem
1207 1785 1460 1828 componunt.

163 1835 260 1883 Ergo
290 1834 451 1871 societas
479 1833 651 1869 humana
672 1844 749 1869 non
772 1837 899 1881 potest
919 1832 1148 1880 simpliciter
1176 1843 1256 1869 esse
1288 1833 1378 1869 unio
1404 1833 1463 1869 vel

164 1888 388 1936 aggregatio
417 1887 621 1923 hominum
655 1896 722 1933 per
747 1886 1112 1933 juxta-positionem
1137 1896 1144 1921 :
1175 1896 1282 1922 secus
1311 1886 1461 1933 quoties

164 1939 341 1977 homines
377 1940 640 1976 invenirentur
671 1939 922 1986 corporaliter
956 1939 1153 1986 aggregati
1184 1944 1461 1986 componerent

165 2004 209 2030 eo
228 1994 310 2041 ipso
329 1992 567 2037 societatem,
590 1995 632 2027 ut
652 1996 745 2039 puta
767 1991 964 2028 criminosi
982 1991 1022 2028 in
1045 1991 1274 2035 carceribus,
1296 1991 1461 2027 viatores

165 2046 204 2082 in
225 2045 399 2089 navibus,
434 2049 504 2081 etc.
530 2043 664 2091 :quod
700 2048 756 2080 est
789 2043 1014 2080 absurdum.
1050 2043 1172 2090 Igitur
1200 2043 1362 2080 societas
1392 2043 1460 2079 hu-

167 2109 283 2135 mana
303 2102 359 2134 est
384 2097 541 2144 quidem
562 2097 653 2133 unio
674 2097 893 2142 hominum,
915 2106 993 2132 non
1022 2095 1285 2139 materialiter,
1322 2095 1388 2132 sed
1419 2101 1460 2131 ut

170 2150 344 2187 homines
365 2155 466 2185 sunt.
489 2150 610 2185 Homo
631 2153 762 2185 autem
782 2154 839 2185 est
859 2148 976 2185 homo
998 2148 1183 2193 ubertate,
1206 2158 1290 2195 quae
1312 2147 1381 2184 dos
1404 2153 1461 2184 est

166 2203 374 2240 voluntatis
401 2207 438 2238 et
468 2202 641 2238 rationis.
666 2201 788 2250 Igitur
817 2202 978 2239 societas
1006 2201 1177 2238 humana
1207 2205 1264 2237 est
1283 2201 1374 2238 unio
1395 2201 1463 2238 ho·

166 2257 316 2293 minum
347 2265 414 2303 per
444 2254 683 2291 intellectum
704 2259 742 2291 et
770 2255 1023 2291 voluntatem.
1054 2253 1100 2290 Et
1131 2254 1222 2301 quia
1240 2254 1333 2290 unio
1355 2254 1462 2291 intel-

168 2309 339 2347 lectuum
367 2313 404 2344 et
428 2307 672 2344 voluntatum
699 2318 776 2344 non
797 2307 962 2344 habetur
982 2307 1054 2343 nisi
1075 2318 1142 2354 per
1163 2307 1351 2343 unitatem
1368 2308 1463 2344 veri·

169 2363 255 2400 tatis
287 2366 324 2398 et
364 2361 477 2407 finis;
509 2361 670 2397 societas
701 2360 871 2397 humana
909 2363 1035 2410 potest
1066 2359 1230 2408 denique
1263 2359 1413 2396 definiri
1448 2370 1460 2397 .-
