1584 2569
169 101 245 125 Anr.
268 101 316 124 ιιι.
340 101 380 124 DE
404 101 605 125 uATnuiomo
630 102 660 124 m
686 100 867 125 RELATIONE
892 101 955 123 cuii
980 100 1167 124 rori-:suriz
1190 102 1288 125 civim
1339 96 1395 127 {99

114 189 194 215 esse
213 178 283 213 nisi
301 178 400 214 circa
425 176 671 213 intrinsecam
695 181 873 213 naturam
901 177 1153 213 matrimonii.
1179 175 1398 212 Notandum

113 232 231 279 igitur
248 231 351 278 quod
370 229 418 267 ad
439 230 648 276 quemlibet
668 234 908 266 contractum
926 229 1141 266 humanum
1167 230 1400 265 constituen-

115 285 208 320 dum
243 284 434 331 praecipue
475 284 753 330 requiruntur:
785 285 820 319 10
843 292 1017 330 personae
1042 282 1332 326 contrahentes;
1363 283 1399 316 20

113 337 268 373 libertas
300 335 625 373 contrahentium.
656 335 755 383 Ergo
785 346 957 382 quaerere
993 339 1123 371 utrum
1156 335 1399 371 matrimonii

114 393 328 427 contractus
353 389 533 436 potestati
559 389 659 424 civili
686 388 885 434 subdatur,
918 387 1020 425 idem
1049 393 1105 424 est
1134 399 1178 424 ae
1212 398 1397 435 quaerere,

113 447 242 479 utrum
267 447 435 490 potestas
463 441 583 478 civilis
600 443 663 488 jus
684 441 824 478 habeat
851 441 1076 489 designandi
1106 452 1289 489 personas
1313 451 1397 487 quae

114 496 260 532 nubant
281 499 319 531 et
340 495 434 532 alias
455 505 541 541 quae
571 505 647 530 non
674 494 835 539 nubant,
869 494 1026 541 insuper
1051 494 1310 541 conjungendi
1338 493 1398 529 de-

116 549 334 585 terminatas
370 558 552 596 personas
588 548 625 583 in
655 547 947 583 matrimonium
976 551 1014 583 et
1045 546 1275 594 prohibendi
1305 546 1398 581 alias

114 601 317 648 quominus
340 600 570 637 contrahant
602 610 689 636 cum
722 600 860 647 quibus
885 600 1008 647 magis
1031 600 1138 643 libet,
1167 600 1220 635 ita
1249 603 1291 635 ut
1322 610 1395 634 non

114 654 268 690 servatis
289 653 520 700 praescriptis
541 663 562 689 a
585 663 692 688 mera
708 652 790 699 lege
811 652 911 688 civili
933 652 1226 688 matrimonium
1249 651 1395 686 nullum

115 708 156 743 in
170 718 220 751 se,
238 717 303 743 seu
319 711 359 742 ut
377 711 434 742 est
453 710 685 750 contractus,
708 709 907 742 censeatur
923 706 961 741 in
978 706 1064 751 foro
1082 705 1340 741 conscientiae.

157 760 217 796 VI.
237 760 500 796 Praenotamen
523 762 716 804 quartum.
742 759 829 795 lloec
857 762 986 794 autem
1008 758 1169 806 quaestio
1188 758 1241 794 sie
1258 768 1396 805 propo-

114 813 186 849 sita
201 816 324 859 potest
341 813 478 859 agitari
499 817 565 847 aut
586 812 686 847 inter
699 811 921 855 catholicos,
941 822 1056 858 penes
1073 821 1168 858 quos
1187 810 1232 847 de
1251 810 1324 847 fide
1342 816 1398 846 est

114 865 401 901 matrimonium
418 865 673 901 christianum
691 875 771 900 esse
789 868 1088 909 sacramentum,
1103 864 1164 900 vel
1179 874 1267 900 eum
1285 864 1398 900 ratio·

113 919 278 963 nalistis,
313 916 591 954 considerando
632 928 770 965 nempe
818 918 1112 954 matrimonium
1150 917 1397 953 solummodo

113 971 240 1019 prouti
258 974 313 1007 est
336 970 374 1006 in
395 969 565 1006 osticium
586 974 748 1006 naturae.
772 970 875 1006 Inter
894 970 1104 1005 catholicos
1124 971 1285 1016 quaestio
1305 969 1396 1007 defi-

114 1024 194 1060 nita
214 1023 305 1059 satis
325 1033 513 1069 superque
531 1027 600 1058 est.
623 1023 787 1066 Etenim,
810 1023 985 1069 quamvis
1013 1023 1050 1057 in
1078 1022 1242 1059 Ecclesia
1267 1022 1398 1059 catho-

116 1077 189 1113 lica
208 1080 290 1112 tota
309 1076 406 1111 ratio
427 1080 646 1111 contractus
665 1080 889 1122 permaneat
909 1076 947 1111 in
970 1076 1220 1111 matrimonio
1241 1079 1277 1111 et
1295 1086 1317 1112 a
1341 1087 1396 1112 sa-

114 1133 309 1165 cramento
337 1127 525 1164 abstracte
544 1127 728 1175 distingui
747 1128 838 1163 item
861 1128 993 1175 possit,
1015 1138 1059 1164 eo
1081 1128 1197 1164 modo
1218 1138 1294 1175 quo
1316 1132 1395 1165 tota

114 1182 210 1217 ratio
232 1180 375 1217 ordinis
401 1185 548 1216 naturoe
579 1185 777 1228 permanet
806 1181 933 1227 quoad
964 1181 1162 1216 nominem
1198 1181 1236 1216 in
1264 1181 1395 1217 ordine

114 1235 246 1282 gratiae
269 1238 306 1270 et
330 1234 376 1270 ab
398 1233 471 1269 hoc
495 1233 757 1281 distinguitur,
781 1237 908 1269 tamen
937 1234 976 1269 in
999 1238 1170 1270 concreto
1196 1235 1395 1270 matrimo-

113 1288 218 1322 nium
235 1291 291 1322 est
310 1286 389 1334 ipse
406 1290 625 1322 contractus
654 1291 787 1323 auctus
814 1285 1003 1333 dignitate
1032 1287 1314 1333 supernaturali
1338 1298 1394 1322 sa-

112 1338 309 1383 cramenti,
333 1339 432 1375 sicut
451 1339 489 1374 in
510 1342 688 1374 concreto
712 1338 806 1374 ordo
831 1339 966 1386 gratiae
987 1339 1025 1374 in
1053 1338 1211 1374 homine
1235 1343 1290 1374 est
1317 1339 1394 1386 ipse

113 1391 205 1428 ordo
222 1395 369 1428 naturae
395 1395 529 1427 auctus
555 1391 766 1427 elevatione
791 1391 1073 1438 supernaturali
1097 1392 1231 1438 gratiae
1255 1396 1291 1427 et
1318 1392 1395 1439 glo-

113 1446 198 1490 riae3
216 1449 503 1491 consequenter,
523 1448 691 1480 concrete
712 1443 918 1491 loquendo,
941 1445 979 1479 in
1001 1445 1252 1480 matrimonio
1280 1443 1396 1480 chris-

115 1499 216 1534 tiano
249 1498 346 1534 ratio
373 1497 602 1533 sacramenti
633 1501 689 1533 est
718 1497 985 1544 inseparabilis
1012 1497 1170 1532 omnino
1198 1508 1219 1533 a
1250 1498 1395 1534 ratione

113 1554 340 1596 contractus,
377 1560 445 1586 nec
479 1553 699 1586 contractus
731 1549 812 1586 dari
854 1553 981 1597 potest
1016 1551 1096 1586 sine
1141 1555 1394 1586 sacramente.

112 1604 222 1650 Atqui
249 1613 334 1650 quae
363 1602 410 1638 ad
437 1607 678 1640 sacramenta
705 1603 898 1650 pertinent
925 1613 1002 1639 non
1032 1602 1077 1638 de
1106 1603 1278 1639 dominio
1309 1610 1396 1639 sunt

112 1657 308 1703 potestatis
318 1656 449 1701 civilis,
465 1655 530 1692 sed
546 1656 748 1703 religmsae,
764 1657 824 1692 cui
839 1656 1013 1692 substare
1026 1660 1063 1691 et
1078 1656 1233 1692 obedire
1244 1661 1398 1692 tenetur

113 1711 194 1756 ipsa
212 1708 329 1745 civilis
353 1712 536 1755 potestas.
563 1708 662 1756 Ergo
689 1709 985 1745 matrimonium
1013 1708 1268 1745 christianum
1293 1709 1398 1745 nulla

113 1762 259 1798 ratione
284 1761 424 1809 pendet
444 1772 466 1797 a
485 1760 585 1796 civili
611 1765 813 1808 potestate,
838 1761 904 1797 sed
930 1766 1071 1798 natura
1099 1773 1168 1797 sua
1195 1761 1399 1808 subjicitur

113 1813 284 1850 Ecclesiae
308 1813 519 1857 catholicae,
547 1814 608 1850 cui
643 1813 815 1849 Christus
850 1813 955 1849 dedit
985 1819 1216 1862 potestatem
1251 1814 1398 1861 ligandi

114 1871 226 1913 atque
243 1865 411 1903 solvendi
432 1867 470 1902 in
488 1866 584 1902 coelo
602 1870 639 1901 et
660 1866 697 1901 in
718 1871 830 1902 terra.
845 1865 1033 1902 Audiatur
1049 1867 1138 1902 Pius
1155 1867 1200 1902 Vl
1221 1866 1268 1903 ad
1294 1867 1396 1914 Epis-

113 1929 249 1966 copum
267 1919 530 1963 Motulensem,
547 1918 623 1954 xvi
641 1919 874 1966 Septembris
891 1920 978 1955 1788
1000 1930 1006 1953 :
1027 1933 1043 1951 ‹
1059 1919 1208 1966 Dogma
1223 1918 1310 1955 fidei
1324 1924 1395 1964 est,

114 1977 153 2007 ut
177 1972 482 2015 matrimonium,
512 1971 615 2017 quod
639 1976 726 2007 ante
755 1970 962 2006 adventum
996 1971 1135 2007 Christi
1168 1972 1265 2007 nihil
1290 1972 1394 2008 aliud

112 2028 192 2060 erat
211 2025 283 2060 nisi
304 2023 577 2060 indissolubilis
603 2024 760 2070 quidam
781 2028 1012 2069 contractus,
1033 2023 1125 2060 illud
1148 2029 1233 2071 post
1254 2025 1394 2061 Christi

113 2076 315 2113 adventum
341 2077 501 2113 evaserit
522 2088 642 2112 unum
663 2088 708 2112 ex
731 2081 877 2123 septem
900 2076 995 2124 legis
1022 2077 1248 2124 evangelicae
1272 2088 1396 2114 sacra-

112 2130 262 2175 mentis,
284 2141 306 2166 a
331 2129 478 2166 Christo
502 2130 665 2166 Domino
690 2130 922 2166 institutum.
952 2130 1045 2166 Hinc
1070 2132 1114 2166 fit
1140 2135 1182 2166 ut
1204 2131 1250 2166 ad
1275 2131 1396 2167 solam

113 2182 328 2228 Ecclesiam,
352 2184 411 2218 cui
433 2187 514 2219 tota
536 2182 581 2219 de
607 2183 854 2219 sacramentis
881 2187 936 2218 est
962 2194 1053 2220 cura
1076 2183 1307 2227 concredita,
1333 2185 1396 2230 jus

114 2245 226 2270 omne
248 2245 290 2270 ac
311 2239 476 2282 potestas
497 2236 684 2282 pertineat
710 2246 818 2271 suam
851 2235 1081 2283 obsignandi
1111 2235 1275 2271 sormam
1308 2235 1396 2271 huie

114 2288 322 2324 contractui
343 2287 390 2323 ad
413 2287 675 2324 sublimiorem
696 2288 923 2336 dignitatem
949 2293 1091 2325 evecto.
1123 2304 1137 2321 ι»
1167 2289 1211 2324 Et
1236 2289 1325 2324 Pius
1349 2289 1393 2324 IX

114 2340 151 2376 in
172 2339 328 2384 syllaeo
347 2340 505 2377 damnat
526 2341 624 2377 hanc
639 2342 955 2388 propositionem,
975 2353 1060 2388 quae
1077 2346 1131 2377 est
1146 2341 1264 2378 LXVI,
1286 2356 1302 2373 «ι
1322 2342 1390 2376 Ma-
