1554 2569
195 130 241 165 44
264 141 390 167 mmm
400 143 470 169 Lm.
490 144 529 169 n.
543 144 622 170 mr.
634 146 660 170 1.
673 145 869 171 nme-rmus
882 146 1018 172 fluum.
1034 147 1071 171 m
1083 147 1211 172 sztpSIS
1225 144 1479 172 commannis

195 211 266 256 tui,
286 212 460 249 Domine.
483 214 554 250 Sed
576 215 762 262 quidquid
784 227 806 251 a
825 216 1181 263 rationejudicatur
1195 221 1237 253 ut
1255 216 1475 256 honestum,

195 267 300 301 estne
319 276 364 301 ex
384 265 453 302 hoc
471 268 554 313 ipso
573 279 704 304 revera
723 269 822 304 tale?
834 273 871 304 et
890 268 1078 316 quidquid
1093 273 1133 305 ut
1148 272 1258 317 turpe
1276 269 1440 305 habetur
1456 279 1478 304 a

194 318 344 354 ratione
363 323 467 354 estne
478 330 523 355 ex
536 320 605 356 hoc
618 320 700 366 ipso
714 324 823 367 turpe
857 320 1085 357 dicendum?
1100 322 1135 358 Si
1152 322 1205 357 ita
1219 333 1278 357 res
1292 332 1332 357 se
1346 321 1477 364 habet,

194 371 293 406 ratio
314 370 485 407 humana
505 377 561 408 est
582 373 695 408 simul
721 378 758 409 et
780 373 1110 410 manifestativum
1131 378 1166 411 et
1186 374 1477 410 constitutivum

193 423 388 459 criterium
407 425 650 468 moralitatis,
670 436 714 461 eo
732 426 848 462 modo
865 437 941 474 quo
962 427 1053 463 alibi
1074 427 1240 463 diximus
1258 426 1304 462 de
1325 426 1478 462 criterio

188 475 363 511 'veritatis
386 477 439 522 (L.
461 479 518 521 56,
540 478 599 523 11).
621 479 665 513 Et
687 478 758 514 hoc
775 483 832 514 est
853 479 1009 525 praecise
1030 479 1134 525 quod
1153 479 1367 515 necessario
1390 489 1477 524 sup-

194 528 350 573 ponitur
370 540 392 564 a
418 529 682 566 defensoribus
707 531 849 566 criterii
871 531 1070 578 subjectivi
1095 542 1103 567 :
1130 532 1172 568 id
1196 536 1248 568 est
1268 531 1475 573 honestum,

185 581 286 626 -quia
304 582 454 617 rationi
472 582 640 627 videtur;
661 583 718 619 vel
735 583 829 629 quia
847 594 996 620 sensum
1015 584 1191 628 detectat;
1212 584 1269 619 vel
1289 583 1383 630 quia
1402 594 1477 619 res-

190 633 328 678 pondet
351 634 549 680 si'nyulari
572 635 823 681 dispositioni
843 636 1040 672 individui
1058 636 1115 672 vel
1135 636 1228 683 quia
1251 636 1374 682 placet
1381 647 1395 679 ;
1418 635 1477 671 vel

192 685 286 730 quia
304 686 508 722 utilitatem
527 688 640 733 affert
662 698 728 723 seu
749 688 942 734 publicam
964 699 1030 724 seu
1054 689 1257 735 privatam,
1281 692 1351 723 etc.
1370 688 1477 724 Unde

192 737 412 784 hujusmodi
423 742 630 785 systemata
645 740 852 786 subJ'ectiva
866 743 1065 787 tamquam
1081 740 1331 776 fundamento
1344 740 1475 775 nitun-

193 792 254 824 tur
280 790 465 837 prIncipio
493 791 557 827 illo
589 801 596 826 :
627 791 734 827 homo
763 796 815 827 est
839 802 1015 828 mensura
1035 791 1282 828 moralitatis.
1304 791 1404 828 sicut
1423 796 1478 826 est

186 853 368 879 mensura
387 843 556 879 veritatis
571 854 697 880 rerum
716 856 729 880 .·
749 845 856 890 cujus
876 845 1053 891 principii
1072 844 1317 880 intrinsecam
1338 844 1476 879 absur-

182 894 352 942 ¹ditatem
373 895 463 931 alibi
489 896 540 940 (L.
563 896 613 932 ib.
636 903 673 932 et
697 897 758 932 Ps.
786 898 847 941 27)
875 896 1239 933 demonstravimus.
1268 896 1349 932 Sive
1372 896 1476 932 enim

182 946 309 982 ¹homo
330 947 614 984 individualiter
632 951 820 993 sumatur,
843 950 918 985 sive
940 959 1008 996 pro
1026 948 1247 984 collectione
1266 947 1477 984 individuo-

194 1009 292 1041 rum,
328 999 410 1045 ejus
436 1000 650 1036 intellectus
678 1011 754 1035 non
784 1005 981 1037 mensurat
1013 1000 1212 1036 veritatem
1239 1010 1381 1043 rerum,
1409 1000 1476 1036 sed

191 1051 329 1087 veritas
354 1063 483 1087 rerum
514 1058 711 1088 mensurat
736 1054 935 1089 veritatem
962 1054 1043 1100 ejus
1069 1053 1298 1090 intellectus.
1330 1053 1476 1095 Quibus

192 1105 403 1150 generatim
441 1105 727 1149 animadversis,
755 1106 863 1141 venio
890 1106 938 1141 ad
965 1105 1118 1152 singula
1147 1109 1359 1152 systemata
1389 1105 1477 1140 sub-

188 1157 338 1202 J'ectiva.

237 1209 284 1246 11.
313 1209 496 1246 Sensismi
514 1211 671 1255 placita.
701 1210 771 1252 Qui
792 1211 977 1246 sensismo
998 1213 1087 1246 sunt
1113 1209 1268 1255 addicti,
1293 1221 1472 1245 normam

191 1261 418 1297 moralitatis
449 1263 487 1297 in
514 1263 687 1298 sensibus
714 1266 916 1310 reponunt.
949 1264 1089 1299 Sensus
1122 1266 1249 1298 autern
1277 1273 1353 1298 non
1385 1266 1475 1298 sunt

190 1324 347 1360 capaces
359 1314 431 1350 nisi
444 1315 652 1361 voluptatis
663 1318 698 1350 et
711 1315 866 1357 doloris
880 1326 947 1351 seu
961 1315 1160 1351 utilitatis.
1178 1314 1281 1350 Unde
1295 1315 1473 1362 voluptas

190 1366 382 1402 sensibiliS
402 1371 517 1413 atque
539 1367 647 1404 dolor
664 1368 852 1404 sensibilis
873 1371 961 1403 sunt
981 1377 1163 1415 suprema
1177 1367 1330 1403 criteria
1349 1377 1475 1403 mora-

189 1419 308 1455 litatis
334 1420 530 1456 actionum
551 1420 826 1457 humanarum.
842 1422 900 1456 Ita
915 1425 1002 1466 post
1020 1421 1200 1467 antiquos
1220 1420 1417 1466 epicureos
1437 1425 1475 1456 et

191 1472 461 1508 materialistas
487 1473 677 1509 Helvetius
706 1475 934 1518 (1715-1771)
962 1473 1000 1509 in
1032 1484 1102 1509 suo
1131 1473 1228 1508 libro
1257 1473 1388 1519 gallice
1415 1473 1474 1508 in·

190 1524 330 1571 scripto
348 1524 403 1560 De
421 1525 595 1570 t’EsprM,
613 1526 676 1572 qui
692 1536 839 1561 errores
855 1527 990 1572 postea
1003 1536 1092 1561 suos
1109 1525 1334 1569 corrigendo
1350 1524 1473 1560 fassus

190 1579 246 1612 est
276 1587 314 1612 se
350 1577 560 1622 applicasse
589 1577 798 1613 moralitati
828 1578 1024 1614 actionum
1057 1578 1244 1624 principia
1276 1577 1475 1613 sensistica

192 1639 276 1674 quoe
293 1631 466 1675 respectu
489 1628 671 1665 humanm
694 1629 922 1676 cognitionis
943 1629 1125 1665 docuerat
1150 1630 1312 1665 Lockius
1333 1631 1369 1664 et
1387 1634 1474 1676 post

193 1681 375 1716 Lockium
404 1681 599 1717 Condillac
632 1682 708 1728 (Ps.
743 1684 801 1727 33,
834 1683 883 1718 111
913 1687 950 1718 et
982 1682 1117 1729 seqq.).
1153 1682 1309 1717 Helvetii
1343 1687 1474 1717 autem

193 1733 406 1769 doctrinam
435 1736 566 1769 nostro
594 1734 732 1770 saeculo
764 1735 801 1769 in
830 1735 940 1770 Italia
968 1745 1150 1770 renovare
1181 1744 1385 1781 aggressus
1417 1738 1474 1769 est

189 1785 367 1821 Melcbior
402 1786 508 1832 Gioja
549 1788 780 1832 (1767—1829)
815 1787 854 1822 in
889 1787 966 1822 suis
1001 1786 1188 1823 Elementi
1225 1787 1268 1822 di
1293 1786 1471 1832 filosofia.

190 1839 301 1884 Atqui
334 1838 508 1884 voluptas
544 1843 580 1874 et
614 1839 724 1874 dolor
752 1839 970 1875 affectiones
1000 1839 1219 1884 subJectivat
1256 1842 1364 1884 sunt,
1396 1849 1472 1874 non

190 1890 401 1936 objectivae.
432 1890 538 1927 Unde
565 1892 766 1927 sententiae
796 1902 929 1928 omnes
961 1892 1137 1927 sensismi
1163 1891 1198 1926 in
1232 1893 1398 1927 tractatu
1427 1891 1473 1926 de

188 1944 351 1978 criteriis
402 1944 622 1990 subjectivis
668 1944 901 1980 moralitatis
951 1944 1192 1980 recensendae
1243 1947 1345 1982 sunt.
1397 1944 1474 1979 Hoc

190 1998 318 2031 autem
339 2000 507 2042 systema
529 1997 770 2032 sensisticum
792 1997 966 2043 generice
986 1996 1195 2032 refutatum
1216 2000 1346 2031 manet
1365 1996 1473 2031 exiis

188 2059 274 2093 quae
295 2049 333 2083 in
355 2049 492 2095 Logica
519 2049 565 2084 de
585 2059 766 2095 supremo
793 2049 965 2085 veritatis
989 2049 1155 2093 criterio,
1177 2051 1214 2084 et
1245 2049 1284 2083 in
1304 2048 1472 2094 Psycho-

188 2100 289 2146 logia
319 2104 453 2136 contra
479 2102 804 2137 materialismum
836 2105 873 2137 et
904 2101 1135 2137 sensismum
1165 2101 1327 2146 probata
1362 2103 1470 2144 sunt;

190 2156 317 2188 tamen
337 2153 386 2188 ob
400 2153 454 2188 rei
475 2153 700 2199 gravitatem
723 2153 945 2200 singillatim
966 2153 1203 2201 exponendae
1223 2156 1312 2188 sunt
1336 2152 1472 2189 adver·

188 2205 377 2241 sariorum
393 2205 605 2252 opiniones.

233 2258 297 2294 111.
326 2258 466 2294 Sensus
494 2258 690 2303 physicus.
719 2258 882 2294 Robinet
908 2258 1141 2305 (was-1771)
1163 2257 1203 2293 in
1230 2257 1328 2293 libro
1355 2268 1471 2304 quem

190 2310 321 2356 gallice
340 2310 532 2356 inscripsit
552 2310 607 2346 De
624 2311 662 2346 Ia
682 2310 842 2356 Nature,
865 2309 992 2346 docuit
1008 2310 1165 2346 existere
1185 2311 1226 2346 in
1243 2309 1392 2346 homine
1412 2311 1472 2345 in·

187 2362 381 2407 stinctum,
399 2362 469 2410 qui
485 2363 588 2399 solus
607 2363 716 2399 habet
735 2374 858 2399 omnes
879 2363 1082 2410 qualitates
1105 2364 1338 2400 necessarias
1358 2367 1398 2399 ut
1419 2362 1471 2399 sit
