1529 2569
194 119 214 152 6
348 121 476 148 numa
500 121 572 147 Lm.
599 121 626 145 1.
655 121 733 147 CAP.
760 121 784 146 Ι.
812 120 855 146 DE
883 121 1011 147 nmmo
1038 121 1183 148 HOMINIS
1208 122 1291 150 FlNu

587 234 841 270 ARTICULUS
877 234 1044 271 PRIMUS

795 316 845 361 (¹)

507 395 610 443 Quid
628 395 681 434 sit
699 408 810 444 ayere
826 402 985 444 propter
1002 398 1128 445 finem.

219 505 247 542 1.
267 506 318 542 De
343 502 492 550 triplici
513 504 625 540 modo
645 504 785 550 agendi
808 507 969 549 propter
991 503 1119 541 finem.
1145 504 1400 542 Distinximus
1427 506 1466 543 in

173 558 379 604 Ontologia
403 559 477 603 (51,
505 558 538 602 1)
565 556 755 603 triplicem
785 555 946 592 modum
973 556 1112 604 agendi
1139 562 1298 605 propter
1323 560 1465 603 finem,·

168 613 321 660 passive
347 620 414 646 seu
440 610 627 646 executive
653 608 918 653 solummod03
940 609 1213 656 apprehensive
1231 611 1299 648 sed
1319 622 1364 647 ex
1385 612 1465 648 ins-

173 666 315 710 tinc-tm
335 663 609 711 apprehen-sive
622 667 661 700 et
675 662 791 699 simul
810 662 971 701 elective.
995 663 1082 699 Haee
1099 663 1293 701 distinctio
1314 670 1372 701 est
1386 665 1468 701 dili-

168 714 306 766 genter
333 716 550 754 retinenda.
582 717 625 753 in
662 715 836 764 quolibet
870 716 988 752 trium
1023 716 1230 753 modorum
1267 717 1377 755 facile
1409 722 1467 755 est

175 769 459 819 deprehendere
479 768 584 817 quod
606 779 725 815 agens
745 771 802 804 est
819 769 1052 815 principium
1074 769 1283 806 elicitivum
1303 771 1467 807 actionis

173 825 211 860 in
225 825 356 869 finem,
376 822 443 858 sed
458 822 545 858 finis
565 824 622 857 est
641 822 740 858 ratio
756 831 822 857 seu
841 821 1073 869 principium
1093 832 1160 858 seu
1176 833 1296 860 causa
1309 833 1467 860 movens

173 887 290 924 agens
316 875 365 912 ad
389 874 616 911 eliciendam
641 873 748 910 illam
776 874 981 911 actionem.
1005 874 1103 917 Quia
1127 885 1216 911 vero
1243 875 1356 920 actio,
1379 887 1466 922 quae

172 934 229 965 est
249 933 407 977 propter
427 928 558 970 finem,
581 927 837 963 materialiter
855 932 912 963 est
933 937 955 962 a
975 927 1147 975 potentia
1165 928 1338 965 elicitiva
1359 940 1371 964 :
1389 929 1467 975 for-

171 982 326 1018 maliter
348 991 434 1017 vero
461 985 519 1016 est
543 989 566 1016 a
595 980 784 1027 principio
812 984 989 1016 movente
1016 981 1140 1027 ipsam
1172 982 1386 1028 potentiam
1418 983 1466 1018 ad

172 1036 278 1071 illam
297 1035 465 1070 elicitam
496 1034 690 1070 actionem
709 1034 787 1081 (Ps.
811 1035 868 1076 51,
891 1033 973 1080 VI);
998 1035 1172 1081 sequitur
1190 1034 1295 1082 quod
1316 1036 1356 1071 in
1379 1046 1466 1071 om-

171 1089 284 1124 nibus
316 1087 520 1135 agentibus
550 1088 708 1134 propter
738 1086 869 1130 finem,
903 1086 996 1133 finis
1025 1090 1081 1122 est
1110 1087 1272 1124 formale
1305 1088 1467 1124 actionis

173 1143 348 1188 ipsorum
371 1140 584 1187 agentium.

216 1195 262 1231 11.
281 1194 384 1231 Finis
406 1194 448 1230 in
471 1192 677 1239 agentibus
699 1193 923 1239 cognitione
950 1193 1167 1230 destitutis.
1188 1193 1310 1230 Aliter
1334 1199 1466 1231 tamen

170 1248 262 1294 finis
275 1247 379 1282 estin
392 1246 550 1282 diversis
561 1245 779 1292 agentibus.
795 1245 994 1292 Siquidem
1005 1246 1045 1281 in
1055 1246 1235 1292 subJ'ectis
1247 1248 1467 1294 cognitione

172 1300 363 1335 destitutis
384 1299 491 1346 finis,
514 1308 582 1334 seu
602 1297 764 1334 formale
785 1298 948 1335 actionis
974 1298 1161 1346 ipsorum,
1184 1310 1261 1335 non
1287 1304 1344 1335 est
1373 1300 1466 1347 quid

170 1351 458 1401 apprehensum
481 1351 530 1388 ab
557 1351 676 1400 ipsis;
698 1361 774 1387 non
795 1351 899 1387 enim
926 1351 1060 1397 planta
1084 1351 1340 1398 apprehendit
1366 1353 1406 1389 id
1426 1354 1466 1389 in

171 1405 274 1453 quod
295 1404 430 1441 tendit.
453 1405 550 1447 Quia
568 1409 698 1440 tamen
719 1404 806 1440 finis
825 1403 943 1440 habet
962 1404 1152 1440 rationem
1174 1404 1407 1450 allicientiae,
1429 1407 1466 1441 in
1491 1420 1494 1421 ⁷

170 1469 247 1506 qua
272 1458 446 1494 consistit
474 1457 557 1504 ejus
584 1456 791 1493 causalitas
819 1456 875 1503 (Ο.
898 1459 957 1501 50,
986 1458 1075 1501 XII),
1105 1462 1141 1492 et
1173 1459 1327 1506 proprie
1353 1459 1469 1496 allici

171 1522 304 1548 amore
336 1522 414 1547 non
446 1513 572 1558 potest
609 1511 683 1546 nisi
721 1510 935 1556 subjectum
972 1511 1192 1557 cognitione
1224 1516 1261 1547 et
1293 1513 1466 1559 appetitu

170 1565 402 1610 praeditum3
436 1573 592 1599 necesse
620 1566 679 1599 est
708 1566 749 1598 ut
779 1563 871 1610 finis
905 1564 1102 1609 agentium
1134 1564 1215 1600 sine
1245 1566 1466 1612 cognitione

171 1617 485 1665 apprehendatur
521 1615 568 1652 ab
607 1621 743 1662 agente
782 1616 876 1664 ipsis
909 1616 1120 1663 superiori,
1159 1617 1268 1664 cujus
1306 1618 1467 1666 proinde

169 1673 335 1713 motum,
354 1669 566 1717 impulsum
593 1673 630 1704 et
650 1667 828 1704 ordinem
853 1669 891 1704 in
918 1669 1035 1705 finem
1057 1674 1310 1717 exequuntur.
1332 1671 1384 1706 De
1405 1670 1466 1707 his

169 1734 307 1771 nempe
329 1723 403 1759 dici
425 1722 538 1758 debet
552 1722 657 1770 quod
671 1726 840 1768 affantur
854 1722 893 1756 iu
907 1723 1025 1758 finem
1039 1732 1048 1767 3
1067 1726 1226 1770 propter
1245 1724 1362 1760 finem
1376 1734 1465 1760 vero

168 1777 253 1823 aqit
271 1776 426 1824 proprie
447 1775 512 1811 ille
532 1774 599 1822 qui
620 1785 665 1811 ea
688 1778 816 1810 movet
842 1774 880 1810 in
907 1776 1038 1820 finem,
1063 1775 1209 1813 scilicet
1219 1777 1320 1813 Deus
1332 1780 1468 1813 auctor

170 1834 332 1865 naturae.

214 1882 278 1919 111.
294 1882 398 1919 Binis
411 1882 452 1918 in
469 1881 675 1927 agentibus
691 1881 980 1927 cognoscitivis.
999 1881 1154 1927 Contra,
1168 1882 1259 1927 quia
1271 1883 1466 1930 appetitus

169 1946 246 1982 quo
268 1936 425 1983 agentia
450 1934 709 1982 cognoscitiva
731 1937 935 1969 moventur
961 1934 1000 1969 in
1027 1933 1158 1977 finem,
1181 1937 1239 1970 est
1266 1935 1465 1972 inclinatio

167 1990 205 2023 in
224 1987 416 2035 objectum
435 1986 555 2035 (quod
570 1991 628 2023 est
643 1985 780 2023 bortum
793 1991 830 2023 et
843 1985 949 2033 finis)
967 1996 1045 2022 non
1066 1997 1311 2034 quocumque
1333 1987 1464 2034 modo,

165 2040 233 2076 sed
252 2039 528 2087 reduplicative
549 2042 590 2074 ut
609 2039 809 2086 cognitum
830 2039 878 2075 ab
897 2040 981 2086 ipso
997 2042 1201 2087 appetente
1224 2042 1298 2085 (Ps.
1317 2041 1375 2086 42,
1398 2041 1440 2087 V)
1456 2052 1464 2086 ;

166 2093 253 2129 finis
271 2097 399 2129 autem
417 2092 678 2139 apprehensus
698 2102 738 2128 se
752 2091 871 2128 habet
887 2096 930 2128 ut
945 2091 1110 2138 formale
1129 2095 1305 2139 respectu
1321 2094 1466 2141 appeti-

166 2151 226 2181 tus
247 2145 432 2181 elicientis
450 2144 730 2192 appetitionem
744 2145 854 2189 finis3
873 2144 1029 2181 evidens
1049 2148 1106 2179 est
1127 2145 1281 2191 agentia
1296 2156 1465 2193 cognos-

165 2199 277 2235 citiva
302 2198 448 2234 moveri
479 2197 528 2233 ab
551 2196 760 2233 intrinseco
786 2197 825 2232 in
852 2197 970 2233 finem
997 2200 1080 2233 tum
1115 2197 1372 2234 materialiter
1399 2209 1465 2234 seu

166 2253 442 2297 elicitivatum
472 2249 719 2296 formaliter:
747 2254 883 2285 contra
912 2250 1067 2296 agentia
1093 2260 1170 2285 non
1201 2251 1464 2297 cognoscitiva

166 2308 370 2341 moventur
384 2303 542 2351 quidem
558 2303 607 2339 ab
624 2302 831 2339 intrinseco
846 2303 885 2338 in
905 2302 1021 2338 finem
1034 2302 1214 2346 elicitive,
1236 2313 1315 2340 non
1330 2308 1462 2340 autem

164 2357 384 2404 formaliter
419 2357 512 2395 auia
531 2355 619 2392 finis
638 2365 717 2392 non
738 2354 1038 2401 apprehenditur
1058 2355 1107 2391 ab
1129 2355 1238 2403 ipsis.
