1554 2569
152 150 195 185 60
209 157 334 184 Erch
346 156 415 181 mn.
431 156 471 181 u.
488 154 567 181 οη.
584 155 609 181 1.
626 134 670 180 nti
683 135 827 181 Aci-mus
839 154 977 182 fluum.
994 156 1032 181 m
1044 155 1174 182 sE1r51s
1188 156 1421 184 cousinmms

152 229 266 266 rebus
283 228 370 264 aliis
384 227 502 278 eti-am
517 226 780 273 spiritualibus
800 226 1077 273 significandis.
1096 228 1140 262 Et
1155 227 1246 264 hinc
1266 230 1322 264 est
1337 228 1440 276 quod

154 291 294 318 nomen
314 279 615 317 circumstantiae
634 279 682 314 ab
702 278 762 314 his
782 288 869 325 quae
889 279 927 314 in
947 278 1031 315 loco
1052 284 1154 322 sunt,
1178 279 1372 316 derivatur
1391 280 1440 317 ad

155 336 260 370 actus
293 333 500 369 humanos.
534 331 684 367 Etenim
718 331 757 366 in
785 330 972 367 localibus
1006 331 1152 378 aliquid
1190 333 1441 369 circumstare

155 387 307 431 dicitur,
333 384 437 433 quod
463 388 520 420 est
542 383 701 431 quidem
728 384 986 419 extrinsecum
1013 384 1082 429 rei,
1118 388 1249 420 tamen
1283 386 1436 432 attingit

154 441 292 486 ipsam,
310 438 365 473 vel
388 436 676 484 appropinquat
696 435 730 471 ei
751 435 965 472 secundum
982 436 1125 474 locum.
1147 437 1269 473 Simili
1289 438 1441 474 ratione

156 500 410 538 quaecumque
433 489 673 525 conditiones
699 492 790 523 sunt
815 491 925 524 extra
959 488 1217 525 substantiam
1247 492 1369 534 actus,
1405 495 1437 525 et

155 547 284 580 tamen
293 543 488 589 attingunt
499 541 628 588 aliquo
639 540 754 577 modo
765 542 891 576 actum
900 539 1131 587 humanum,
1142 541 1438 579 circumstantiae

157 596 346 640 dicuntur,
368 605 454 642 quae
475 594 560 630 ideo
578 604 666 629 cum
686 596 793 629 extra
814 593 1071 629 substantiam
1092 594 1283 630 actionem
1305 594 1439 630 huma·

157 659 296 685 narum
316 648 407 691 sint,
428 658 504 682 non
519 649 679 693 possunt
693 645 826 680 haberi
842 645 911 680 nisi
927 650 968 680 ut
986 646 1203 683 accidentia
1217 647 1439 683 earumdem

158 702 368 737 actionum.
389 700 523 744 —1-11‚
546 699 616 741 Qu.
639 698 715 740 VII,
737 698 854 733 Artic.
874 699 901 733 Ι.
929 717 974 724 —-·
997 697 1095 740 Quia
1113 702 1242 735 autem
1265 700 1440 735 acciden-

158 754 212 789 tia
230 757 358 788 actum
375 752 641 794 circumstant,
664 753 701 785 et
718 750 978 786 moralitatem
996 750 1115 786 etiam
1133 751 1206 797 ipsi
1227 751 1441 795 conferunt,

159 816 311 841 necesse
339 808 396 840 est
423 807 551 840 actum
568 803 783 838 humanum
803 802 1048 839 considerare
1070 814 1148 839 non
1166 803 1291 839 solum
1314 804 1441 851 quoad

160 869 270 894 suam
281 856 555 900 substantiam,
571 854 637 891 scd
654 854 771 891 etiam
789 855 1000 891 secundum
1017 855 1097 901 ejus
1114 856 1442 893 circumstantias.

158 931 202 938 -
218 910 319 947 Ibid.
339 910 454 945 Artic.
473 910 517 944 11.

205 964 271 1000 111.
285 964 474 999 Numerus
491 962 888 998 circumstantiarum.
906 961 1059 1008 Septem
1070 961 1368 998 circumstantiae
1386 973 1443 999 ac-

160 1022 272 1052 tuum
300 1015 576 1059 humanorum,
598 1016 685 1061 post
707 1013 952 1049 Aristotelem
971 1018 1007 1049 et
1026 1014 1207 1058 Tullium,
1228 1016 1444 1051 communi-

161 1075 219 1104 ter
243 1070 503 1110 recensentur,
525 1071 562 1101 et
581 1066 728 1112 vulgari
750 1065 815 1101 illo
837 1065 1021 1102 versiculo
1036 1067 1442 1113 comprehenduntur:

163 1121 269 1166 Quis,
286 1120 390 1166 quid,
407 1118 488 1162 ubi,
506 1117 643 1165 quibus
663 1117 841 1161 auxiliis,
864 1128 944 1163 cur,
959 1119 1157 1165 quomodo,
1170 1120 1336 1165 quando.
1352 1120 1445 1156 Con-

161 1172 410 1209 siderandum
439 1176 494 1207 ost
519 1171 622 1206 enim
648 1171 688 1206 in
716 1170 866 1206 actibus
892 1171 1085 1214 humanis,
1110 1172 1197 1218 quis
1226 1183 1293 1208 seu
1318 1172 1447 1219 qualis

162 1235 325 1273 persona
344 1225 443 1265 fecit,
464 1222 601 1270 quibus
621 1222 788 1259 auxiliis
806 1233 872 1258 seu
893 1223 1160 1260 instrumentis
1180 1224 1325 1269 fecerit,
1354 1225 1447 1272 quid

161 1279 305 1321 fecerit,
332 1277 400 1312 ubi
425 1276 567 1319 fecerit,
589 1286 658 1311 cur
687 1276 830 1317 fecerit,
859 1276 1042 1322 quomodo
1065 1276 1208 1321 fecerit,
1240 1279 1276 1313 et
1295 1277 1446 1324 quando

162 1327 1447 1375 fecerit.-Cujusquidemdivisionisrationembreviteretdilucide

163 1383 335 1430 assignat
356 1383 391 1418 S.
413 1382 579 1417 Thomas
596 1381 678 1423 1-11‚
696 1381 766 1422 Qu.
788 1381 866 1424 V11,
882 1381 997 1416 Artic.
1013 1382 1062 1416 111
1083 1391 1091 1415 ι
1117 1394 1133 1413 ‹
1151 1381 1449 1417 Circumstantia

163 1436 315 1480 dicitur,
344 1434 453 1482 quasi
480 1438 589 1469 extra
614 1433 868 1468 substantiam
897 1437 1003 1468 actus
1029 1433 1210 1477 existens,
1240 1434 1293 1469 ita
1318 1437 1448 1470 tamen

163 1487 267 1535 quod
290 1487 417 1533 aliquo
436 1485 553 1521 modo
575 1485 732 1531 attingit
752 1485 893 1531 ipsum.
916 1485 1110 1532 Contingit
1131 1490 1261 1522 autem
1279 1486 1350 1522 hoc
1365 1487 1449 1521 fieri

162 1539 374 1587 tripliciter.
394 1539 474 1574 Uno
493 1538 609 1573 modo
629 1539 860 1583 inquantum
879 1538 1033 1585 attingit
1054 1539 1181 1584 ipsum
1200 1543 1350 1583 aclum3
1373 1539 1449 1574 alio

164 1593 279 1629 modo
295 1592 526 1639 inquantum
542 1591 699 1637 attingit
712 1600 867 1626 causam
884 1594 1010 1635 actus,
1028 1591 1141 1626 tertio
1157 1590 1273 1627 modo
1290 1592 1451 1638 inquan-

165 1651 247 1680 tum
264 1644 418 1690 attingit
435 1644 615 1689 effectum.
635 1663 680 1668 —
694 1643 825 1689 Ipsum
841 1645 971 1678 autem
987 1645 1115 1679 actum
1134 1644 1290 1689 attingit
1307 1644 1362 1679 vel
1383 1655 1450 1691 per

164 1697 323 1733 modum
341 1705 547 1740 mensurae,
563 1696 660 1731 sicut
674 1698 826 1742 tempus
841 1695 1021 1742 (quando)
1037 1695 1188 1731 etlocus
1200 1695 1306 1741 (ubi),
1319 1695 1451 1743 velper

165 1749 325 1785 modum
349 1748 547 1795 qualitatis
569 1750 690 1792 actus,
713 1748 810 1783 sicut
832 1748 970 1783 modus
986 1747 1126 1795 agendi
1149 1748 1375 1794 (quomodo).
1398 1750 1452 1783 Ex

168 1805 273 1848 parte
285 1803 413 1836 autem
431 1799 600 1843 effectus,
613 1802 751 1835 utcum
760 1799 1027 1835 consideratur
1038 1799 1132 1846 quid
1149 1800 1287 1847 aliquis
1302 1800 1450 1836 fecerit.

166 1856 218 1890 Ex
232 1857 340 1901 parte
354 1863 442 1888 vero
459 1862 586 1888 causae
600 1855 721 1895 actus,
742 1856 931 1898 quantum
948 1851 997 1887 ad
1012 1862 1170 1888 causam
1186 1852 1341 1888 finalem
1357 1853 1454 1888 acci-

167 1908 270 1966 phitur
286 1917 337 1952 1⁹7
339 1909 444 1952 optet
462 1904 557 1952 quid
582 1905 705 1963 (cm-w)
733 1915 779 1939 ex
807 1908 914 1950 parte
947 1908 1078 1940 autem
1096 1914 1222 1941 causae
1243 1895 1457 1940 materialis

167 1960 242 1995 sive
265 1958 401 2004 objecti
417 1958 601 2003 accipitur
616 1957 723 1993 οὐσα
739 1956 834 2003 quid
853 1956 1005 2003 (quid);
1023 1967 1069 1992 ex
1090 1960 1198 2003 parte
1219 1967 1306 1992 vero
1327 1967 1454 1992 causae

167 2012 316 2058 agentis
331 2010 554 2058 principalis
575 2009 760 2056 accipitur
772 2010 859 2056 quis
879 2010 1020 2056 egerit3
1037 2020 1084 2044 ex
1102 2013 1212 2056 parte
1225 2020 1312 2045 vero
1328 2019 1454 2046 causae

168 2064 316 2110 agentis
340 2062 640 2098 instrumentalis
664 2062 851 2108 accipitur
872 2060 1009 2108 quibus
1032 2061 1211 2097 auxiliis.
1238 2075 1254 2093 ι
1283 2061 1451 2097 Circum-

167 2116 311 2151 stantia
327 2115 434 2151 circa
454 2115 548 2161 quid
564 2115 691 2161 posita
708 2114 756 2150 ab
776 2113 977 2150 Aristotele
994 2118 1036 2148 ut
1053 2113 1234 2148 distincta
1255 2124 1277 2148 a
1293 2113 1454 2149 circum-

168 2169 309 2203 stantia
328 2167 434 2213 quid,
458 2178 480 2202 a
497 2167 617 2202 Tullio
636 2166 980 2213 comprehenditur
999 2166 1070 2201 sub
1092 2166 1166 2201 hac
1181 2165 1334 2201 ultima.

214 2221 276 2256 IV.
310 2221 482 2256 Potiores
514 2220 833 2255 circumstantiae.
872 2220 954 2254 Non
978 2218 1171 2253 immerito
1199 2223 1329 2254 autem
1356 2218 1461 2260 inter]

169 2273 376 2309 recensitas
395 2272 703 2308 circumstantias
723 2271 848 2318 prima
866 2270 1031 2306 habetur
1049 2271 1340 2306 circumstantia
1368 2267 1461 2306 finis

168 2325 381 2372 operantis,
407 2335 473 2360 seu
500 2335 568 2360 cur
592 2323 649 2360 vel
670 2328 828 2369 propter
846 2323 962 2369 qui;d
985 2322 1151 2359 secunda
1169 2333 1256 2358 vero
1275 2322 1341 2358 illa
1368 2333 1461 2376 quae

170 2377 322 2421 attingit
339 2377 517 2414 effectum
539 2387 605 2412 seu
625 2376 881 2413 substantiam
902 2379 1024 2418 actus,
1045 2385 1183 2421 nempe
1201 2375 1306 2420 quid.
1329 2376 1372 2411 Et
1398 2384 1455 2411 re·
