1584 2569
182 87 242 120 184
323 95 382 120 JUS
398 95 559 121 NATURAE.
581 96 651 120 Lm.
673 96 698 121 1.
719 96 794 122 CAP.
818 95 864 121 W.
881 95 925 119 DE
945 94 1022 120 01²1?-
1045 93 1130 119 HOH.
1148 92 1248 120 ERGA
1265 89 1367 118 Auos

174 167 342 202 matario
366 166 517 213 fructus
548 167 614 214 qui
643 178 721 202 non
750 171 839 202 sunt
870 176 993 212 neque
1016 176 1096 201 esse
1129 169 1288 213 possunt
1315 165 1461 201 fruetus

175 220 358 266 pecuniae,
383 219 448 256 sed
473 224 563 256 sunt
592 221 702 256 unice
736 219 879 256 fructus
905 219 1104 254 industrioe
1132 218 1357 253 mutuatarii
1379 228 1387 253 :
1421 218 1460 254 in

174 283 290 320 quam
311 272 541 308 industriam
563 284 639 309 non
659 284 768 308 suam
795 275 994 308 mutuator
1012 272 1162 308 nullum
1185 272 1248 317 J'us
1269 270 1398 314 habet,
1419 274 1463 306 ut

172 330 230 362 est
248 326 509 361 manifestum.

222 377 391 425 Objectio
418 384 571 425 quarta.
594 379 743 415 Volenti
770 380 875 414 nulla
896 380 939 414 fit
959 379 1113 425 injuria.
1138 377 1252 424 Atqui
1270 381 1462 413 mutuata-

174 443 253 467 r1us
284 432 500 467 voluntarie
535 432 601 467 dat
636 432 830 467 mutuanti
862 432 1029 479 pretium
1059 431 1232 478 pecuniae
1259 434 1460 466 mutuatae.

172 485 271 531 Ergo
289 484 513 531 hujusmodi
535 485 702 532 pretIum
723 485 824 521 licite
846 489 973 532 potest
992 485 1105 520 sumi.

218 538 326 584 Resp.
364 537 616 573 Mutuatarius
651 538 764 573 solvit
801 537 945 573 fruetus
976 538 1190 573 voluntarie
1221 536 1460 584 simpliciter,

171 600 265 636 nego
284 602 293 635 ;
321 590 593 634 conditionate,
614 591 787 626 concedo.
809 611 853 616 —
876 604 890 622 ‹
915 590 981 626 Ille
1002 591 1066 636 qui
1094 590 1160 626 dat
1185 600 1356 635 usuram,
1384 600 1461 624 non

172 643 399 690 simpliciter
416 643 632 679 voluntarie
662 643 740 688 dat,
771 643 836 679 sed
857 654 945 679 cum
968 643 1135 690 quadam
1162 643 1401 682 necessitate,
1423 644 1461 677 in

172 700 361 742 quantum
388 696 535 743 indiget
564 697 734 744 accipere
761 697 963 744 pecuniam
990 701 1140 741 mutuo,
1168 707 1284 743 quam
1314 695 1375 731 ille
1396 696 1462 742 qui

172 748 289 784 habet
308 760 385 784 non
405 749 487 784 vult
503 749 583 784 sine
603 760 717 784 usura
733 755 924 784 mutuare.
950 764 964 781 »
981 770 1025 774 —
1045 749 1145 784 [bid.
1169 749 1216 785 ad
1237 751 1271 784 7.

220 801 390 848 Objectio
419 802 568 848 quinta.
602 803 718 849 Leges
741 802 869 838 civiles
898 802 1141 849 permittunt,
1173 803 1250 837 imo
1286 812 1462 849 expresse

173 854 385 890 concedunt
407 855 525 902 repeti
551 865 661 901 posse
690 855 835 891 fruetus
856 854 1059 900 (interessi)
1088 865 1157 901 pro
1188 855 1349 902 pecunia
1380 865 1461 889 mu-

172 912 280 943 tuata
303 919 310 943 :
333 908 411 943 imo
433 908 515 955 ipsa
545 908 660 944 Sacra
685 908 952 956 Congregatio,
982 908 1052 943 hac
1079 908 1125 944 de
1151 919 1190 944 re
1210 908 1460 955 interrogata,

172 960 370 1007 respondit
390 965 612 996 mutuantes
633 961 698 1008 qui
719 965 808 997 sunt
833 962 871 996 in
898 961 999 996 bona
1025 960 1099 996 fide
1120 971 1197 996 non
1221 971 1301 996 esse
1324 960 1461 996 moles-

172 1013 309 1049 tandos
323 1014 361 1048 in
382 1014 464 1049 foro
481 1015 738 1049 eonscientiae.

218 1067 325 1112 Hesp.
342 1067 458 1113 Leges
473 1067 614 1111 civiles,
631 1078 716 1113 quae
736 1067 964 1113 permittunt
985 1067 1144 1102 arbitrio
1174 1067 1389 1102 mutuantis
1406 1067 1462 1102 lu-

171 1130 235 1154 cra
250 1119 440 1166 carpenda
461 1130 505 1154 ex
524 1121 684 1166 pecunia
704 1124 894 1164 mutuata,
913 1131 989 1155 non
1011 1130 1091 1155 esse
1110 1120 1226 1167 leges,
1248 1120 1312 1156 sed
1340 1120 1461 1167 publi·

171 1183 234 1207 cas
255 1172 490 1219 iniquitates,
523 1172 685 1219 ideoque
710 1172 954 1208 detestandas
985 1174 1056 1217 (25,
1080 1173 1154 1218 IX).
1182 1173 1299 1220 Leges
1331 1177 1460 1209 autem

171 1224 298 1260 civiles
325 1235 411 1271 quae
432 1224 691 1260 determinant
718 1225 922 1261 modestum
948 1225 1098 1261 lucrum
1125 1236 1170 1261 ex
1191 1226 1354 1272 pecunia
1380 1237 1462 1262 mu·

172 1282 290 1322 tuata,
310 1289 385 1313 non
405 1289 563 1314 usuram
593 1278 722 1325 aliquo
752 1277 868 1313 modo
890 1279 1120 1325 approbant,
1139 1279 1203 1314 sed
1219 1283 1390 1326 spectata
1407 1290 1461 1315 re-

171 1341 257 1366 rum
278 1330 537 1366 humanarum
565 1336 602 1366 et
623 1335 842 1378 temporum
861 1331 1095 1377 conditione,
1111 1337 1177 1368 aut
1198 1333 1363 1368 retinent
1381 1343 1460 1369 esse

173 1383 357 1419 damnum
382 1395 580 1431 emergens
600 1384 659 1419 vel
675 1384 824 1420 lucrum
842 1395 1005 1430 cessans,
1024 1390 1091 1421 aut
1110 1390 1361 1433 compensant
1379 1397 1461 1422 mu-

172 1440 345 1472 tuantem
368 1436 413 1472 de
435 1437 534 1472 bono
555 1437 751 1472 communi
769 1437 964 1485 quodipse
981 1443 1160 1485 procurat
1172 1438 1402 1484 mutuando,
1418 1443 1461 1475 ut

172 1500 287 1536 supra
307 1500 344 1532 n,
374 1490 453 1524 VIll
479 1489 625 1525 dietum
653 1494 721 1525 est.
745 1490 825 1531 Qua
849 1490 894 1525 de
923 1501 1036 1527 causa
1065 1495 1286 1528 mutuantes
1315 1491 1363 1527 ob
1387 1503 1461 1528 mo-

170 1542 273 1577 desta
300 1542 373 1577 ista
396 1542 500 1577 luera
522 1553 598 1577 non
630 1552 710 1577 esse
739 1542 1000 1579 molestandos
1031 1544 1069 1578 in
1099 1543 1181 1579 foro
1216 1544 1461 1580 eonscientiae

174 1594 210 1629 S.
233 1594 487 1641 Congregatio
508 1594 618 1630 dixit.
637 1615 682 1620 —
702 1594 833 1630 Cetera
857 1595 1058 1631 videantur
1083 1595 1185 1643 apud
1207 1596 1243 1632 S.
1270 1596 1459 1634 Thomam

174 1647 243 1693 Qq.
265 1646 396 1693 Dispp.
415 1647 470 1682 De
486 1646 598 1691 malo,
616 1647 685 1688 Qu.
705 1647 800 1682 Xlll.
819 1647 874 1682 De
891 1648 1074 1684 avaritia.
1102 1649 1216 1685 Artic.
1245 1649 1305 1694 IV,
1327 1650 1392 1686 uhi
1409 1651 1460 1686 vi-

176 1699 271 1745 ginti
298 1699 533 1745 obJectiones
554 1699 723 1735 faventes
744 1711 871 1736 usuroe
893 1700 928 1735 S.
948 1701 1088 1737 Doctor
1107 1702 1233 1738 solvit.
1263 1702 1316 1738 Cf.
1341 1703 1459 1739 etiam

173 1752 374 1800 Taparelli,
399 1752 545 1798 Saqqio
565 1753 609 1787 di
633 1752 770 1789 diricto
796 1754 985 1799 naturale,
1011 1759 1082 1792 etc.
1108 1755 1263 1792 Dissert.
1288 1756 1348 1802 Ν,
1367 1756 1449 1805 Cap.

174 1805 232 1840 lv.
254 1805 367 1841 Artic.
388 1805 446 1849 lv,
469 1810 505 1841 et
525 1810 616 1841 nota
635 1805 676 1842 G.
