1554 2569
158 162 223 196 112
251 166 466 194 mammam.
477 168 514 192 n.
525 167 603 192 mr.
618 166 672 192 111.
685 166 731 191 οε
746 166 892 191 munus
904 144 992 192 nun.
1004 164 1040 192 m
1055 166 1137 192 om».
1152 167 1199 192 An
1212 166 1349 203 nonna,
1362 165 1438 193 mc.

123 286 126 289 Ι
153 241 261 290 quod
278 244 390 283 erret,
412 239 499 276 licet
518 243 617 275 erret
634 236 861 284 aliquand03
883 238 938 274 ita
961 249 1039 274 non
1059 242 1115 275 est
1140 237 1187 276 de
1209 238 1442 286 perfectione

147 293 343 331 'libertatis
368 292 433 328 sed
463 291 509 328 de
538 292 620 339 ejus
649 291 798 327 defectu
824 290 928 337 quod
954 291 1108 327 deficiat
1132 301 1155 327 a
1176 302 1264 328 vero
1287 292 1439 337 morali,

121 368 124 389 2
154 348 245 384 licet
264 345 415 382 deficiat
435 344 654 391 aliquando,
673 344 764 390 quia
787 343 826 380 in
849 343 1024 391 eligendo
1046 344 1192 379 malum
1215 344 1273 380 vel
1295 344 1441 380 bonum

121 417 127 444 :·
158 410 234 436 non
257 398 403 445 patitur
424 397 660 433 coactionem
684 395 895 443 physicam.
925 396 1043 432 Porro
1066 396 1127 432 lex
1154 397 1369 444 imponitur
1393 408 1442 433 ne

155 452 255 489 ratio
272 451 311 486 in
328 449 529 497 dirigenda
547 449 723 485 libertate
740 447 892 484 deficiat
911 459 934 484 a
949 459 1057 494 vero3
1079 459 1171 496 ergo
1194 449 1254 485 lex
1273 460 1350 485 non
1374 460 1441 497 op·

156 505 314 553 ponitur
329 502 551 550 perfectioni
569 501 742 546 rationis,‚
762 500 828 536 sed
845 501 970 548 magis
993 512 1079 537 eam
1102 502 1264 548 perficit,
1289 506 1326 538 et
1352 513 1441 539 con-

156 561 359 603 sequenter
379 555 526 601 perficit
546 555 669 601 ipsam
686 554 920 589 libertatem.

204 608 373 656 objectio
385 608 520 643 altera.
533 607 609 642 Lex
620 606 819 650 naturalis,
833 616 919 652 quae
934 610 990 641 est
1005 605 1197 642 dictamen
1212 607 1372 643 rationis
1386 607 1441 643 in·

156 661 371 705 dividualis,
393 658 534 695 sufficit
557 658 604 695 ad
625 659 713 694 vitae
738 658 920 694 humanae
943 657 1207 695 directionem.
1233 659 1332 707 Ergo
1357 660 1442 696 inu·

157 715 234 750 tilis
253 718 311 750 est
324 713 383 749 lex
402 712 542 749 divina.

203 767 311 812 Resp.
336 765 536 811 Distinguo
558 763 775 799 antecedens
798 773 806 798 z
825 763 885 799 lex
906 763 1091 799 naturalis
1114 763 1256 800 sufficit
1281 764 1330 800 ad
1351 765 1442 800 vitae

156 819 336 854 humanae
349 816 600 852 directionem
617 816 655 850 in
668 815 802 851 ordine
813 815 1108 862 supernaturali,
1123 826 1235 862 ne903
1251 816 1290 852 in
1307 816 1442 852 ordine

155 869 334 913 naturali,
355 867 623 914 subdz‘stinyuo
641 867 854 914 :loquendo
872 867 1062 904 abstracte
1071 872 1244 914 etperse,
1260 868 1440 912 concedo;

154 921 347 969 loquendo
373 924 548 956 concrete
575 925 612 956 et
638 930 706 967 per
733 919 920 964 accidens,
947 930 1051 965 neyo.
1076 940 1121 945 —
1146 920 1193 955 Ut
1213 920 1359 957 dictum
1385 925 1443 956 est

156 986 287 1022 supra,
307 974 369 1010 lex
385 973 571 1009 naturalis
589 973 752 1019 incapax
772 976 828 1008 est
851 972 1043 1020 dirigendi
1063 973 1183 1008 vitam
1203 978 1377 1009 nostram
1402 974 1441 1009 in

155 1027 288 1063 ordine
323 1025 617 1073 supernaturali.
648 1045 694 1050 —
724 1025 910 1071 Respectu
944 1035 1033 1060 vero
1063 1024 1209 1060 ordinis
1238 1026 1439 1070 naturalis,

155 1082 252 1115 ratio
280 1079 454 1115 absolute
480 1077 672 1124 loquendo
698 1082 835 1123 potest.
862 1077 976 1124 Atqui
996 1078 1161 1124 pessime
1182 1078 1439 1125 philosophus

148 1126 255 1168 ¹sistit
289 1132 329 1167 in
358 1129 664 1167 consideratione
697 1130 865 1165 hominis
895 1130 934 1165 in
963 1130 1155 1166 abstracto
1189 1134 1226 1166 et
1252 1132 1440 1178 confingit

156 1184 324 1220 theorias
351 1182 587 1230 pulchriores
612 1181 799 1225 fortassis,
830 1181 895 1217 sed
925 1186 992 1217 aut
1018 1182 1161 1217 nullius
1194 1183 1371 1218 utilitatis
1401 1183 1440 1218 in

155 1237 264 1283 praxi
292 1239 359 1271 aut
386 1235 552 1270 nocivas.
582 1234 696 1269 Decet
725 1233 1001 1280 philosophum
1029 1239 1072 1269 ut
1098 1234 1275 1271 homines
1297 1235 1441 1271 nedum

155 1289 357 1332 abstracte,
378 1286 443 1323 sed
460 1290 635 1322 concrete
652 1286 815 1333 accipiat
832 1290 874 1321 ut
894 1291 1002 1331 sunt;
1024 1291 1062 1321 et
1081 1286 1258 1322 homines
1278 1292 1321 1322 ut
1337 1293 1439 1332 sunt,

155 1341 304 1377 fortiori
325 1339 535 1375 directione
554 1339 728 1386 indigent
745 1349 862 1385 quam
885 1339 935 1374 sit
951 1339 1113 1374 rationis
1135 1339 1280 1382 lumen,
1300 1339 1360 1374 cui
1384 1343 1443 1374 tot

156 1398 357 1439 tantasque
395 1392 570 1428 tenebras
605 1391 815 1438 passiones,
856 1389 1166 1435 consuetudines,
1201 1390 1439 1437 praejudicia,

155 1446 316 1492 aliaeque
342 1454 468 1481 causae
492 1443 710 1488 offundunt,
739 1448 781 1479 ut
805 1443 973 1478 diximus
998 1443 1037 1477 in
1061 1443 1187 1489 prima
1214 1443 1441 1489 probatione

154 1499 285 1534 thesis.

202 1550 371 1597 Objectio
382 1550 509 1585 tertia.
530 1548 673 1584 Saltem
696 1547 981 1583 admittendum
999 1552 1055 1583 est
1075 1550 1304 1585 conveniens
1324 1550 1441 1585 fuisse

154 1603 256 1649 quod
274 1603 373 1638 Deus
399 1601 602 1638 revelasset
624 1601 761 1647 cuique
785 1611 895 1636 suam
916 1600 1053 1647 legem,
1079 1602 1171 1647 quin
1192 1603 1442 1653 copstitueret

154 1656 322 1702 aliquam
345 1654 614 1690 auctoritatem
635 1653 673 1688 in
688 1653 811 1698 terris,
831 1663 917 1698 quae
932 1653 1014 1699 ejus
1032 1654 1187 1689 nomine
1202 1658 1240 1689 et
1252 1655 1338 1700 jure
1353 1665 1441 1690 suas

152 1708 254 1755 leges
284 1707 464 1751 dictaret;
496 1706 689 1753 praecipue
719 1706 810 1751 quia
835 1705 952 1741 dubia
980 1706 1120 1741 exoriri
1149 1711 1310 1753 possunt
1341 1707 1442 1743 circa

154 1759 395 1795 divinitatem
419 1758 534 1805 hujus
559 1758 819 1802 auctoritatis;
849 1762 886 1792 et
915 1768 990 1804 quo
1021 1758 1174 1794 criterio
1198 1769 1284 1794 eam
1306 1759 1440 1794 distin-

154 1822 317 1859 guamus
331 1822 354 1847 a
367 1811 532 1858 simplici
550 1810 779 1846 auctoritate
800 1810 983 1855 humana,
1000 1814 1067 1846 aut
1085 1821 1217 1846 omnes
1242 1816 1308 1846 aut
1328 1812 1441 1847 multi

153 1865 289 1900 saltem
311 1864 498 1901 nesciunt·

198 1917 307 1963 Resp.
330 1916 448 1951 Multa
467 1919 729 1962 congeruntur
748 1916 786 1950 in
808 1915 879 1950 hac
897 1914 1124 1951 difficultate
1141 1915 1189 1951 ad
1210 1926 1296 1962 quae
1310 1916 1440 1963 singil-

151 1970 274 2013 latim,
302 1969 349 2004 ob
370 1969 425 2004 rei
453 1969 693 2015 gravitatem,
718 1967 949 2014 respondere
977 1972 1143 2014 oportet.
1168 1989 1213 1993 —
1236 1968 1325 2004 Dico
1350 1980 1440 2016 ergo

152 2022 345 2068 imprimis
362 2020 465 2067 quod
484 2021 582 2056 Deus
598 2031 676 2056 non
694 2031 716 2056 a
732 2020 844 2055 nobis
861 2030 1013 2055 sumere
1031 2019 1144 2055 debet
1162 2031 1340 2056 normam
1361 2031 1441 2057 suae

152 2074 402 2120 operationis,
433 2073 497 2109 sed
528 2083 598 2108 nos
632 2073 680 2108 ab
710 2073 808 2119 ipso,
840 2072 931 2118 quia
959 2076 1145 2108 creaturae
1178 2074 1260 2120 ejus
1291 2084 1438 2109 sumus.

152 2125 293 2161 Deinde
311 2125 456 2161 auctori
465 2129 519 2160 tas
537 2125 763 2169 extrinseca,
777 2134 863 2170 quae
878 2134 900 2159 a
915 2124 992 2159 Deo
1010 2129 1232 2160 constanter
1246 2125 1438 2172 dirigitur,

153 2182 194 2213 ut
212 2182 269 2212 est
287 2177 428 2213 Christi
447 2177 626 2221 Ecclesia,
646 2177 826 2212 omnibus
846 2180 964 2223 patet,
989 2180 1027 2211 et
1048 2180 1105 2211 est
1130 2177 1327 2213 vinculum
1355 2179 1442 2213 uni-

153 2230 241 2265 tatis
267 2229 431 2273 socialis,
460 2229 564 2275 quod
596 2230 694 2265 ratio
725 2228 971 2264 individualis
1003 2239 1082 2264 esse
1113 2239 1191 2264 non
1218 2234 1363 2276 potest3
1397 2241 1441 2266 ac

154 2287 338 2329 praeterea
363 2282 591 2317 auctoritate
614 2282 680 2317 illa
698 2282 865 2318 Ecclesia
887 2291 966 2316 non
989 2281 1162 2317 abutitur
1185 2293 1308 2329 neque
1333 2283 1441 2319 abuti

156 2340 283 2381 potest
300 2335 391 2381 quia
407 2345 430 2370 a
454 2334 597 2381 Spiritu
624 2334 762 2370 Sancto
784 2334 977 2381 dirigitur,
1005 2333 1122 2369 homo
1146 2340 1275 2370 autem
1300 2336 1440 2372 abusus

154 2387 285 2423 fuisset
299 2387 528 2424 revelatione
545 2387 611 2423 illa
627 2386 851 2423 individuali
868 2387 965 2422 sicut
981 2387 1154 2424 abutitur
1168 2389 1328 2425 ratione.
1348 2389 1439 2426 Hinz'
