1584 2569
184 125 265 151 uir.
280 126 306 151 1.
324 124 367 150 m:
381 125 457 150 οη.
476 122 518 150 ΕΤ
531 124 608 150 sun.
624 125 711 150 nom.
729 125 850 155 Quom>
864 123 1040 149 conssnv.
1057 123 1217 148 Priorum
1234 111 1399 146 virAE153

117 196 303 233 laudabili
332 207 471 233 causa:
503 207 593 232 nam
629 207 740 233 nemo
771 197 963 243 vituperat
985 195 1050 231 sed
1080 205 1214 230 omnes
1236 194 1404 229 maxime

119 249 280 286 laudant
311 250 488 295 militem,
519 250 600 296 qui,
640 260 727 286 cum
752 247 981 285 certitudine
1014 249 1149 284 mortis
1179 246 1403 291 subeundae,

118 302 294 338 hostibus
314 313 394 338 sese
424 303 586 349 opponit
608 301 656 337 ad
678 301 917 349 implendum
948 301 1148 348 proprium
1178 299 1347 335 officium
1369 306 1406 334 et

119 356 284 402 patriam
305 354 584 391 defendendam
602 366 611 398 ς
630 355 684 390 sic
700 356 787 401 jure
801 354 1015 400 meritoque
1036 353 1244 389 laudantur
1254 352 1406 388 missio-

119 409 231 453 narii,
259 419 346 444 cum
373 408 421 444 ad
447 407 735 456 praedicandam
768 407 908 443 Christi
943 406 1060 442 fidem
1093 407 1194 442 inter
1219 404 1404 449 infideles,

117 462 236 496 vitam
257 461 441 508 martyrio
462 461 627 506 finiunt3
655 462 707 496 sic
727 460 943 497 sacerdotes
966 470 1055 495 cum
1076 463 1181 506 peste
1200 458 1406 494 laboranti-

118 514 188 549 bus
208 514 468 550 ministerium
489 514 689 562 proprium
710 513 937 560 praebentes,
956 512 1137 548 morbum
1157 511 1405 555 contrahunt,

117 572 190 602 etc.
212 587 257 593 —
284 568 322 603 3⁰
347 567 400 602 Ex
421 577 497 613 quo
518 567 693 613 sequitur
709 567 856 603 licitam
877 576 957 602 esse
975 570 1013 601 et
1034 564 1270 601 laudabilem
1291 564 1406 600 chris-

117 620 263 655 tianam
277 620 617 655 mortificationem
631 619 679 655 ad
694 630 834 666 corpus
849 618 1130 666 castigandum,
1146 628 1193 653 ne
1213 617 1407 664 passiones

118 672 349 708 insolescant
377 677 512 708 contra
544 672 704 708 rationis
737 672 958 719 imperium,
989 672 1102 718 Juxta
1132 670 1226 706 illud
1260 669 1367 705 Pauli
1394 670 1406 704 Ι

119 725 294 770 Corinth,
310 725 370 770 IX,
388 727 431 761 27
448 736 455 761 :
470 726 616 771 castigio
633 736 771 771 corpus
785 736 905 761 meum
924 729 957 760 et
972 724 1011 760 in
1030 726 1243 760 servitutem
1262 723 1407 769 redigo.

116 777 238 819 Quam
260 777 458 813 veritatem
477 778 596 813 miror
626 788 648 814 a
667 777 868 813 Melchiore
894 777 1015 823 Gioja,
1042 777 1123 811 viro
1153 775 1340 812 catholico
1373 779 1409 810 et

117 830 329 875 sacerdote,
366 830 480 866 fuisse
507 834 687 877 negatam
723 831 761 865 in
795 831 873 866 suis
899 830 1106 866 Elementis
1137 828 1407 875 philosophiae,

118 883 295 929 quamvis
320 887 466 930 postea,
484 887 528 918 ut
550 883 768 919 Rosminius
786 883 913 927 refert,
935 893 1107 919 errorem
1130 882 1407 929 reprobaverit.

119 936 270 971 Etenim
296 946 373 971 non
399 936 530 972 anima
550 936 721 972 humana
747 940 803 971 est
825 940 981 983 propter
1003 946 1155 982 corpus,
1181 934 1247 971 sed
1272 945 1410 982 corpus

122 992 281 1036 propter
307 989 478 1025 animam
502 1001 511 1034 ;
537 989 656 1036 igitur
684 993 822 1024 natura
848 999 918 1024 sua
947 988 1060 1024 debet
1086 988 1227 1023 animae
1253 988 1407 1023 servire.

121 1043 419 1088 consequenter,
441 1052 529 1077 cum
562 1041 773 1077 christiana
797 1041 970 1088 corporis
999 1041 1246 1076 mortificatio
1277 1051 1410 1076 sensus

122 1095 301 1131 humiliet
320 1099 363 1131 ut
382 1096 523 1130 animae
544 1095 762 1131 deserviant
784 1099 822 1130 et
841 1094 924 1130 haec
950 1094 1107 1130 liberius
1132 1093 1307 1129 attendat
1333 1094 1411 1129 suis

120 1147 259 1183 officiis
288 1147 559 1194 adimplendis,
594 1147 800 1183 laudabilis
827 1157 895 1194 per
926 1158 965 1183 se
988 1152 1059 1191 est,
1091 1147 1243 1182 etiamsi
1276 1146 1411 1182 demus

120 1199 240 1246 (quod
264 1204 394 1235 tamen
414 1211 545 1236 verum
570 1211 647 1235 non
674 1202 744 1244 est)
769 1211 908 1247 corpus
931 1211 977 1235 ex
1004 1200 1087 1246 ipsa
1111 1199 1410 1235 mortificatione

120 1253 265 1299 aliquid
284 1253 505 1289 detrimenti
527 1263 675 1300 capere.
708 1253 794 1288 Dixi
815 1257 944 1289 autem
962 1253 1232 1297 christianam,
1256 1252 1329 1288 hoc
1355 1257 1411 1287 est

117 1304 359 1341 moderatam
380 1306 732 1350 mortificationem,
754 1316 844 1342 nam
868 1319 884 1338 ι
906 1306 938 1341 si
961 1305 1100 1351 aliquis
1121 1305 1317 1341 intantum
1337 1305 1407 1341 vir-

118 1361 241 1394 tutem
261 1362 410 1393 naturae
428 1357 601 1394 debilitet
620 1369 688 1405 per
704 1359 865 1405 jejunia,
889 1362 926 1394 et
945 1358 1108 1405 vigilias,
1128 1362 1165 1393 et
1186 1358 1261 1394 alia
1275 1357 1407 1404 hujus—

118 1409 239 1455 modi,
272 1410 376 1457 quod
402 1421 479 1446 non
507 1410 673 1447 sufficiat
705 1410 835 1446 debita
863 1421 980 1458 opera
1003 1411 1138 1457 exequi
1145 1438 1215 1449 .....
1224 1439 1231 1455 ,
1265 1411 1407 1458 absque

122 1462 239 1498 dubio
258 1467 401 1510 peccat.
420 1477 493 1496 ι-
508 1462 686 1508 Quodlib.
701 1464 743 1508 V,
759 1464 874 1499 Artic.
896 1463 1024 1501 XVIII.
1050 1485 1095 1490 -
1115 1464 1224 1499 Ratio
1246 1468 1303 1499 est
1318 1464 1410 1510 quia

121 1515 345 1562 hujusmodi
371 1527 545 1552 excessus
575 1515 758 1552 deficiunt
778 1527 800 1552 a
825 1517 900 1552 fine
924 1520 1082 1563 propter
1107 1527 1221 1563 quem
1245 1516 1407 1552 mortifi—

117 1569 289 1604 cationes
312 1569 529 1615 corporales
558 1568 732 1605 adhiberi
759 1569 860 1604 licite
890 1573 1064 1616 possunt,
1092 1573 1134 1604 ut
1162 1568 1256 1605 ibid.
1282 1573 1408 1605 osten-

121 1620 179 1656 dit
197 1621 413 1668 Angelicus.
441 1622 529 1657 Haec
549 1622 680 1657 omnia
700 1626 808 1657 erant
827 1622 1082 1666 praenotanda
1100 1633 1108 1667 3
1137 1633 1239 1658 nunc
1261 1622 1308 1657 ad
1331 1622 1410 1658 the-

116 1684 207 1713 sim.

166 1728 232 1763 111.
250 1727 462 1764 Suicidium
482 1732 543 1765 est
560 1731 714 1765 omnino
728 1730 911 1765 illicitum
927 1729 1012 1774 jure
1025 1733 1192 1765 naturae.
1207 1729 1407 1764 Probatur.

121 1778 335 1814 Suicidium
362 1782 620 1816 contrariatur
639 1781 879 1817 inclinationi
903 1786 1052 1817 naturae
1079 1787 1116 1817 et
1136 1782 1314 1817 charitati
1335 1792 1412 1827 qua

122 1830 240 1866 homo
269 1835 422 1867 tenetur
446 1831 606 1879 diligere
635 1833 817 1880 seipsum,
846 1837 902 1868 est
929 1834 1070 1879 injuria
1094 1833 1201 1869 illata
1222 1834 1408 1878 societati,

118 1888 178 1919 est
201 1883 392 1930 injustitia
416 1888 550 1920 contra
570 1885 703 1921 Deum.
726 1885 824 1932 Ergo
843 1885 1048 1921 suicidium
1076 1891 1133 1921 est
1157 1886 1316 1921 omnino
1338 1886 1407 1922 illi-

122 1937 242 1971 citum
259 1937 347 1983 jure
366 1941 528 1974 naturae.
550 1957 596 1964 ·-
617 1937 892 1984 Consequentia
912 1942 1036 1984 patet3
1062 1938 1247 1985 probatur
1262 1943 1409 1975 antece-

117 1988 222 2027 dens.

168 2042 391 2079 Suicidium
398 2043 665 2080 contrariatur
675 2044 927 2080 inclinationi
938 2048 1088 2080 naturoe
1098 2049 1131 2079 et
1139 2044 1328 2080 charitati
1336 2056 1411 2092 qua

121 2095 230 2131 homo
249 2100 391 2132 tenetur
406 2096 570 2144 ditiqere
583 2108 622 2133 se
643 2098 780 2144 ipsum.
797 2097 979 2144 Suppono
1003 2099 1038 2133 1⁰
1061 2098 1172 2133 nobis
1197 2103 1410 2145 praepoten-

120 2152 200 2183 tem
222 2148 344 2185 inesse
365 2149 654 2186 inclinationem
675 2150 723 2186 ad
742 2150 876 2195 vitam,
898 2154 941 2185 ut
961 2150 1124 2196 quisque
1148 2150 1187 2186 in
1205 2152 1410 2198 semetipso

120 2201 215 2237 etin
239 2200 323 2237 aliis
343 2203 551 2250 experitur,
568 2203 759 2250 praecipue
776 2203 815 2237 in
832 2202 1003 2238 motibus
1024 2204 1248 2249 spontaneis
1268 2208 1412 2240 nostrae

125 2257 299 2299 naturae;
328 2255 366 2290 2⁰
380 2255 597 2291 libertatem
629 2266 675 2290 ex
695 2265 734 2291 se
757 2266 826 2302 per
845 2255 970 2302 legem
988 2259 1137 2291 naturae
1158 2266 1238 2292 esse
1259 2255 1412 2292 ordina-

122 2308 205 2341 tam
233 2316 312 2342 non
341 2305 388 2343 ad
420 2307 762 2344 contradicendum
784 2312 932 2343 naturae
950 2307 1014 2343 sed
1038 2307 1086 2343 ad
1108 2318 1192 2343 eam
1216 2309 1412 2355 perficien-

122 2358 229 2396 dam.
248 2358 342 2396 Hinc
367 2360 512 2408 optime
530 2361 781 2398 ratiocinatur
802 2361 840 2398 S.
853 2361 1019 2399 Thomas
1036 2372 1044 2397 2
1062 2361 1294 2399 Naturaliter
1307 2372 1412 2411 quae-
