1584 2569
188 113 263 137 Anr.
289 109 324 135 v,
346 108 390 136 nn
413 108 613 136 POTESTATE
639 108 836 136 axaeurin
861 106 1118 135 *nummu-ns
1137 107 1293 145 somam
1350 100 1418 136 243

526 241 784 278 ARTICULUS
820 240 1021 283 QUINTUS

733 324 806 369 (52)

315 406 371 443 De
383 411 568 454 potestate
583 406 778 444 executiva
798 406 1044 442 auctoritatis
1062 406 1238 442 socialis.

174 498 204 537 1.
226 498 340 537 Notio
358 500 568 545 potestatis
579 500 807 537 executivae.
826 520 870 526 —
885 500 1047 536 Nomine
1067 499 1269 547 potestatis
1289 510 1422 536 execu-

131 552 216 590 tivae
236 552 466 600 intelligitur
487 552 649 589 facultas
668 552 879 589 mandandi
899 552 1116 590 executioni
1144 552 1247 599 leges
1266 551 1363 589 latas
1383 553 1422 588 in

129 603 274 642 bonum
292 605 498 642 societatis.
521 605 672 642 Inutilis
691 606 794 642 enim
814 609 870 642 est
888 609 1060 653 potestas
1079 604 1225 642 ferendi
1251 604 1369 653 leges,
1391 605 1422 640 si

128 657 212 706 ipsa
231 661 400 706 potestas
419 657 634 706 legislativa
648 659 735 706 jure
753 658 924 705 privetur
936 657 1169 706 procurandi
1183 657 1314 705 legum
1334 668 1420 694 exe-

127 710 347 746 cutionem:
379 714 479 747 esset
502 711 605 747 enim
637 711 846 747 auctoritas
877 710 1027 747 socialis
1053 711 1092 747 in
1119 710 1190 747 hac
1218 709 1422 758 hypothesi

128 773 206 800 non
232 763 466 811 principium
491 764 703 811 practicum
729 762 777 800 ad
800 764 972 811 regimen
998 762 1259 800 multitudinis
1283 764 1421 800 consti-

129 819 271 860 tutum,
292 815 358 852 sed
387 816 619 864 principium
647 816 924 864 speculativum
952 816 1236 853 abstractarum
1256 815 1421 853 theoria-

128 878 216 905 rum
243 868 496 916 legislationis
528 868 723 914 humanae,
757 869 856 905 sicut
884 868 1047 916 quilibet
1074 868 1344 917 philosophus.
1376 889 1421 895 —

129 920 236 957 Unde
268 920 415 958 fallitur
444 920 691 958 vehementer
718 921 976 958 liberalismus
1008 921 1201 969 politicus,
1236 931 1341 967 cum,
1370 922 1423 958 in-

128 973 243 1010 ducto
264 974 451 1022 regimine
470 974 789 1019 constitutionali‚
806 978 922 1022 negat
936 978 1168 1022 potestatem
1182 974 1422 1011 executivam

128 1037 152 1063 a
171 1030 360 1074 potestate
391 1025 607 1074 legislativa
637 1026 729 1063 oriri
758 1026 858 1063 sicut
887 1038 910 1063 a
942 1027 1101 1075 proprio
1133 1031 1171 1064 et
1200 1026 1424 1063 indivisibili

129 1080 318 1127 principio
338 1090 347 1116 :
368 1079 441 1116 hoc
470 1080 572 1117 enim
593 1080 719 1127 posito
748 1083 912 1127 utraque
940 1083 1111 1127 potestas
1131 1080 1247 1117 simul
1267 1081 1422 1128 perimi-

129 1138 205 1169 tur.
223 1151 269 1159 —-
288 1132 477 1169 Praeterea
505 1132 818 1180 insipientissime
838 1136 969 1180 ageret
993 1132 1219 1180 Legislator,
1240 1133 1271 1170 si
1291 1132 1421 1180 legum

128 1195 288 1222 suarum
308 1185 593 1222 observantiam
613 1196 637 1222 a
654 1185 734 1221 suis
753 1184 917 1221 subditis
936 1196 1014 1222 non
1034 1189 1207 1222 curaret:
1230 1185 1296 1222 ubi
1317 1187 1420 1222 enim

129 1237 258 1275 deficit
292 1237 512 1275 obedientia
537 1238 772 1283 auctoritati,
794 1248 945 1274 necesse
965 1242 1022 1274 est
1041 1242 1084 1274 ut
1104 1238 1232 1275 unitas
1259 1238 1423 1283 socialis,

128 1301 216 1338 quae
235 1301 281 1328 ex
315 1291 545 1329 auctoritate
571 1290 749 1335 habetur,
775 1289 929 1327 deficiat
960 1295 998 1327 et
1017 1291 1125 1338 ipsa3
1147 1301 1224 1338 qua
1258 1291 1422 1335 sublata,

127 1344 290 1381 societas
309 1344 466 1381 corruit.
484 1344 531 1380 At
550 1342 769 1380 obedientia
789 1343 918 1380 deficit
946 1343 1011 1380 ubi
1031 1343 1176 1380 subditi
1202 1349 1423 1382 assuescant

129 1396 402 1444 parvipendere
419 1397 534 1445 leges.
555 1396 655 1444 Ergo
676 1400 743 1433 aut
767 1395 987 1434 obedientia
1006 1396 1155 1444 legibus
1179 1396 1421 1445 procuranda

130 1454 200 1495 est,
221 1454 288 1487 aut
304 1450 408 1498 leges
427 1461 506 1486 non
525 1449 748 1487 condendae.

175 1503 222 1540 11.
244 1503 511 1540 ministrorum
523 1503 750 1540 necessitas.
766 1502 948 1546 Quamvis
961 1506 1091 1539 autem
1103 1506 1271 1550 potestas
1288 1513 1420 1539 execu-

131 1555 206 1592 tiva
233 1555 370 1592 intime
406 1559 657 1593 connectatur
688 1556 869 1604 potestati
909 1555 1146 1604 legislativae‚
1183 1555 1420 1603 impossibile

129 1613 259 1646 tamen
272 1613 331 1646 est
347 1608 515 1657 Principi
532 1609 743 1656 legislatori
762 1612 806 1644 ut
821 1618 890 1657 per
912 1608 1163 1656 semetipsum
1186 1607 1317 1655 legum
1336 1619 1421 1644 sua-

130 1672 217 1698 rum
244 1666 424 1710 procuret
451 1662 730 1699 executionem.
763 1661 857 1697 Hinc
897 1661 1102 1698 necessitas
1139 1660 1420 1704 ministrorum,

130 1715 196 1761 qui
215 1715 466 1762 requiruntur
483 1715 536 1752 ad
559 1714 865 1760 complementum
877 1714 990 1761 requi
1004 1718 1038 1750 et
1048 1713 1313 1759 fulcimentum
1325 1714 1421 1760 reqi-

132 1767 262 1812 ηιίηἰε,
282 1771 326 1803 ut
339 1767 479 1803 dicitur
497 1767 537 1804 in
557 1767 604 1803 11.
625 1767 681 1803 De
694 1767 880 1813 regimine
891 1767 1136 1813 Principum,
1155 1766 1246 1813 Cap.
1267 1766 1310 1803 X.
1331 1766 1423 1813 quia

93 1819 97 1822 ⁴
132 1819 276 1856 scilicet
305 1819 387 1856 sine
415 1819 509 1866 ipsis
538 1818 765 1866 Respublica
791 1819 888 1855 bene
925 1819 1006 1866 regi
1029 1829 1107 1854 non
1137 1822 1276 1866 potest.
1305 1818 1353 1854 At
1383 1819 1421 1854 in

131 1872 315 1909 electione
345 1872 480 1909 talium
511 1872 792 1917 ministrorum,
818 1871 987 1907 maxime
1012 1870 1161 1908 elucere
1193 1870 1306 1906 debet
1336 1881 1421 1918 pru-

132 1923 263 1961 dentia
280 1924 541 1969 Auctoritatis,
562 1935 640 1960 non
659 1924 785 1960 solum
806 1922 935 1970 quoad
947 1933 1156 1967 numerum,
1174 1926 1218 1959 ut
1230 1922 1422 1959 sufficIant

132 1976 181 2013 ad
207 1988 304 2025 opus
337 1981 475 2014 mutua
504 1976 820 2013 subordinatione
848 1980 1012 2021 servata,
1042 1980 1080 2012 et
1111 1985 1318 2011 numerum
1344 1986 1420 2012 non

135 2029 319 2067 excedant
337 2031 595 2067 necessarium
615 2029 664 2067 ad
680 2030 812 2074 finem,
833 2039 895 2075 ne,
915 2032 960 2065 ut
977 2028 1199 2075 frequenter
1217 2028 1419 2076 contingit,

133 2083 314 2120 aerarium
345 2083 543 2131 publicum
575 2083 656 2118 sine
687 2082 853 2118 utilitate
889 2085 1068 2129 gravetur
1086 2092 1094 2126 ;
1129 2080 1196 2117 sed
1232 2081 1350 2117 etiam
1385 2085 1422 2116 et

133 2135 322 2183 praecipue
341 2135 470 2183 quoad
490 2135 726 2183 qualitatem,
747 2139 790 2171 ut
809 2134 952 2171 scilicet
971 2133 1158 2171 moralem
1180 2133 1421 2170 honestatem

134 2188 250 2225 simul
265 2199 354 2226 cum
382 2189 542 2226 relativa
571 2188 731 2225 scientia
749 2188 1000 2235 conjungant,
1021 2191 1060 2224 et
1078 2187 1118 2223 in
1143 2186 1238 2235 legis
1257 2186 1422 2234 applica-

134 2239 238 2277 tione
257 2242 375 2277 flnem
390 2241 486 2289 legis
505 2244 792 2288 consequantur
805 2244 843 2276 et
858 2250 936 2276 non
956 2243 1188 2287 pervertant.

180 2293 241 2330 111.
261 2293 397 2331 Modus
415 2294 669 2331 executionis.
689 2293 779 2330 Tres
795 2293 985 2341 praecipue
1000 2291 1200 2340 potestatis
1214 2291 1422 2328 executivae

136 2351 381 2384 recensentur
398 2346 520 2393 dotes,
548 2356 635 2395 quae
668 2346 876 2392 respiciunt
913 2345 1075 2384 modum
1103 2355 1180 2394 quo
1206 2344 1309 2394 leges
1337 2353 1424 2381 exe-
