1554 2569
135 132 177 164 ⁷3ss
227 131 369 164 traicit.
385 137 439 162 Lm
469 136 508 162 11.
521 136 597 162 cst.
617 136 657 161 11.
674 135 716 161 ni:
731 128 876 160 ACTIBUS
893 127 1053 159 ffljuANts
1067 133 1104 159 m·
1124 134 1266 170 onoma,
1284 135 1357 161 mc.

136 210 237 245 vatio
259 219 325 244 seu
340 207 495 244 omissio
509 210 616 243 actus
632 205 807 252 positivi,
834 208 876 240 ut
893 215 967 240 non
981 204 1072 241 velle
1092 205 1230 242 audire
1254 217 1416 243 sacrum.

135 285 180 290 —
196 263 375 305 Quamvis
402 266 530 298 autem
559 261 820 297 voluntarium
841 260 1063 307 negativum
1094 261 1133 295 in
1163 271 1203 297 se
1222 266 1417 309 sumptum

137 316 237 352 dicat
273 320 380 351 actus
430 314 686 362 negationem,
737 316 780 348 ut
822 322 869 347 ex
903 312 986 359 ejus
1031 312 1253 350 definitione
1286 313 1418 361 liquet,

135 367 317 404 subaudit
345 371 471 402 tamen
492 367 530 401 in
548 366 718 412 subjecto
752 363 920 410 aliquem
946 367 1075 400 actum
1096 365 1320 411 positivum,
1355 367 1420 413 qui

137 422 186 456 sit
204 431 318 456 causa
343 419 401 454 vel
425 420 573 455 occasio
601 418 703 453 illius
729 417 945 464 negationis
971 417 1029 453 vel
1050 418 1269 454 omissionis
1297 418 1421 464 actus,

140 478 180 509 ut
199 473 278 508 suso
305 473 468 519 explicat
495 472 531 507 S.
567 471 732 506 Thomas
756 470 836 514 I-II,
859 469 928 511 Qu.
954 469 1074 514 LXXI,
1096 471 1211 507 Artic.
1230 471 1280 517 V3
1312 475 1349 508 et
1377 482 1423 507 ex

139 526 211 561 hac
227 528 334 572 parte
356 523 617 559 voluntarium
642 521 861 568 negativum
888 522 1064 557 convenit
1089 532 1176 558 cum
1206 522 1424 559 voluntario

139 577 339 621 indirecto,
361 580 403 611 ut
426 580 544 622 patet.

185 629 250 665 111.
266 629 431 673 Quaestio
446 629 581 673 prima.
601 627 883 671 Voluntarium,
903 630 939 662 et
956 637 979 662 a
996 626 1143 662 fortiori
1164 627 1421 664 voluntarium

140 682 303 717 liberum
346 682 425 715 sine
461 681 588 726 aliqua
623 679 764 726 praevia
807 678 1024 726 cognitione
1057 689 1136 715 esse
1185 691 1262 716 non
1300 691 1423 728 posse,

141 738 289 769 constat
333 744 378 768 ex
414 732 524 768 dictis
542 743 579 767 n.
605 733 632 768 1.
675 731 771 773 Quia
791 742 882 779 ergo
918 731 1137 779 ignorantia
1171 736 1227 768 est
1258 734 1426 770 carentia

142 786 371 832 cognitionis
392 785 445 829 (L.
473 786 531 828 40,
553 785 610 829 V),
633 783 785 819 videtur
805 784 963 820 omnino
981 783 1221 830 superfluum
1256 795 1427 832 quaerere

144 843 272 873 utrum
294 837 511 883 ignorantia
528 841 656 872 causet
685 836 998 872 involuntarium.
1028 836 1171 872 Tamen
1191 847 1268 872 non
1287 836 1428 874 frustra

142 890 207 926 sed
226 890 440 937 perutiliter
471 893 649 925 movetur
668 888 828 948 praesata
846 889 1036 948 oquaestio:
1069 899 1146 924 non
1168 889 1269 924 enim
1301 900 1427 926 sermo

143 948 199 979 est
225 943 271 978 de
294 943 462 978 carentia
485 941 688 988 cujuslibet
711 941 841 988 cognit
830 941 957 986 tionis,
991 951 1067 987 quo
1098 941 1135 976 in
1162 952 1252 977 casu
1273 947 1310 977 et
1347 944 1433 996 ipse

144 1000 250 1032 actus
281 995 518 1030 voluntarius
559 993 824 1029 universaliter
845 993 943 1028 foret
974 994 1234 1053 impossibilis,
1281 994 1346 1031 sed
1382 978 1433 1049 de

143 1048 313 1084 carentia
329 1047 574 1094 cognitionis,
596 1056 662 1081 seu
683 1045 728 1081 de
750 1045 1128 1092 ignorantiapartiali
1146 1050 1182 1081 et
1200 1046 1299 1082 circa
1309 1024 1433 1085 deter-:

146 1101 333 1136 minatam
348 1110 443 1143 rem,
465 1103 507 1134 ut
527 1109 572 1134 ex
606 1097 775 1134 dicendis
802 1097 937 1134 melius
967 1098 1124 1144 patebit.
1161 1098 1211 1134 De
1233 1098 1303 1135 hac
1340 1110 1429 1147 ergo

146 1152 366 1200 ignorantia
387 1151 574 1198 quoeritur
593 1155 725 1186 utrum
745 1155 873 1186 causet
893 1150 1208 1186 involuntarium.
1233 1151 1288 1187 Sit
1303 1152 1432 1200 itaque

147 1207 272 1252 prima
291 1204 483 1240 conclusio
499 1214 507 1238 ε

193 1258 252 1294 IV.
270 1257 495 1303 Ignorantia
508 1256 775 1292 concomitans
788 1264 865 1291 non
873 1255 969 1291 facit
982 1256 1301 1293 involuntarium.
1322 1258 1432 1305 Igno-

148 1311 273 1346 rantia
292 1309 548 1345 concomitans
567 1308 631 1343 illa
661 1308 813 1352 dicitur,
842 1318 927 1354 quae
949 1312 1004 1343 est
1025 1307 1070 1343 de
1091 1319 1149 1352 eo,
1183 1309 1285 1355 quod
1308 1314 1433 1346 actua-

148 1364 234 1398 liter
254 1362 429 1398 voluntas
449 1362 528 1408 agit
543 1372 550 1405 3
568 1365 739 1396 attamen
754 1360 930 1396 voluntas
950 1364 1007 1395 est
1026 1360 1065 1395 in
1087 1361 1151 1395 tali
1171 1361 1432 1408 dispositione,

149 1420 191 1450 ut
210 1416 241 1451 si
261 1415 386 1458 sciret,
405 1413 508 1460 quod
529 1413 730 1448 actualiter
753 1413 918 1459 ignorat,
941 1416 1070 1459 ageret
1096 1412 1231 1449 eodem
1251 1414 1382 1460 modo,
1404 1416 1434 1450 si

150 1479 225 1503 non
247 1466 384 1513 majori
406 1463 714 1509 inclinatione,id
725 1464 827 1511 quod
837 1465 916 1511 agit
932 1465 1186 1500 constitutain
1204 1466 1433 1513 ignorantia.

149 1519 323 1566 Exempli
354 1519 489 1565 gratia,
526 1518 658 1553 Petrus
680 1517 818 1563 quaerit
856 1516 1007 1552 hostem
1029 1517 1076 1552 ad
1113 1518 1239 1564 ipsum
1278 1519 1433 1566 perden-

152 1572 243 1607 dum
261 1582 269 1616 ς
288 1570 479 1607 venationi
497 1569 930 1616 incumben5‚etputans
940 1569 1435 1618 occiderecervum,reperit

152 1635 190 1660 se
207 1623 389 1659 occidisse
424 1622 587 1658 hostem.
619 1621 756 1657 Procul
793 1621 910 1657 dubio
947 1621 986 1656 in
1007 1625 1094 1657 actu
1130 1633 1206 1669 quo
1242 1624 1436 1660 occidebat

153 1676 302 1712 hostem
323 1675 525 1722 ignorabat
542 1674 693 1710 hostem
711 1673 1046 1720 occidere,putans
1067 1673 1238 1710 occidere
1259 1686 1436 1712 cervum:

153 1727 254 1764 unde
288 1727 505 1775 ignorantia
531 1726 651 1762 hostis
677 1724 932 1762 comitabatur
956 1730 1085 1761 actum
1109 1726 1232 1762 illum.
1262 1728 1440 1764 Attamen

153 1782 183 1816 si
205 1780 423 1828 ignorantia
443 1779 637 1824 defuisset,
659 1783 696 1814 et
715 1779 953 1826 cognovisset
980 1778 1133 1824 hostem,
1155 1784 1191 1814 et
1211 1780 1337 1827 ipsum
1359 1783 1440 1828 pari

155 1833 290 1869 saltem
307 1831 437 1877 modo,
471 1833 595 1867 sinon
624 1831 763 1877 majori
784 1830 963 1866 vindictae
983 1831 1194 1878 voluptate,
1228 1832 1439 1870 occidisset.

155 1886 438 1931 Consequenter
474 1884 611 1920 occisio
648 1884 782 1928 hostis,
821 1883 859 1918 in
898 1893 1000 1927 casn,
1038 1894 1115 1919 non
1137 1888 1192 1920 est
1222 1885 1443 1922 voluntaria

155 1943 255 1983 actu,
277 1938 368 1984 quia
386 1937 483 1972 nihil
509 1941 738 1984 potestesse
768 1940 855 1971 actu
887 1936 1049 1972 volitum
1089 1937 1191 1982 quod
1213 1942 1299 1973 actu
1335 1939 1440 1986 igno-

156 1995 287 2035 ratur3
309 1990 375 2026 sed
393 2000 468 2025 non
490 1994 546 2025 est
567 1989 844 2034 involuntaria,
858 1989 949 2035 quia
969 2000 1045 2024 non
1062 1994 1120 2024 est
1140 2000 1358 2037 repugnans
1377 1991 1443 2027 sed

158 2044 234 2078 imo
266 2043 433 2078 maxime
471 2041 680 2078 conformis
710 2041 911 2077 voluntati.
935 2041 981 2076 Et
1012 2052 1057 2076 ex
1077 2041 1149 2077 hac
1191 2043 1444 2090 explicatione

160 2096 388 2141 ignorantiae
429 2095 723 2130 concomitantis
767 2097 938 2129 remanet
989 2094 1150 2140 probata
1185 2094 1314 2130 thesis.
1346 2095 1443 2130 lllud

157 2147 261 2182 enim
297 2157 374 2182 non
400 2151 530 2183 causat
574 2146 890 2190 involuntarium,
929 2146 1038 2192 cujus
1079 2145 1235 2182 effectus
1273 2157 1350 2182 non
1387 2153 1445 2183 est

158 2198 372 2234 contrarius
409 2198 609 2234 voluntati.
649 2199 763 2244 Atqui
799 2198 953 2233 effectus
990 2198 1218 2244 ignorantiae
1254 2201 1444 2235 concomi-

160 2251 276 2287 tantis
290 2261 367 2286 non
393 2255 450 2286 est
471 2251 686 2286 contrarius
709 2251 909 2295 voluntati,
938 2251 1112 2296 quinimo
1133 2255 1189 2286 est
1215 2251 1290 2298 ipsi
1314 2251 1443 2287 volun-

160 2304 229 2338 tati
249 2307 543 2339 consentaneus.
562 2303 659 2350 Ergo
695 2303 912 2350 ignorantia
928 2304 1190 2338 concomitans
1204 2314 1281 2338 non
1313 2309 1446 2340 causat

160 2356 474 2401 involuntarium,
515 2366 581 2391 seu
617 2366 693 2391 non
725 2355 887 2403 impedit
906 2356 1114 2402 quominus
1134 2355 1172 2392 id
1204 2356 1306 2402 quod
1327 2356 1443 2393 homo
