1584 2569
215 144 276 179 33⁶
809 147 906 171 numx

297 221 504 255 intellectus.
519 237 559 243 —
587 218 629 250 11.
659 215 876 250 Conscientia
895 215 1049 249 moralis.
1068 234 1110 240 —
1132 216 1191 249 111.
1216 217 1398 252 Conscien-

298 270 354 302 tiae
373 275 531 300 munera.
556 283 596 288 —
616 265 677 296 1v.
703 262 930 296 Conscientiae
948 262 1146 295 divisiones.
1165 282 1206 287 —
1229 265 1267 296 V.
1290 266 1400 299 Homo

299 324 438 356 semper
464 321 565 355 agere
595 311 696 344 debet
720 319 797 343 cum
823 309 1034 342 conscientia
1058 314 1149 342 certa
1169 311 1258 344 circa
1277 312 1402 346 hones-

299 367 405 395 tatem
435 359 580 393 actionis
603 379 1397 393 ...............

218 424 297 456 Am.
319 421 376 454 VI.
398 421 447 453 De
463 418 653 460 principiis
667 415 884 449 moralitatis
899 414 1141 448 humanarum
1155 417 1346 451 actionum.
1363 438 1404 443 —

301 470 330 502 1.
357 468 469 500 Prima
484 465 620 498 bonitas
640 464 692 496 vel
708 462 842 496 malitia
860 467 957 495 actus
974 463 1117 495 humani
1132 467 1184 496 est
1200 473 1239 497 ex
1255 465 1401 506 objecto.

301 534 340 540 —
360 516 404 547 11.
433 513 521 553 Quid
548 512 618 544 sint
639 509 907 543 circumstantiae
931 514 1072 542 actuum
1099 510 1344 544 humanorum.
1364 531 1406 537 —-

302 563 362 595 111.
388 564 559 594 Numerus
577 560 923 592 circumstantiarum.
941 574 983 580 ——-
1001 557 1052 588 IV.
1074 558 1226 590 Potiores
1245 559 1406 592 circums-

301 610 430 642 tantiae.
447 607 536 639 -V.
553 606 674 638 Dubia.
692 622 730 628 —
749 605 807 637 VI.
825 604 921 636 Actio
939 604 1093 636 humana
1121 609 1174 637 est
1193 606 1298 638 etiam
1316 607 1406 640 hona

303 657 356 689 vel
376 655 466 688 mala
486 663 525 686 ex
541 651 824 686 circumstantiis.
835 670 875 675 —
887 651 959 683 Vll.
974 652 1069 683 Actio
1084 651 1239 685 humana.
1250 660 1303 685 est
1318 654 1407 686 bona

302 704 355 736 vel
371 703 464 735 mala
483 710 523 734 ex
544 700 610 732 fine
628 699 823 732 causaliter.
838 716 879 721 ——
893 697 985 730 v111.
1006 697 1205 730 Corollaria.
1219 717 1258 722 —
1281 700 1336 734 IX.
1360 702 1407 733 De

304 750 471 784 relatione
491 748 581 780 inter
600 746 704 779 finem
719 746 833 787 operis
849 749 881 778 et
897 745 1002 777 finem
1016 745 1204 785 operantis.
1225 765 1266 770 —
1282 748 1322 780 X.
1338 748 1408 780 Sol·

303 798 393 830 vitur
413 795 611 828 difficultas.
634 811 672 816 —
692 793 748 826 XI.
767 791 960 824 Divisiones
980 792 1322 838 circumstantiarum
1343 818 1352 826 .
1398 818 1406 827 .

222 866 303 900 Am.
323 863 390 894 Vll.
410 861 460 894 De
477 858 721 900 indifferentia
733 860 878 889 actuum
888 856 1138 890 humanorum.
1153 875 1193 881 —
1207 858 1233 890 1.
1255 858 1343 896 Quid
1360 859 1410 891 in·

305 906 498 943 differentia
519 904 670 938 moralis.
691 922 732 928 —-
759 904 802 936 11.
825 903 975 942 Quaestio
998 904 1122 945 prima.
1139 922 1179 929 —
1196 905 1257 939 111.
1280 907 1409 939 Dantur

306 961 403 990 actus
440 952 583 986 humani
620 951 798 984 moraliter
829 951 1063 983 indifferentes
1097 952 1292 984 secundum
1330 962 1409 994 spe-

307 1006 407 1038 ciem.
427 1020 467 1025 —
485 1001 537 1032 1v.
570 998 722 1038 Quaestio
748 999 867 1031 altera.
885 1015 926 1021 —
945 998 987 1029 V.
1021 999 1167 1030 Necesse
1193 1004 1245 1031 est
1271 1008 1409 1032 omnem

307 1056 420 1084 actum
457 1048 607 1080 hominis
630 1056 650 1078 a
673 1045 896 1078 deliberativa
925 1045 1058 1077 ratione
1088 1046 1343 1086 procedentem,
1375 1046 1410 1079 in

305 1096 482 1131 individuo
513 1094 783 1131 consideratum,
826 1092 954 1124 bonum
993 1101 1069 1124 esse
1110 1093 1163 1125 vel
1201 1093 1346 1126 malum.
1370 1111 1408 1117 —

307 1146 365 1177 Vl.
387 1143 574 1177 Solvuntur
593 1140 813 1172 difficultates
859 1161 1359 1172 ..........

628 1241 798 1280 CAPUT
827 1239 1104 1281 SECUNDUM

281 1346 332 1375 DE
366 1343 524 1373 ACTIBUS
555 1341 723 1370 HUMANIS
753 1340 791 1368 IN
820 1339 961 1367 ORDINE
989 1340 1040 1368 AD
1070 1339 1201 1369 EORUM
1238 1341 1462 1371 PRINCIPIUM

509 1410 783 1446 1NTR1NSECUM,
806 1410 879 1438 SEU
897 1410 948 1438 DE
968 1410 1214 1439 VOLUNTARIO

233 1494 397 1534 Prologus
420 1510 1412 1522 ...................

231 1555 309 1585 Ars.
331 1552 357 1583 Ι.
380 1550 428 1582 De
448 1547 584 1580 aclibus
602 1546 728 1578 elicitis
749 1555 770 1577 a
790 1545 984 1577 voluntate.
1007 1563 1045 1568 -
1069 1545 1157 1584 Quid
1184 1547 1228 1578 sit
1248 1547 1336 1580 actio
1356 1547 1417 1580 eli-

313 1599 391 1630 cita.
411 1614 452 1620 —
472 1596 514 1627 Il.
535 1595 702 1626 Numerus
720 1591 895 1624 actionum
914 1591 1106 1624 elicitarum
1128 1601 1148 1624 a
1170 1592 1361 1626 voluntate.
1377 1612 1415 1618 —

313 1641 549 1677 III.1ntentio.
566 1658 596 1663 -—
618 1640 673 1672 IV.
697 1638 942 1671 Electio.-V.
965 1639 1174 1672 Consensus.
1194 1640 1295 1672 —VL
1318 1641 1418 1673 Usus.

313 1709 353 1716 -
372 1691 444 1722 VII.
470 1687 597 1720 Fruitio
603 1709 1404 1724 ................

233 1753 311 1785 Aur.
324 1751 365 1782 11.
378 1749 426 1781 De
437 1747 571 1780 actibus
583 1744 766 1786 imperatis
778 1754 799 1776 a
810 1744 1002 1776 voluntate.
1013 1763 1053 1768 —
1065 1745 1092 1777 1.
1103 1745 1191 1783 Quid
1203 1746 1342 1778 sitaetio
1356 1747 1417 1778 im-

315 1801 444 1838 perata.
462 1811 502 1819 -
525 1795 567 1825 11.
586 1792 739 1831 Quaestio
757 1793 798 1824 de
816 1792 961 1831 imperio
973 1792 1007 1823 in
1021 1793 1155 1824 actibus
1170 1793 1417 1834 potentiarum.

314 1863 355 1868 —
374 1844 416 1875 ΙΙ.
439 1841 637 1874 Corollaria.
654 1858 694 1863 —
717 1839 772 1871 IV.
795 1838 959 1876 Quaestio.
980 1857 1020 1862 —
1035 1840 1071 1870 V.
1091 1839 1177 1872 Tum
1199 1845 1295 1873 aetus
1314 1850 1419 1882 appe-

316 1892 397 1923 titus
418 1888 573 1922 sensitivi
599 1892 673 1919 tum
702 1889 799 1918 actus
833 1886 1043 1918 exteriorum
1075 1886 1311 1919 membrorum
1338 1888 1419 1920 sub·

313 1939 427 1979 jacent
455 1936 491 1967 in
522 1934 662 1967 homine
684 1932 831 1973 imperio
859 1932 1013 1965 rationis.
1033 1951 1074 1956 —
1095 1933 1153 1965 VI.
1177 1934 1365 1975 Imperium
1387 1939 1419 1968 et

315 1990 413 2017 actus
443 1982 634 2023 imperatus
665 1984 748 2012 sunt
773 1979 950 2012 moraliter
973 1989 1065 2012 unus
1092 1985 1200 2012 actus.
1247 2004 1255 2012 .
1301 2004 1309 2011 .
1355 1991 1363 1998 ·

236 2047 312 2076 Aur.
334 2043 394 2074 111.
414 2059 456 2065 -
475 2041 522 2072 De
541 2039 585 2072 iis
600 2048 677 2080 quae
690 2042 957 2080 consequuntur
973 2042 1073 2070 actus
1088 2039 1263 2071 humanos
1282 2040 1421 2072 ratione

317 2088 483 2121 bonilatis
505 2087 561 2119 vel
586 2085 744 2118 malicioe.
765 2102 805 2110 -
821 2087 845 2116 Ι.
866 2085 1001 2126 Triplex
1028 2085 1257 2118 consideratio
1280 2091 1419 2119 actuum

317 2138 561 2168 humanorum.
579 2150 621 2156 -—
640 2133 682 2164 11.
714 2132 877 2165 Actiones
906 2133 1071 2164 humana}
1102 2133 1229 2164 habent
1253 2133 1420 2165 rationem

317 2181 534 2214 rectitudinis
566 2179 619 2211 vel
649 2179 794 2219 peceati.
817 2197 854 2202 —
873 2179 933 2211 ΙΙΙ.
966 2179 1126 2212 Actiones
1156 2180 1319 2213 humanae
1343 2190 1420 2221 jure

318 2228 464 2268 homini,
485 2227 584 2268 cujus
603 2226 672 2259 illae
691 2230 784 2264 sunt,
802 2226 1033 2267 imputantur.
1050 2244 1088 2249 —
1103 2226 1159 2258 IV.
1184 2227 1421 2260 corollarium.

315 2276 408 2306 —V.
431 2273 555 2315 Opinio
580 2272 881 2312 Pufleiidorfii.g—
903 2274 954 2304 VI.
989 2273 1087 2305 Ratio
1122 2273 1235 2306 meriti
1262 2278 1296 2306 et
1312 2274 1424 2307 deme-

319 2322 385 2355 riti.
401 2339 442 2345 --
459 2321 532 2352 VII.
549 2319 787 2352 Corollarium.
799 2338 840 2342 —
853 2320 943 2351 Vm.
961 2320 1183 2353 Conditiones
1201 2321 1243 2353 ad
1261 2321 1422 2353 meritum

321 2369 372 2400 vel
391 2367 610 2400 demeritum.
631 2383 672 2390 —
692 2366 748 2398 IX.
776 2367 885 2399 Homo
906 2367 1041 2399 actibus
1063 2367 1136 2399 suis
1161 2371 1274 2408 potest
1297 2369 1421 2400 mereri

326 2415 374 2447 ml
396 2413 561 2448 demereri
578 2418 650 2446 tum
670 2412 760 2455 apud
782 2413 866 2446 alios
884 2414 1056 2455 homines,
1070 2418 1143 2447 tum
1167 2414 1259 2455 apud
1278 2414 1422 2448 societa-

1469 361 1511 395 55

1473 795 1514 827 59

1480 1489 1515 1522 7¹
