1554 2569
258 118 339 143 ΛΒΤ.
366 118 400 143 V.
427 118 471 143 DE
501 118 703 143 FACULTATE
728 118 985 144 COGNOSCI'I'IYA
1014 120 1249 146 uoqulTAns
1375 115 1419 147 55

140 190 216 226 Dei.
243 190 384 234 Nempe
414 188 624 224 absurdum
650 189 768 224 vitare
799 190 947 225 censuit
973 201 1041 237 per
1074 191 1419 229 contradictionem

137 244 236 279 inter
253 241 453 277 scientiam
470 245 506 276 et
523 240 652 276 fidem.
671 262 716 267 —
733 241 783 277 Cf.
799 241 952 285 cousin,
975 242 1094 279 Cours
1111 243 1310 280 d'lzistoire
1326 245 1420 281 dela

134 293 378 342 philosophie
396 303 447 329 au
466 298 578 329 xv1110
602 293 714 329 siecle
719 321 787 330 .....
808 293 1000 331 Premiere
1025 295 1128 343 leg-on
1159 298 1244 343 (par
1274 296 1418 333 Vache-

135 350 208 391 rot,
228 347 349 393 Paris,
372 347 474 390 1839,
495 356 584 393 pag.
604 348 675 392 53).

180 401 278 437 vm.
303 401 406 436 Non
424 399 466 435 V.
488 399 708 435 Eclectismi
729 400 972 445 principium.
996 401 1163 447 Denique
1183 403 1335 449 Cousin,
1356 414 1419 450 pa-

133 463 223 490 rens
242 451 446 489 eclectismi
480 451 620 498 gallici,
656 463 724 498 pro
745 462 925 499 supremo
957 453 1143 501 principio
1170 454 1287 491 habet
1308 467 1315 491 :
1338 456 1420 492 Eois

136 506 308 546 liberum,
330 509 480 541 maneat
500 504 756 552 liberumfflp,
778 516 895 552 supra
914 506 994 551 cit.,
1016 516 1104 554 pag.
1130 509 1171 543 15
1189 510 1223 543 et
1247 509 1341 553 seq.)
1358 520 1366 553 ς
1384 515 1420 543 et

135 558 331 600 Damiron,
351 557 504 593 Cousini
524 556 747 604 discipulus,
759 557 914 604 plenam
933 560 1102 594 omnium
1119 559 1347 605 facultatum
1362 572 1420 596 ea·-

133 611 378 656 plicationem
397 609 487 645 dicit
507 620 589 645 esse
610 620 835 658 supremum
856 610 1086 658 principium
1108 612 1353 648 moralitatis.
1375 634 1419 639 —

135 665 274 699 Verum
290 662 446 698 libertas
458 662 770 709 praesupponitur
784 663 1007 708 moralitati,
1021 663 1129 710 eique
1150 665 1416 712 obstringitur.

134 715 239 753 Unde
259 714 508 762 quaerendum
538 719 668 750 manet
687 715 917 763 principium
952 717 1022 752 sub
1051 728 1127 763 quo
1155 718 1314 753 libertas
1333 729 1418 753 vere

135 772 290 804 maneat
305 767 476 812 libertas,
498 770 534 803 et
555 767 758 804 arbitrium
781 768 853 816 legi
874 779 950 804 non
971 772 1192 815 anteponat.
1217 791 1257 796 —
1280 772 1419 806 Princi-

134 821 242 868 pium
273 830 361 856 vero
382 819 623 856 enuntiatum
646 831 669 856 a
693 821 891 865 Damiron,
924 821 954 857 si
984 821 1158 857 absolute
1194 823 1416 870 accipiatur,

133 871 437 910 absurditatibus
457 883 591 908 ansam
609 873 754 920 praebet
775 883 784 908 ε
803 874 945 910 etenim
964 874 1211 920 impossibilis
1229 875 1325 911 foret
1346 876 1418 912 ho-

133 929 275 972 nestas,
294 925 324 962 si
345 922 462 961 homo
475 925 599 961 officio
612 925 915 972 obstringeretur
932 926 981 963 ad
1002 928 1172 975 singulas
1194 940 1283 965 suas
1299 929 1419 965 facul-

134 982 230 1015 tates
261 979 300 1014 in
336 978 507 1014 maximo
535 978 657 1025 gradu
686 978 941 1025 explicandas.
957 980 1097 1016 Verum
1124 981 1203 1027 ipse
1235 982 1417 1017 Damiron

133 1031 410 1068 declarationes
420 1030 625 1067 nonnullas
634 1030 764 1076 tradit,
775 1041 860 1079 quae
870 1042 982 1068 suum
992 1032 1219 1079 principium
1229 1033 1275 1069 ab
1288 1034 1419 1070 absur-

131 1086 251 1121 ditate
272 1083 484 1120 ahsolvunt.
507 1085 604 1119 Nam
626 1083 918 1131 explicationem
940 1085 1044 1120 illam
1070 1085 1158 1121 dicit
1181 1087 1261 1122 fieri
1281 1086 1417 1123 debere

131 1137 390 1174 convenienter
408 1141 569 1182 naluroe,
593 1137 685 1184 quia
700 1136 873 1183 legitima
892 1138 1064 1174 activitas
1081 1149 1158 1174 non
1181 1142 1251 1182 est,
1276 1141 1343 1185 ait,
1368 1140 1416 1175 ad

131 1190 279 1226 malum
296 1189 362 1225 scd
377 1189 425 1225 ad
438 1189 598 1234 bonum,
616 1200 693 1225 non
708 1193 815 1225 extra
829 1190 1002 1226 ordinem
1020 1190 1085 1226 sed
1106 1192 1207 1227 intra
1228 1192 1416 1229 ordinem.

131 1243 182 1278 Cf.
203 1242 284 1288 ejus
306 1252 402 1289 opus
423 1251 430 1276 :
467 1240 586 1277 Cours
614 1241 658 1277 de
673 1241 932 1288 philosophie,
953 1244 1117 1278 Monam.
1152 1244 1277 1288 Paris,
1315 1245 1415 1279 18:34.

128 1295 301 1341 Prosae-e,
325 1305 414 1341 pag.
435 1294 512 1330 XIV
529 1297 565 1330 et
586 1304 692 1340 seqq.
716 1314 761 1320 —
781 1295 826 1330 Et
847 1294 927 1330 haec
947 1296 1053 1339 satis,
1076 1300 1112 1330 et
1140 1296 1299 1332 forsitan
1332 1297 1416 1343 plus

130 1358 248 1395 quam
266 1347 358 1383 satis
379 1346 426 1383 de
466 1346 710 1393 opinionibus
733 1346 1053 1394 philosophorum
1073 1348 1172 1384 circa
1192 1359 1414 1395 supremum

130 1399 360 1447 principium
377 1399 622 1435 moralitatis.

538 1487 789 1523 Anrmuffls
816 1486 1013 1528 merus

732 1564 807 1608 (¹3)

372 1639 428 1674 De
445 1638 630 1684 facultate
650 1638 908 1685 coynoscitica
926 1639 1156 1675 moralz'lalis

175 1722 202 1757 1.
231 1721 409 1757 Facultas
430 1721 694 1766 cognoscitiva
714 1721 928 1757 veritatum
954 1722 1158 1757 moralium
1180 1732 1255 1758 non
1288 1727 1417 1767 potest

128 1783 210 1810 esse
218 1773 295 1809 nisi
307 1773 544 1809 intellectus.
565 1773 649 1808 Haec
663 1773 875 1819 propositio
890 1776 946 1809 est
962 1774 1208 1809 corollarium
1225 1774 1244 1808 d
1255 1776 1416 1810 ictorum

127 1826 165 1861 in
186 1824 491 1872 praecedentibus
513 1825 694 1860 articulis.
722 1826 872 1861 Etenim
908 1826 1069 1861 facultas
1096 1826 1173 1870 illa,
1210 1837 1327 1873 quam
1348 1839 1414 1863 no-

127 1878 186 1914 bis
206 1878 330 1913 inesse
345 1879 459 1923 negat
477 1886 590 1912 nemo
606 1877 697 1922 quia
707 1878 941 1913 conscientia
960 1879 1084 1923 ipsam
1095 1878 1218 1914 vivide
1240 1882 1414 1924 testatur,

127 1940 203 1966 non
225 1932 282 1965 est
300 1940 428 1965 sensus
447 1939 569 1976 neque
592 1929 796 1965 instinctus
816 1939 938 1976 neque
961 1931 1113 1976 affectio
1132 1931 1353 1977 subjectiva,
1376 1936 1417 1968 ut

126 1985 277 2019 constat
297 1992 343 2017 ex
369 1981 491 2017 dictis.
514 1982 579 2017 Est
600 1981 717 2028 igitur
738 1981 898 2018 facultas
930 1982 1210 2027 intellectualis,
1233 1986 1274 2018 ut
1301 1995 1416 2030 supra

123 2035 206 2081 jam
226 2034 423 2071 innuimus
444 2035 515 2079 (ll,
538 2035 580 2080 Ι).
602 2055 645 2061 -
679 2035 750 2070 Sed
772 2039 959 2081 praeterea
979 2046 987 2071 :
1022 2035 1195 2071 Facultas
1222 2038 1416 2085 cognosci-

126 2089 203 2123 tiva
230 2087 435 2123 veritatum
456 2086 600 2122 ordinis
627 2087 785 2122 moralis
814 2091 871 2123 est
898 2088 1062 2134 ipsamet
1092 2088 1255 2125 facultas
1281 2100 1421 2137 cogno-

126 2140 257 2176 scitiva
276 2139 483 2175 veritatum
510 2138 654 2175 ordinis
685 2139 922 2185 speculativi,
953 2145 996 2176 ut
1028 2140 1265 2177 declaratum
1294 2146 1349 2178 est
1378 2145 1416 2178 in

125 2191 355 2235 praecedenti
376 2191 560 2234 Articulo,
584 2203 621 2227 n.
655 2193 682 2227 1.
707 2192 822 2239 Atqui
854 2192 957 2228 solus
987 2192 1200 2229 intellectus
1220 2196 1417 2241 cognoscit

125 2244 304 2279 veritates
324 2243 591 2291 speculativas.
615 2244 726 2280 Solus
749 2254 838 2291 crgo
863 2244 1077 2281 intellectus
1098 2249 1224 2292 potest
1245 2246 1416 2292 judicare

127 2296 172 2332 de
192 2295 417 2331 veritatibus
439 2296 666 2332 moralibus.

172 2349 218 2385 11.
240 2348 481 2385 Conscientia
508 2350 679 2385 moralis.
704 2349 855 2390 Quoties
882 2350 1048 2397 agimus,
1082 2351 1234 2397 agimus
1260 2351 1415 2395 aliquod
