1584 2569
472 130 552 156 Αιιτ.
575 130 627 155 ιιι.
649 129 692 155 on
710 129 904 156 munuum
922 129 1083 157 σει-ωσι(
1350 122 1415 158 305

138 203 236 239 hanc
251 201 477 249 religionem
497 201 645 237 civilem
665 212 742 238 non
762 204 905 247 tenent,
930 202 1082 237 etiamsi
1106 201 1260 239 aliunde
1290 203 1419 239 omnia

138 256 339 292 observent
359 265 444 302 quae
461 254 653 301 pertinent
674 254 723 291 ad
743 254 870 291 officia
894 264 989 302 erga
1003 253 1112 291 alios.
1134 256 1211 291 Hoc
1231 259 1300 300 est,
1318 256 1353 291 vi
1373 255 1419 291 li—

138 308 293 344 bertatis
315 307 556 344 conscientia?
580 307 796 343 excluditur
816 318 838 343 a
857 307 964 344 Statu
983 307 1133 354 religio,
1153 308 1263 355 quasi
1284 319 1420 355 nempe

136 361 232 397 nihil
251 360 298 397 ad
320 361 469 396 Statum
485 360 701 407 pertineant
712 360 900 407 principia
910 370 1006 396 veroe
1023 360 1288 408 religionis5vi
1301 361 1421 397 socia-

137 414 260 450 litatis
281 413 521 449 submittitur
531 413 666 460 religio
687 414 770 459 ipsa
791 413 947 450 arbitrio
964 414 1168 461 Principis3
1184 419 1221 450 et
1237 414 1422 461 Principis

137 466 295 502 arbitrio
327 466 425 502 cives
452 465 490 501 in
522 465 704 513 religione
732 465 970 502 admittenda
998 476 1134 514 parere
1164 466 1302 502 debent
1322 476 1421 502 caeco

135 518 265 563 modo,
288 518 359 554 sub
379 528 492 566 poena
508 517 609 554 exilii
628 521 693 554 aut
718 519 871 555 mortis!
890 539 936 545 —
956 520 1084 564 Neque
1111 518 1222 554 aliter
1246 519 1421 555 concludi

136 573 297 618 poterat.
321 571 490 607 Libertas
511 571 614 607 enim
634 571 890 617 conscientiae,
912 572 943 608 si
968 571 1086 608 semel
1107 571 1348 616 admittatur,
1374 573 1423 607 si-

135 629 200 660 cut
219 624 426 672 opponitur
442 634 539 660 veroe
553 624 742 671 religioni,
759 624 812 660 ita
832 625 1039 672 opponitur
1051 635 1147 661 veroe
1160 624 1289 660 Status
1309 624 1423 660 felici·

137 676 229 721 tati;
252 676 344 723 quia
362 676 467 712 nulla
478 676 677 712 moralitas
698 676 778 713 sine
792 678 882 722 Deo,
898 676 1047 712 nullum
1066 676 1234 713 officium
1243 677 1323 713 sine
1340 676 1426 712 reli-

137 730 262 776 gione.
288 730 336 765 At
368 729 399 764 si
432 728 625 765 ordinatio
661 729 699 765 in
731 729 789 765 his
818 739 905 777 quae
938 729 1165 777 religionem
1200 730 1423 776 respiciunt,

138 781 388 818 subtrahatur
419 781 596 818 Ecclesiae
624 782 703 826 Dei,
731 792 883 818 necesse
909 786 966 818 est
995 786 1037 818 ut
1062 782 1241 818 tradatur
1266 782 1424 818 arbitrio

137 834 339 881 potestatis
358 833 494 870 civilis:
518 844 604 880 quae
623 845 757 871 carens
776 835 814 870 in
831 835 1016 882 religione
1043 835 1284 880 auctoritate,
1299 838 1427 881 tyran-

138 886 268 923 nidem
288 887 484 934 propriam
501 888 743 923 conscientiis
764 887 946 935 imponit;
970 890 1006 923 et
1027 889 1080 924 sic
1099 898 1188 924 vera
1207 887 1425 924 animarum

139 937 295 975 libertas
310 939 542 986 opprimitur
560 950 628 986 per
641 940 776 975 eadem
797 940 983 988 principia
1002 940 1142 988 quibus
1161 940 1256 976 falsa
1271 939 1425 976 libertas

138 991 375 1028 consciencioe
391 1002 413 1028 a
429 993 626 1028 Rousseau
647 992 805 1040 ejusque
827 992 1079 1029 sectatoribus
1092 993 1366 1040 proclamatur.
1383 1012 1425 1018 —

139 1045 191 1081 Cf.
207 1044 408 1091 Principes
418 1044 470 1081 du
486 1045 594 1080 Droit
605 1045 796 1092 potitique
809 1045 882 1081 mis
894 1057 937 1082 en
954 1047 1172 1093 opposition
1187 1056 1273 1082 avec
1288 1046 1320 1082 le
1332 1045 1428 1082 Cor»-

141 1101 217 1133 trat
243 1097 366 1133 social
396 1097 440 1133 de
461 1097 528 1133 J-J.
559 1099 703 1134 Rousse
760 1125 770 1143 ,
793 1109 871 1145 par
902 1098 1051 1135 Honore
1077 1099 1317 1143 Torombert,
1342 1101 1425 1141 etc„

143 1148 226 1194 Lib,
246 1148 316 1194 IV,
331 1159 410 1196 par
428 1149 475 1184 M.
495 1149 727 1194 Lanjuinais‚
740 1160 835 1196 pay.
859 1153 939 1195 335,
958 1151 1078 1194 Paris,
1100 1153 1191 1187 1825

547 1266 797 1303 ARTICULUS
830 1268 1020 1303 TERTIUS

748 1343 820 1386 (66)

572 1419 627 1455 De
646 1418 819 1455 libertate
831 1419 1000 1456 cultuum

188 1512 216 1549 1.
239 1512 419 1549 cultuum
440 1511 637 1548 libertatis
668 1513 789 1549 notio.
818 1513 988 1549 Libertas
1014 1512 1187 1549 cultuum
1211 1516 1269 1550 est
1294 1513 1428 1550 intime

141 1574 314 1601 connexa
325 1574 413 1600 cum
433 1564 608 1600 libertate
628 1565 886 1602 conscientiae.
909 1565 945 1602 Si
960 1565 1062 1602 enim
1083 1566 1247 1602 liberum
1269 1571 1327 1602 est
1345 1567 1424 1603 cui-

142 1628 216 1664 que
232 1616 302 1653 civi
321 1616 547 1664 religionem
565 1616 636 1653 sibi
654 1617 703 1653 ad
726 1618 929 1654 arbitrium
964 1622 1144 1661 statuere,
1176 1630 1263 1655 cum
1293 1619 1424 1667 religi(

143 1671 324 1717 importet
347 1670 465 1706 etiam
492 1669 639 1706 cultum
662 1673 880 1715 externum,
904 1671 1067 1708 liberum
1099 1672 1238 1719 cuique
1263 1673 1334 1708 civi
1348 1682 1426 1708 esse

143 1722 254 1758 debet
269 1722 497 1769 religionem
524 1732 635 1758 suam
656 1723 828 1768 quolibet
857 1724 1071 1760 extrinseco
1100 1724 1205 1760 cultu
1235 1726 1427 1771 profiteri:

143 1779 180 1810 et
197 1774 288 1820 quia
320 1775 449 1810 Status
468 1774 685 1810 libertatem
705 1775 945 1812 conscientiae
958 1776 1097 1813 laedere
1115 1777 1261 1823 nequit,
1284 1778 1338 1812 ita
1359 1787 1430 1813 nec

141 1826 359 1862 libertatem
391 1825 564 1862 cultuum
590 1830 715 1873 potest
745 1827 961 1874 prohibere,
992 1829 1164 1876 quinimo
1197 1839 1282 1865 eam
1319 1828 1430 1865 debet

144 1879 223 1914 suis
242 1877 392 1925 legibus
419 1878 577 1914 sancire.
594 1880 651 1915 Ita
668 1878 940 1926 liberalismus,
962 1881 1070 1928 cujus
1083 1882 1312 1917 sententiam
1323 1881 1428 1918 dam-

143 1931 247 1966 navit
263 1930 444 1975 Ecclesia,
466 1935 508 1966 ut
524 1930 563 1966 in
580 1931 810 1977 praecedenti
831 1932 992 1969 articulo
1020 1944 1062 1969 n.
1086 1933 1149 1969 VII
1168 1933 1332 1969 relatum
1350 1936 1424 1969 est.

143 1984 241 2026 Quia
254 1983 370 2030 igitur
388 1983 545 2019 libertas
563 1983 752 2029 cultuum,
765 1984 802 2020 in
822 1984 998 2022 libertate
1012 1986 1254 2022 conscientiae
1274 1990 1357 2022 tota
1374 1990 1430 2022 est

142 2035 316 2080 fundata;
342 2035 479 2072 eodem
507 2046 688 2083 processu
713 2036 928 2084 iisdemque
956 2038 1167 2085 principiis,
1192 2049 1279 2086 quae
1296 2039 1428 2086 posui-

119 2115 122 2134 ἶ
142 2098 229 2124 mus
253 2091 387 2124 contra
413 2089 657 2125 conscientiae
678 2088 912 2135 libertatem,
933 2090 1140 2127 refellenda
1169 2096 1243 2127 est.
1269 2092 1324 2128 Sit
1338 2103 1428 2139 ergo

143 2141 271 2188 prima
288 2140 482 2176 conclusio
498 2151 507 2176 ι

188 2193 235 2229 11.
250 2193 426 2230 Libertas
442 2195 618 2230 cultuum
628 2195 669 2230 in
680 2205 720 2230 se
732 2199 908 2240 spectata
924 2199 985 2232 est
997 2197 1177 2233 absurda.
1194 2197 1279 2233 Haec
1289 2208 1428 2245 propo-

97 2252 124 2292 ξ,
144 2246 232 2282 sitio
252 2246 442 2293 imprimis
463 2248 629 2294 probata
649 2252 779 2283 manet
793 2255 840 2283 ex
855 2258 973 2295 supra
994 2248 1116 2285 dictis.
1138 2250 1307 2286 Libertas
1325 2251 1427 2286 enim

145 2297 319 2333 cultuum
348 2298 500 2333 nonnisi
521 2309 544 2334 a
561 2299 737 2335 libertate
761 2300 1004 2337 conscientiae
1031 2302 1205 2338 infertur.
1240 2302 1337 2345 Quia
1360 2303 1429 2350 igi-

143 2353 208 2386 tur
226 2348 308 2385 haec
333 2350 501 2386 absurda
527 2355 597 2397 est,
618 2351 788 2388 absurda
809 2353 956 2397 pariter
975 2353 1040 2389 ilJa
1060 2354 1132 2392 dici
1150 2354 1274 2391 debet.
1296 2375 1340 2381 -—
1356 2355 1426 2392 Sed
