1554 2569
140 157 184 186 82
209 142 349 189 Rimas.
373 164 443 188 Lm.
467 164 503 189 Π.
522 165 598 189 (ΣΑΡ.
618 165 656 189 Π.
676 164 718 189 DE
738 165 884 190 ACTIBUS
905 165 1067 191 nthNis
1088 166 1125 191 m
1148 166 1292 201 ORDINE,
1311 165 1388 191 ΕΤΕ-

139 234 390 279 praemiantis,
413 238 454 269 nt
474 245 561 270 cum
585 235 761 282 Princeps
779 236 893 271 militi
911 247 1108 283 generoso,
1129 241 1270 284 praeter
1284 237 1426 284 stipen-

140 285 246 321 dium
269 286 455 332 debitum,
475 287 620 323 confert
643 288 797 323 titulum
820 289 1031 324 nobilitatis
1045 289 1103 324 vel
1125 289 1270 335 aliquid
1292 289 1425 336 hujus-

138 337 258 374 modi.
273 359 318 364 -
332 339 508 374 Meritum
523 340 567 375 de
584 340 772 386 condique
788 345 844 375 est
859 340 952 376 ordo
968 342 1093 389 operis
1109 341 1155 377 ad
1172 341 1374 388 proemium
1387 341 1426 377 vi

139 391 279 437 operis,
296 395 334 427 et
351 391 435 428 ideo
453 397 510 428 est
530 393 723 439 exigentia
741 393 890 439 praemii
905 394 1124 440 exjustitia.
1150 415 1191 420 —
1210 393 1422 430 Subdividi-

140 448 202 478 tur
217 444 256 478 in
277 445 443 480 meritun
465 445 508 481 de
529 445 715 488 condique
735 456 780 480 ex
799 445 1111 492 rz'yorejustitioe,
1136 447 1166 482 si
1188 446 1280 482 ordo
1301 447 1426 494 operis

141 494 187 530 ad
205 497 408 542 praemium
433 496 608 532 excludat
633 508 787 532 omnem
810 498 974 544 gratiam
993 498 1134 534 factam
1159 509 1332 546 personoe
1351 509 1426 534 me-

141 549 239 583 renti
259 559 281 584 a
299 550 522 596 praemiante
539 561 547 594 ;
571 570 614 575 —
641 554 677 585 et
696 550 733 584 in
752 550 934 586 meritum
954 551 997 587 de
1023 551 1212 597 condigno
1233 561 1277 587 ex
1297 551 1426 587 condi-

138 602 294 646 qnitate,
317 602 347 636 si
368 601 461 637 ordo
486 602 534 637 ad
553 603 757 649 praemium
775 602 980 639 subaudiat
1009 604 1047 639 in
1070 614 1232 651 persona
1258 608 1427 640 merente

141 653 308 698 aliquam
323 655 485 700 gratiam
501 655 571 701 ipsi
585 655 724 690 saetam
739 665 761 690 a
775 656 1014 702 praemiante.
1031 656 1166 692 —Non
1185 656 1347 692 dicimus
1362 655 1428 692 ho-

140 706 283 740 minem
293 717 402 752 posse
416 717 438 742 a
451 707 526 742 Deo
542 708 679 743 mereri
694 708 933 754 excondiqno
947 708 990 744 de
1004 709 1304 755 rz'yorejustztiae
1315 720 1323 743 :
1335 707 1427 753 Quis

140 758 240 792 enim
258 758 375 803 prior
392 759 495 794 dedit
516 759 581 794 illi
599 764 632 795 et
657 759 885 795 retribuetur
903 761 940 796 ei
954 759 974 796 ‚9
991 761 1114 806 (Rom.
1137 761 1197 805 XI,
1221 762 1263 796 35
1284 765 1322 796 et
1336 762 1393 805 36)
1416 771 1425 798 :

143 824 157 840 α
178 810 286 855 quasi
304 810 418 855 dicat,
436 811 560 857 inquit
574 812 788 858 Angefieus,
803 812 942 848 nullus.
957 813 1039 848 Non
1055 813 1155 848 enim
1172 816 1298 860 potest
1311 812 1428 849 homo

141 861 229 897 dare
254 862 344 905 Deo,
369 863 441 898 nisi
469 874 554 909 quae
578 874 600 899 a
626 864 701 900 Deo
730 865 887 911 accepit.
918 879 933 897 ι
964 865 1005 900 In
1032 865 1103 900 loc.
1132 866 1195 900 cit.
1218 865 1279 901 ad.
1307 865 1426 910 Rom„

139 915 239 950 Lect.
261 915 317 959 V.)
341 936 383 941 —
406 915 545 951 Sensus
560 916 678 963 igitur
698 922 838 952 nostrae
859 918 1132 964 propositionis
1150 922 1206 953 est
1222 917 1268 953 de
1289 917 1426 953 merito

142 972 222 1002 tum
237 967 281 1003 de
294 979 473 1014 conyruO,
491 973 572 1004 tum
585 969 628 1004 de
642 969 911 1015 condz’qnz'tate.
928 990 973 995 —
988 970 1094 1005 Hisce
1105 970 1328 1017 praenotatis
1343 981 1427 1017 pro-

140 1019 254 1054 batur
281 1019 409 1056 thesis.
435 1041 479 1046 —
507 1021 612 1056 Sicut
637 1032 754 1068 supra
778 1033 816 1057 n.
846 1022 891 1057 IX
916 1021 1061 1058 dictum
1091 1026 1158 1067 est,
1185 1028 1292 1058 actus
1319 1022 1428 1058 liberi

141 1071 301 1117 alicujus
320 1071 489 1107 hominis
504 1071 647 1108 habent
661 1073 850 1109 rationem
866 1074 993 1108 meriti
1008 1073 1066 1109 vel
1085 1073 1276 1119 demeriti,
1295 1083 1426 1110 secun—

142 1123 233 1158 dum
259 1123 363 1171 quod
389 1124 617 1160 ordinantur
642 1125 680 1160 in
708 1126 852 1161 bonum
879 1126 936 1161 vel
956 1130 1233 1161 nocumentum
1255 1125 1424 1171 alterius,

141 1176 217 1210 sive
237 1177 385 1213 ratione
411 1178 482 1222 sui,
502 1178 579 1213 sive
612 1178 760 1213 ratione
787 1179 1090 1213 communitatis.
1124 1179 1237 1224 Atqui
1258 1182 1422 1226 utroque

141 1227 256 1264 modo
283 1233 389 1265 actus
422 1229 532 1265 liberi
565 1230 747 1275 hominis,
783 1235 972 1276 quantum
1007 1235 1063 1266 est
1095 1242 1140 1266 ex
1166 1235 1274 1279 parte
1307 1231 1428 1279 ipsius

143 1279 323 1325 hominis,
347 1280 625 1316 ordinanturin
643 1281 776 1316 Deum.
794 1281 892 1328 Ergo
911 1287 1074 1328 utroque
1096 1282 1211 1318 modo
1227 1287 1332 1318 actus
1346 1293 1429 1318 nos-

145 1333 192 1367 tri
214 1333 375 1368 humani
390 1333 533 1370 habent
551 1334 740 1370 rationem
757 1335 885 1370 meriti
902 1335 959 1371 vel
980 1334 1155 1370 demeriti
1173 1335 1275 1382 apud
1293 1336 1427 1371 Deum.

148 1384 337 1420 Probatur
350 1386 477 1421 minor
491 1398 503 1422 .·

196 1437 240 1471 Et
255 1438 380 1484 primo
401 1439 551 1474 ratione
570 1441 645 1484 sui,
667 1439 740 1475 hoc
757 1444 826 1484 est,
844 1439 929 1475 Dei.
948 1440 1046 1475 Deus
1070 1440 1173 1475 enim
1194 1444 1250 1475 est
1271 1439 1429 1476 ultimus

149 1488 317 1525 hominis
338 1491 424 1526 finis
444 1492 491 1535 (6,
516 1491 576 1535 II).
593 1492 644 1527 De
662 1492 809 1528 ratione
827 1496 956 1527 autem
975 1492 1101 1526 ultimi
1123 1492 1208 1528 finis
1227 1496 1293 1537 est,
1314 1496 1357 1528 ut
1382 1493 1429 1528 ad

148 1540 256 1576 illum
274 1552 407 1578 omnes
434 1547 540 1578 actus
561 1543 721 1578 humani
747 1543 962 1578 reserantur
993 1546 1039 1589 (3,
1064 1544 1105 1589 l).
1130 1544 1226 1590 Ergo
1248 1543 1313 1589 qui
1340 1543 1429 1580 facit

148 1597 276 1628 actum
307 1594 453 1630 malum
477 1605 554 1631 non
578 1594 808 1631 referibilem
836 1596 874 1630 in
894 1595 1028 1637 Deum,
1058 1605 1134 1630 non
1162 1600 1286 1631 servat
1313 1594 1429 1632 hono-

148 1656 242 1689 rem,
268 1647 332 1692 qui
356 1647 431 1682 Deo
455 1652 498 1682 ut
523 1658 702 1694 supremo
736 1647 836 1683 bono
863 1657 929 1683 seu
952 1648 1088 1684 ultimo
1109 1648 1175 1682 fini
1201 1647 1372 1692 debetur,
1394 1652 1429 1683 et

147 1703 422 1745 consequenter
457 1699 559 1746 apud
584 1699 703 1735 Deum
731 1699 970 1743 demeretur,·
997 1704 1045 1744 et,
1075 1710 1120 1735 ex
1146 1700 1338 1746 opposito,
1365 1700 1429 1746 qui

147 1749 237 1785 facit
267 1756 396 1786 actum
425 1751 571 1787 bonum
599 1751 829 1788 referibilem
859 1752 898 1787 in
927 1752 1060 1795 Deum,
1090 1756 1214 1787 servat
1243 1751 1428 1787 honorem

147 1802 223 1838 Deo
243 1802 430 1848 debitum,
452 1809 489 1840 et
505 1804 622 1840 libere
643 1805 835 1840 concurrit
856 1804 904 1840 ad
925 1805 1006 1850 eJus
1029 1804 1191 1850 gloriam
1210 1814 1218 1838 :
1245 1807 1283 1839 et
1302 1814 1429 1840 conse-

147 1859 308 1901 quenter
324 1861 494 1892 meretur
514 1856 616 1903 apud
634 1857 774 1904 ipsum.

194 1907 367 1944 Secundo
388 1909 536 1945 racione
559 1909 675 1945 totius
698 1909 982 1946 communitatis
1008 1909 1193 1945 universi.
1216 1908 1366 1944 Etenim
1394 1909 1428 1943 in

147 1961 318 2006 qualibet
337 1962 616 1997 communitate
633 1962 728 1997 bene
749 1961 939 2005 ordinata,
956 1962 1018 1996 ille
1038 1962 1102 2007 qui
1124 1961 1317 2008 sapienter
1334 1961 1430 2008 regit

146 2014 477 2059 communitatem,
511 2015 702 2062 praecipue
722 2014 838 2050 habet
862 2025 993 2050 curam
1014 2014 1104 2049 honi
1128 2013 1358 2059 communis,
1383 2012 1430 2050 ad

147 2065 248 2110 quod
272 2067 558 2113 procurandum
579 2068 662 2114 ipsa
686 2068 846 2103 societas
874 2067 1051 2102 instituta
1079 2070 1147 2101 est.
1176 2066 1274 2112 Ergo
1301 2064 1348 2101 ad
1374 2076 1430 2101 sa-

147 2118 315 2164 pientem
336 2123 522 2154 rectorem
541 2122 706 2165 pertinet
726 2120 936 2154 retribuere
958 2129 1026 2165 pro
1048 2118 1121 2158 his.v
1149 2128 1234 2164 quae
1260 2118 1356 2153 bene
1375 2117 1430 2153 ve]

146 2170 245 2205 male
260 2171 306 2205 ab
327 2171 533 2206 individuis
551 2172 679 2206 liberis
697 2172 794 2206 siunt
813 2172 851 2206 in
868 2171 1158 2206 communitate.
1183 2170 1297 2216 Atqui
1313 2169 1430 2206 homo

146 2228 309 2270 estpars
329 2224 619 2259 communitatis
647 2224 824 2266 universi,
853 2224 963 2269 quus
991 2223 1090 2258 Deus
1117 2223 1351 2269 gubernator
1375 2226 1430 2258 est

146 2276 450 2322 sapientissimus
478 2276 532 2320 (T.
562 2277 632 2321 31).
669 2277 766 2323 Ergo
794 2276 892 2312 Deus
919 2275 1128 2311 retributor
1155 2279 1211 2310 est
1237 2275 1429 2312 actionum

147 2328 418 2373 humanarum,
440 2338 526 2374 quce
547 2333 612 2364 aut
631 2329 667 2363 in
686 2329 831 2364 bonum
851 2333 918 2364 aut
934 2329 972 2363 in
990 2328 1135 2363 malum
1151 2331 1313 2374 vergunt
1331 2337 1429 2363 com-

148 2381 348 2417 munitatis
371 2381 534 2417 universi
557 2391 566 2416 ;
599 2381 777 2428 alioquin
800 2385 1026 2428 sequeretur,
1055 2384 1098 2416 ut
1124 2390 1210 2416 vere
1238 2379 1428 2417 concludit
