1584 2569
203 81 268 115 294
288 91 346 116 irs
365 90 530 116 mironis.
548 90 619 116 Lm.
641 90 681 116 11.
695 91 772 117 eir.
796 90 845 115 iv.
867 90 912 115 nn
929 89 1123 117 SOCIETATB
1140 91 1259 118 ιιιςιισ.
1279 92 1318 119 m
1331 91 1374 119 st
1392 90 1489 121 suc.

205 162 458 199 essentialiter
482 161 660 198 ordinata
685 162 734 198 ad
754 161 1032 209 perficiendum
1053 173 1143 199 suos
1169 163 1344 201 subditos
1362 164 1492 212 quoad

205 215 497 263 intelligentiam
512 219 550 251 et
564 214 694 263 quoad
714 214 964 251 voluntatem.
984 215 1083 262 Ergo
1104 215 1272 253 Ecclesia
1288 220 1346 253 est
1365 228 1492 254 essen-

203 269 344 305 tialiter
363 268 527 304 societas
547 266 791 312 doctrinalia,
813 267 921 314 cujus
941 268 1085 304 scilicet
1110 264 1321 305 auctorita‘s
1340 270 1491 318 publica

202 321 318 359 habet
347 321 616 368 magisterium
647 320 859 356 doctrinale
889 332 912 356 a
939 321 1015 357 Deo
1049 321 1120 358 sibi
1153 323 1419 359 commissum.
1446 344 1493 350 —

202 374 389 411 Increduli
403 374 442 410 id
460 384 536 411 non
553 372 778 417 admittunt,
801 373 868 410 sed
888 383 1022 410 eorum
1042 375 1210 422 negatio,
1234 380 1276 411 ut
1291 375 1375 422 jam
1397 376 1491 412 dixi-

202 439 288 464 mus
309 429 383 473 (62,
400 428 444 473 I),
461 437 538 463 non
559 425 722 463 destruit
737 426 951 470 veritatem,
971 431 1008 463 et
1024 428 1191 465 Ecclesia
1208 439 1330 476 neque
1348 429 1493 465 amittit

202 491 323 528 neque
341 479 455 517 debet
473 479 696 515 renuntiare
717 489 786 515 sno
802 479 881 526 Juri
902 482 1105 528 propterea
1125 480 1230 528 quod
1250 481 1324 528 ipsi
1341 480 1414 518 hoc
1427 481 1492 528 jus

201 545 223 570 a
249 534 328 570 suis
346 532 575 570 adversariis
602 532 828 579 denegatur.
852 552 897 558 —
917 533 1032 579 Atqui
1061 534 1329 581 magisterium
1355 534 1493 572 doctri·

201 587 287 623 nale
312 596 389 622 non
420 585 546 622 solum
574 585 621 622 de
652 584 850 631 doctrinis,
878 585 944 622 sed
970 585 1016 622 de
1049 587 1247 633 magistris
1280 587 1411 633 etiam,
1444 588 1490 624 de

201 638 356 682 scholis,
380 639 504 686 deque
531 637 722 674 methodis
742 638 905 685 judicat,
933 639 1010 675 imo
1047 639 1164 676 habet
1193 639 1364 677 officium
1387 640 1492 687 judi-

200 692 328 729 candi.
349 693 445 739 Ergo
464 690 513 727 ad
533 691 740 728 Ecclesiam
755 692 820 738 jus
841 691 1007 739 pertinet
1024 691 1222 740 aperiendi
1242 692 1407 738 scholas,
1429 704 1493 740 ap-

201 744 404 793 probandi,
413 744 719 793 ,designandique
736 745 955 792 magistros,
979 745 1045 792 qui
1066 746 1260 793 sapienter
1276 750 1313 783 et
1336 746 1494 783 honeste

202 799 365 835 doceant
393 798 538 841 fideles,
569 808 635 833 seu
666 797 770 845 filios
794 798 1011 844 spirituales
1037 799 1160 845 ipsius
1191 798 1388 845 Ecclesiae,
1423 810 1492 837 nec

202 864 279 888 non
298 850 519 888 conferendi
536 851 683 898 gradus
699 851 949 890 academicos.

248 907 378 952 Neque
400 905 504 941 dicas
525 914 593 952 per
613 904 714 941 hanc
739 908 913 941 nostram
934 906 1310 953 argumentationem
1335 906 1491 953 probari

203 956 449 994 solummodo
467 957 531 1003 jus
558 956 735 993 Ecclesiae
764 957 804 993 in
829 957 987 994 scientia
1015 957 1258 1005 theologica:
1281 969 1371 995 nam
1397 960 1492 995 veri-

204 1015 300 1047 tates
321 1015 410 1047 sunt
429 1020 628 1055 connexae,
649 1020 718 1046 nec
738 1009 816 1046 ulla
839 1009 998 1046 scientia
1019 1010 1133 1047 datur
1153 1021 1240 1058 quae
1262 1011 1492 1049 relationem

204 1076 279 1100 non
304 1064 444 1100 habeat
470 1063 518 1099 ad
546 1062 784 1111 theologiam
804 1062 1056 1100 christianam
1083 1075 1169 1110 quae
1196 1068 1279 1100 tum
1306 1064 1492 1113 dignitate

204 1122 285 1153 tum
320 1116 548 1153 certitudine
581 1117 785 1163 praeminet
817 1115 902 1152 aliis
932 1116 1101 1152 scientiis
1130 1116 1183 1162 (L.
1213 1118 1271 1163 67,
1298 1118 1358 1164 V).
1393 1119 1491 1164 Ergo

204 1169 467 1218 principaliter
479 1172 517 1205 et
534 1168 757 1205 immediate
777 1168 945 1205 Ecclesia
962 1169 1023 1216 jus
1040 1169 1158 1206 habet
1171 1170 1272 1206 circa
1290 1171 1490 1209 scientiam

204 1222 471 1269 theologicam,
493 1220 721 1257 secundario
742 1224 779 1257 et
801 1221 968 1258 mediate
987 1221 1053 1268 jus
1078 1222 1192 1259 habet
1219 1222 1339 1260 etiam
1364 1223 1489 1272 quoad

202 1276 468 1323 magisterium
482 1275 728 1310 scientiarum
748 1274 1000 1311 naturalium.

236 1331 296 1366 VI.
307 1328 609 1374 Independentia
616 1328 824 1373 potestatis
834 1327 1109 1365 ecclesiasticae
1117 1330 1343 1366 extenditur
1350 1333 1491 1368 natura

201 1394 271 1421 sua
286 1383 335 1419 ad
354 1382 596 1428 temporalia,
615 1384 807 1426 quatenus
823 1382 900 1418 ista
911 1381 1137 1427 judicantur
1149 1383 1369 1421 necessaria
1381 1384 1430 1420 ad
1449 1384 1490 1420 fi-

202 1447 288 1474 nem
299 1435 543 1481 spiritualem
554 1435 877 1480 consequendum.
888 1434 1079 1470 Probatur
1090 1435 1315 1482 propositio.
1331 1437 1492 1483 Tempo-

202 1490 298 1526 ralia
315 1487 672 1523 suntnecessariaet
687 1486 865 1522 ordinata
874 1486 1050 1523 adfinem
1068 1487 1370 1534 spiritualem,ut
1387 1491 1493 1536 patet

202 1544 240 1578 in
260 1541 320 1578 his
341 1550 426 1586 quae
446 1538 751 1585 requirunturad
766 1538 912 1575 cultum
929 1542 1147 1585 externum,
1159 1538 1207 1576 ad
1222 1540 1492 1578 ministrorum

201 1592 537 1636 sustentationem,
554 1591 601 1628 ad
613 1591 933 1638 gubernationem
947 1592 1112 1639 denique
1128 1592 1304 1630 Ecclesiae
1318 1603 1404 1641 quae
1424 1605 1492 1642 per

201 1651 326 1684 totum
344 1644 476 1682 orbern
495 1644 743 1680 diffunditur:
764 1655 850 1692 quae
869 1645 1098 1692 gubernatio
1118 1656 1195 1682 non
1212 1646 1408 1696 spirituali
1423 1647 1490 1684 sed

201 1698 391 1746 corporali
418 1698 560 1740 medio,
588 1702 628 1733 ut
660 1697 882 1734 hominibus
914 1698 1107 1744 convenit,
1138 1702 1347 1735 exercetur.
1373 1700 1490 1747 Atqui

201 1753 375 1789 Ecclesiae
400 1754 569 1799 potestas
601 1751 845 1798 amplissima
865 1755 922 1787 est
947 1755 985 1786 et
1007 1751 1271 1798 independens
1292 1752 1332 1789 in
1348 1762 1490 1800 procu-

201 1805 321 1842 rando
338 1806 455 1840 finem
473 1803 544 1840 sibi
565 1804 765 1851 proprium
784 1804 857 1840 hoc
878 1806 933 1840 est
948 1804 1201 1851 spiritualem.
1220 1805 1317 1852 Ergo
1331 1805 1490 1854 amplis-

200 1859 299 1895 sima
317 1858 461 1905 pariter
479 1862 536 1893 est
556 1860 593 1893 et
613 1856 874 1903 independens
893 1861 1034 1894 natura
1049 1868 1120 1894 sua
1130 1857 1260 1905 quoad
1274 1858 1403 1895 media
1417 1859 1488 1906 spi-

202 1911 358 1948 ritualia
389 1921 467 1946 non
485 1910 625 1954 solum,
654 1910 720 1946 sed
744 1910 862 1946 etiam
890 1909 1020 1957 quoad
1039 1911 1282 1957 temporalia,
1299 1914 1491 1958 quatenus

202 1965 283 2001 haec
298 1964 524 2010 judicantur
550 1963 765 2000 necessaria
785 1966 820 1999 et
842 1963 1020 2000 ordinata
1039 1963 1089 2000 ad
1109 1965 1227 2001 finem
1249 1964 1490 2012 spiritualem

202 2016 513 2064 consequendum
529 2027 657 2061 ;secus
672 2016 903 2052 haberemus
923 2016 960 2052 in
982 2019 1171 2064 potestate
1187 2017 1251 2064 J'us
1267 2017 1315 2053 ad
1326 2018 1444 2054 finem
1453 2021 1492 2054 et

200 2081 277 2106 non
298 2069 346 2105 ad
362 2069 492 2105 media
508 2069 630 2115 :quod
639 2074 696 2105 est
705 2069 931 2105 absurdum.
951 2069 1163 2114 «Christus,
1174 2069 1489 2116 inquitlaudatus

200 2123 382 2167 Victoria,
399 2121 450 2157 ib.
474 2132 582 2168 prop.
599 2123 691 2166 VIII,
708 2132 784 2158 non
798 2122 892 2159 satis
906 2122 1135 2170 providisset
1152 2126 1188 2158 et
1202 2122 1364 2158 cavisset
1377 2123 1490 2159 rebus

201 2174 480 2224 spiritualibus,
492 2176 523 2210 si
542 2185 618 2210 non
628 2175 847 2222 reliquisset
859 2174 1028 2221 aliquam
1037 2179 1286 2223 potestatem,
1309 2175 1358 2211 ad
1373 2186 1489 2222 quam

201 2232 401 2277 spectaret,
430 2226 585 2275 quando
607 2238 703 2275 opus
722 2232 834 2272 esset,
868 2228 1047 2264 ordinare
1071 2230 1108 2263 et
1128 2228 1185 2264 uti
1211 2228 1489 2275 temporalibus

201 2281 470 2317 convenienter
489 2280 537 2316 ad
558 2280 674 2316 finem
692 2280 1036 2328 supernaturalem.
1061 2279 1133 2317 Sed
1157 2280 1229 2316 hoc
1246 2291 1323 2317 non
1343 2284 1491 2329 spectat

201 2335 250 2371 ad
272 2333 440 2370 officium
467 2333 686 2380 principum
707 2333 953 2379 secularium,
974 2334 1039 2380 qui
1067 2333 1245 2380 ignorant
1272 2333 1490 2382 proportio-
