1554 2569
127 120 340 156 llssmmm.
360 131 655 158 L13.11.0AP.111
665 133 708 156 DE
721 132 869 158 ACTIBUS
884 133 972 158 fluu-
987 133 1025 158 IN
1047 106 1126 159 ORD.
1141 132 1406 168 ADEORUx,E1·c

123 199 199 236 duo
217 200 432 249 distinguit,
451 203 652 238 materzam
676 214 742 238 seu
768 214 850 238 rem
877 208 1124 251 praeceptam,
1146 215 1168 240 a
1182 205 1312 250 forma
1341 215 1405 240 seu

123 263 236 289 causa
251 253 522 301 obligatIOnis:
551 259 665 302 atque
681 256 733 291 ait
759 255 823 301 jus
850 256 1022 302 gentium
1043 255 1171 303 quoad
1204 256 1405 291 materiam

84 308 91 351 ζ
122 303 223 340 idem
240 315 320 341 esse
340 316 384 341 ac
399 306 463 352 jus
480 307 681 342 naturale·
674 306 839 353 ,quoad
860 307 1025 344 formam
1042 318 1131 344 vero
1150 307 1364 355 discrepare
1385 318 1407 343 a
1460 327 1471 334 ·

83 385 85 388 .
117 356 203 403 jure
234 362 396 403 naturae,
430 369 586 406 esseque
613 359 677 405 jus
706 359 921 395 humanum
950 364 987 396 et
1016 360 1280 407 positivum.»
1318 361 1407 396 Haec

120 409 259 445 Roselli
292 409 364 447 loc.
389 412 451 447 cit.
488 413 526 455 §g
547 412 614 447 418
644 416 680 447 et
703 413 784 447 419.
820 433 866 438 —
890 412 1102 448 Novissime
1136 423 1225 449 vero
1249 411 1406 448 Audisio

121 461 244 501 (Juris
260 468 410 498 nacurae
425 468 458 499 et
475 463 647 500 Gentium
671 465 821 510 privati
836 469 869 500 ee
879 463 1038 510 publici
1053 464 1305 510 fundamenta
1324 465 1404 501 Lib.

119 514 147 548 1.
170 514 284 550 Titul.
306 515 352 551 11.
375 517 406 560 ἓ.
428 516 502 561 XV)
520 516 671 552 videtur
686 517 926 564 assererejus
936 518 1107 564 gentium
1122 528 1144 553 a
1159 518 1246 564 jure
1258 521 1406 553 naturae

119 577 196 602 non
216 566 465 605 differrecum
495 568 654 604 scribit:
680 583 695 601 ‹
719 569 845 610 Quum
872 574 1001 605 autem
1018 580 1063 606 ea
1096 580 1183 616 quae
1215 569 1406 606 naturalia

119 623 220 664 sunt,
237 620 262 654 ii
286 630 418 655 omnes
433 620 611 665 habeant,
634 621 698 666 qui
717 620 892 657 eamdem
922 626 1101 658 naturam
1128 621 1284 665 habent,
1318 621 1406 657 hinc

119 671 213 707 adeo
234 673 461 709 naturaliter
485 673 608 709 indita
625 673 841 710 officiorum
865 674 1101 710 lIneamenta
1133 674 1406 721 legumlatores

91 738 95 743 ¹
117 724 403 770 consuluerunt,
455 730 724 772 expresserunt
778 730 922 773 gentes,
966 726 1188 773 philosophi
1218 728 1406 773 persecuti

118 780 219 821 sunt,
239 781 281 811 ut
298 777 336 812 in
348 777 447 823 jura
464 779 633 824 qentz'um
652 781 853 814 evaserim.
880 792 896 811 ι
918 778 1031 814 Libro
1052 782 1181 814 autem
1202 779 1267 815 111.
1289 778 1405 814 Titul.

117 828 189 865 XV.
211 828 272 873 §.L
300 829 451 865 videtur
475 830 615 866 sentire
650 831 750 866 circa
772 831 836 876 J'us
867 830 1038 878 gentium
1064 841 1152 866 cum
1185 830 1407 866 auctoribus

116 892 231 927 supra
260 881 399 927 citatis,
433 882 498 928 qui
529 882 595 929 jus
617 884 789 930 gentium
819 883 857 917 in
885 883 1040 929 juribus
1072 887 1109 918 et
1141 882 1276 918 officiis
1305 883 1406 918 inter

118 938 249 980 gentes
270 938 307 970 et
334 938 465 981 gentes
482 935 724 970 constituunt
746 946 754 970 ι
785 949 800 967 ‹
822 935 967 971 Natura
985 935 1102 979 enim,
1124 935 1191 979 ait,
1214 935 1297 982 ipsa
1313 946 1404 982 gen-

117 986 219 1021 tibus
247 986 440 1032 justitiam
461 987 673 1032 constituit,
713 992 756 1022 ut
771 987 836 1034 jus
875 987 925 1022 sit
954 987 1127 1034 gentium
1155 990 1406 1023 necessarium

117 1041 232 1084 atque
251 1038 486 1083 absolutum
513 1039 601 1084 alia,
619 1040 676 1074 uti
706 1040 744 1074 in
761 1039 1003 1075 commerciis
1028 1039 1279 1086 pluribusque
1311 1039 1405 1074 rela-

118 1090 302 1135 tionibus,
335 1091 455 1127 lihera
489 1091 657 1138 reliquit,
695 1095 738 1127 ut
764 1092 814 1126 sit
851 1101 1003 1138 quoque
1036 1092 1135 1126 inter
1167 1094 1298 1138 gentes
1326 1091 1405 1137 jus-

115 1143 377 1179 voluntarium
396 1148 433 1179 et
457 1143 628 1180 liberum.
660 1144 714 1178 Ex
735 1148 899 1190 utroque
925 1154 1055 1178 rerum
1075 1153 1212 1190 genere
1238 1144 1282 1178 fit
1311 1143 1405 1179 illud

112 1196 178 1241 jus
200 1196 388 1242 gentium,
410 1206 485 1242 quo
507 1207 644 1242 nempe
666 1201 791 1242 yentes
819 1196 871 1231 ad
902 1200 1027 1242 qentes
1054 1195 1301 1232 ordinantur.
1325 1210 1341 1228 ›
1365 1196 1405 1232 ln

116 1247 249 1283 eadem
270 1249 462 1284 sententia
481 1259 561 1284 esse
587 1248 739 1283 videtur
758 1248 989 1292 Liberatore,
1009 1248 1080 1283 Jus
1102 1252 1265 1292 παίωνα),
1287 1259 1324 1295 p.
1340 1248 1404 1293 111,

115 1300 335 1343 introduct„
353 1301 417 1346 qui
436 1301 552 1336 etiam
573 1301 664 1336 citat
694 1305 730 1336 et
750 1300 939 1348 approbat
955 1299 1050 1335 illud
1076 1299 1192 1335 Vadel
1212 1299 1277 1344 (Le
1303 1299 1407 1335 droit

115 1353 178 1389 des
195 1364 300 1399 qens,
315 1353 422 1389 Tom.
443 1354 472 1390 1.
500 1352 667 1400 prelim.‚
686 1352 769 1398 §.V)
793 1363 801 1388 ε
825 1353 896 1389 Jus
910 1352 1079 1399 gentium
1099 1353 1141 1387 in
1159 1362 1232 1387 sua
1259 1352 1407 1398 origine

116 1405 226 1441 aliud
245 1416 321 1441 non
337 1410 389 1441 est
405 1415 519 1452 quam
530 1405 600 1452 jus
619 1409 769 1441 natu'rae
784 1404 1010 1441 nationibus
1035 1404 1287 1450 applicatum.

165 1458 211 1493 11.
232 1459 487 1494 Declarantur
513 1458 712 1494 nonnulla.
745 1457 786 1492 In
819 1461 927 1492 tanta
957 1457 1185 1503 opinionum
1210 1457 1403 1501 varietate,

120 1509 273 1546 difficile
311 1509 522 1546 admodum
556 1509 707 1544 videtur
733 1519 864 1545 veram
903 1513 1018 1556 atque
1061 1519 1285 1556 germanam
1307 1509 1406 1555 J'uris

119 1563 291 1610 gentium
321 1567 499 1598 naturam
520 1561 744 1609 designare:
771 1561 1027 1597 nihilominus
1048 1560 1144 1597 mihi
1178 1571 1405 1608 persuasum

75 1643 80 1668 Δ,
117 1619 174 1650 est
204 1616 410 1651 recensitas
448 1615 664 1662 opiniones,
700 1614 876 1660 quamvis
920 1614 1046 1661 prima
1072 1613 1198 1649 fronte
1225 1611 1405 1660 oppositae

118 1667 329 1711 videantur,
363 1677 494 1703 revera
519 1671 647 1702 tamen
678 1677 814 1713 parum
844 1666 892 1702 ad
910 1666 1073 1702 invicem
1105 1664 1334 1701 differre.—
1360 1664 1406 1700 Et

118 1720 311 1767 imprimis
331 1723 374 1755 ut
393 1724 541 1756 certum
569 1718 734 1755 habetur
750 1719 797 1754 ab
833 1718 1013 1754 omnibus
1036 1719 1100 1765 Jus
1121 1718 1295 1765 gentium
1324 1717 1406 1753 nul-

117 1773 197 1808 lum
237 1783 330 1817 esse,
367 1773 433 1808 ubi
468 1771 581 1819 Jnulla
628 1771 789 1808 actualis
833 1771 968 1807 relatio
1003 1770 1280 1806 convenientiae
1308 1770 1408 1805 inter

118 1825 294 1861 homines
313 1825 474 1869 existat3
492 1824 576 1860 haec
603 1828 733 1860 autem
762 1824 896 1859 relatio
931 1822 1164 1859 considerari
1193 1826 1318 1870 potest
1347 1822 1407 1858 vel

118 1878 219 1914 inter
237 1877 436 1913 individua
456 1877 639 1921 humana,
661 1877 719 1913 vel
736 1877 838 1912 inter
854 1876 1079 1912 societatem
1094 1879 1131 1911 et
1152 1876 1376 1911 societatem
1394 1884 1404 1911 ε

118 1940 208 1966 nam
238 1934 326 1966 ante
372 1930 489 1966 etiarn
539 1929 762 1965 societatem
812 1928 962 1964 civilem
1000 1928 1249 1964 constitutam
1287 1927 1406 1963 homo

118 1982 267 2018 homini
287 1981 543 2029 adstringitur
566 1981 777 2017 moralibus
804 1980 941 2017 officiis
960 1991 970 2025 ;
991 1983 1029 2015 et
1048 1980 1250 2015 societates
1279 1979 1406 2015 civiles

119 2038 209 2069 sunt
228 2039 285 2070 tot
308 2044 482 2081 personae
508 2033 674 2070 morales
698 2044 785 2080 quae
817 2032 963 2068 mutuis
984 2031 1136 2079 legibus
1168 2031 1404 2079 obligantur.

119 2087 214 2122 Hinc
225 2086 290 2133 jus
311 2087 484 2134 gentium
501 2086 601 2122 sumi
618 2090 745 2133 potest
763 2089 847 2121 tum
864 2095 933 2132 pro
946 2084 1034 2131 jure
1054 2083 1306 2129 individuali,
1322 2088 1404 2119 tum

119 2149 189 2185 pro
203 2139 289 2185 jure
308 2138 450 2175 sociali
466 2149 474 2174 :
496 2138 565 2174 sub
587 2138 705 2186 priori
725 2142 881 2185 aspectu
892 2137 1019 2173 vocari
1038 2136 1265 2183 simpliciter
1281 2140 1407 2183 potest.

114 2191 184 2237 jus
198 2191 380 2238 gentium,
402 2189 505 2237 quod
523 2190 713 2226 abstrahit
725 2190 772 2226 ab
790 2190 995 2226 existentia
1013 2189 1206 2225 societatis
1218 2200 1228 2234 3
1241 2188 1404 2224 alterurn

119 2244 246 2280 verius
265 2247 394 2290 potest
408 2243 535 2279 vocari
539 2242 609 2290 J‘us
620 2242 790 2289 yentium
801 2241 1113 2285 inter-nationale,
1130 2241 1234 2289 quod
1242 2245 1285 2277 ut
1297 2251 1405 2277 voca-

120 2296 256 2332 bulum
276 2296 404 2343 ipsum
425 2295 659 2341 manifestat,
679 2294 861 2331 subaudit
879 2294 1127 2331 existentiam
1147 2298 1184 2330 et
1203 2294 1407 2330 conviven-

122 2349 216 2385 tiam
246 2349 463 2385 nationum.
498 2347 644 2390 Quibus
672 2348 821 2395 positis,
841 2346 1084 2384 definitiones
1103 2346 1208 2393 jurss
1237 2345 1406 2394 ymnum
