1584 2569
201 127 218 160 3
225 128 244 162 2
251 128 269 162 2
759 138 932 165 ApPEme

201 207 294 244 illud
332 209 433 245 idem
470 206 570 256 quod
608 210 654 246 cl.
690 210 831 247 Auctor
865 211 1049 247 defendit.
1089 212 1164 248 Nec
1195 211 1242 248 ad
1278 211 1493 260 negandam

200 260 420 298 facultatem
452 262 550 299 hanc
581 262 802 299 distinctam
833 274 920 311 quae
948 264 1089 300 dicitur
1122 265 1335 301 intellectus
1365 276 1494 313 agens,

201 327 297 364 opus
323 321 379 352 est
408 328 488 353 esse
518 317 790 361 cartesianum‚
819 327 908 352 nam
941 317 1156 362 Durandus,
1188 322 1294 365 puto,
1316 329 1393 354 non
1425 318 1492 354 fuit

201 369 435 405 cartesianus
459 380 466 405 z
491 380 613 416 neque
633 374 734 406 certe
762 370 841 417 ipse
861 370 1004 406 Auctor
1022 370 1168 407 censeri
1187 370 1269 406 vult
1289 371 1390 406 inter
1417 381 1498 407 car-

201 423 381 458 tesianos.
407 437 422 455 ›
446 444 490 449 —
507 422 706 467 Scholion,
727 433 815 470 pag.
839 424 983 459 318-19.

246 475 356 521 Hesp.
379 475 460 517 Quo
484 474 616 512 tendat
633 475 706 511 hoc
726 479 999 522 argumentum
1017 475 1069 512 ad
1085 476 1274 512 hominem
1291 476 1404 523 plane
1420 487 1495 512 non

214 527 324 563 Jideo.
346 528 428 564 Non
448 539 599 564 necesse
620 532 701 564 erat
720 539 931 575 supponere
955 539 1017 564 me
1037 528 1130 564 velle
1152 529 1258 575 sequi
1282 528 1498 565 doctrinam

209 580 237 616 S.
270 580 442 625 Thomae,
472 591 558 617 cum
588 579 626 616 id
653 591 787 617 omnes
816 581 968 628 paginae
988 591 1085 617 meae
1109 581 1274 618 Summoe
1298 581 1499 618 manifeste

204 633 385 679 probent3
411 633 475 669 sed
503 633 594 680 quid
625 633 763 670 exinde
786 634 928 670 Auctor
957 633 1107 679 inferat,
1138 635 1287 681 ignoro.
1313 635 1392 682 Ego
1419 635 1500 681 qui-

202 685 288 720 dem
305 685 494 722 declaravi
514 686 666 733 (Psych.
689 688 744 730 18,
764 686 829 731 III)
852 687 1088 723 intellectum
1107 692 1276 734 agentem
1292 688 1500 723 consistere

202 739 238 772 in
260 739 399 774 virtute
418 739 655 776 abstractiva
675 740 888 787 specierum
910 751 932 775 a
955 740 1292 787 phantasmatibus
1312 745 1349 776 et
1369 741 1408 776 in
1427 740 1501 776 vir·

203 794 281 827 tute
305 790 569 828 illuminativa
590 792 741 840 (Psych.
771 794 828 837 34,
853 793 964 838 VIII),
989 797 1026 828 et
1048 793 1162 830 verba
1182 793 1264 839 ipsa
1284 792 1321 828 S.
1343 792 1500 829 Thomae

202 844 441 892 transcripsi.
464 844 516 881 De
543 846 757 891 quaestione
789 850 919 882 autem
947 850 1078 882 utrum
1108 846 1166 882 vel
1190 846 1396 882 secundum
1425 857 1502 882 rem

201 895 258 932 vel
285 896 403 943 juxta
435 902 590 934 mentem
611 899 647 934 S.
679 898 850 943 Thomae,
885 899 1091 934 intellectus
1124 909 1252 945 aqens,
1283 910 1348 935 seu
1380 899 1502 934 virtus

201 948 739 996 abstractz'vo-illuminativa,
770 951 819 986 sit
846 951 1006 987 facultas
1035 951 1214 987 distincta
1245 950 1292 987 ab
1316 951 1502 988 intellectu

199 1002 394 1048 possibili,
417 1003 475 1039 vel
502 1008 637 1040 contra
663 1004 712 1039 sit
738 1004 817 1052 ipse
845 1004 1061 1040 intellectus
1084 1004 1302 1050 possibilis,
1325 1014 1373 1040 ne
1398 1015 1503 1040 men·

194 1056 347 1091 tionem
381 1056 537 1102 quidem
574 1057 658 1101 feci,
695 1057 786 1103 quia
818 1057 924 1092 illam
962 1061 1073 1093 teneo
1109 1058 1364 1102 quaestionem
1394 1057 1502 1093 valde
1563 1074 1572 1077 -

203 1107 486 1152 secundariam,
536 1108 709 1155 nihilque
756 1109 927 1145 conferre
979 1109 1026 1144 ad
1074 1108 1301 1155 explicanda
1342 1119 1504 1146 munera

204 1160 417 1196 intellectus
461 1162 610 1208 agentis
653 1161 979 1197 Scholasticorum
1026 1166 1195 1207 respectu
1233 1161 1420 1198 idearum.
1459 1162 1505 1197 Et

205 1213 333 1258 quoad
367 1213 450 1249 haec
485 1224 647 1250 munera
679 1214 799 1250 refelli
835 1214 978 1256 iudicia
1010 1224 1170 1250 erronea
1201 1215 1502 1251 cartesianorum

203 1270 338 1301 contra
376 1266 614 1303 intellectum
657 1272 834 1315 agentem
873 1277 961 1303 cum
1003 1267 1076 1314 ipsi
1123 1266 1193 1303 sub
1231 1266 1306 1303 alio
1348 1267 1503 1303 nomine

203 1317 370 1364 idipsum
393 1319 643 1356 admitterent
666 1331 673 1355 :
697 1329 783 1366 quae
805 1319 962 1367 quidem
980 1319 1126 1366 judicia
1145 1330 1222 1355 non
1243 1324 1395 1356 tantum
1415 1325 1501 1356 sunt

202 1375 336 1407 contra
361 1372 598 1408 intellectum
620 1377 799 1420 agentem
821 1378 863 1408 ut
887 1373 1111 1408 distinctum
1133 1372 1179 1408 ab
1201 1373 1396 1409 intellectu
1417 1384 1499 1420 pos-

201 1424 316 1468 sibili,
343 1429 456 1471 prout
482 1426 624 1461 Auctor
648 1426 720 1462 sibi
747 1425 977 1473 persuadere
997 1425 1160 1469 videtur,
1184 1424 1248 1461 sed
1276 1426 1393 1461 etiam
1414 1436 1498 1462 con·

203 1481 262 1512 tra
279 1477 493 1513 intellectus
511 1478 661 1524 agentis
678 1489 839 1514 munera
857 1478 1045 1524 explicata
1063 1488 1084 1513 a
1102 1477 1139 1512 S.
1159 1477 1308 1513 Thoma
1326 1488 1334 1512 :
1354 1482 1392 1513 et
1409 1477 1498 1514 dato

202 1529 319 1564 etiam
352 1528 454 1575 quod
488 1534 612 1566 essent
644 1531 755 1566 unice
787 1535 922 1566 contra
961 1530 1161 1576 praefatam
1195 1529 1499 1575 distinctionem,

203 1581 329 1617 nescio
351 1592 426 1628 quo
448 1586 560 1629 pacto
580 1581 734 1618 defendi
755 1583 903 1629 possint
926 1593 933 1617 :
954 1582 1019 1617 illa
1036 1582 1138 1617 enim
1161 1582 1358 1618 distinctio
1376 1593 1500 1629 neque

203 1633 373 1670 absurda
392 1639 448 1671 est
468 1644 591 1681 neque
611 1635 784 1672 ridicula
807 1635 879 1680 (Ps.
899 1636 957 1679 28,
981 1635 1055 1679 IV).
1078 1635 1153 1670 Cur
1170 1645 1260 1681 ergo
1277 1635 1419 1670 Auctor
1439 1646 1501 1671 me

203 1687 376 1723 vellicare
409 1692 570 1724 conetur
604 1687 677 1724 hoc
709 1698 777 1723 suo
814 1692 1044 1735 argumento
1081 1687 1132 1723 ad
1166 1687 1366 1731 hominem,
1398 1687 1501 1734 quod

203 1740 308 1775 nullo
333 1739 449 1776 modo
471 1751 532 1777 me
550 1741 688 1788 tangit,
711 1751 772 1776 me
791 1751 947 1787 prorsus
966 1740 1072 1775 latet.
1095 1761 1140 1765 —
1160 1739 1281 1776 Velim
1306 1744 1435 1776 autem
1460 1743 1504 1776 ut

202 1794 343 1829 Auctor
362 1794 544 1840 probaret
565 1794 789 1830 testimonia
810 1804 897 1840 quae
915 1793 1128 1830 afferuntur
1147 1803 1215 1840 pro
1236 1793 1328 1829 reali
1350 1792 1504 1830 distino-

203 1847 307 1882 tione
339 1846 439 1882 inter
473 1847 678 1883 materiam
707 1851 744 1883 et
775 1846 941 1883 formam
971 1846 1134 1882 clariora
1162 1856 1240 1882 non
1273 1856 1354 1882 esse
1386 1857 1503 1893 quam

203 1909 289 1945 quae
317 1899 444 1935 afferri
471 1905 633 1947 possunt
659 1910 728 1947 pro
757 1899 850 1935 reali
869 1899 1114 1935 distinctione
1141 1899 1241 1934 inter
1267 1898 1504 1936 intellectum

203 1951 426 1999 possibilem
447 1956 485 1989 et
505 1952 743 1989 intellectum
766 1956 957 1999 agentem.

249 2006 392 2041 Auctor
421 2010 550 2042 censet
585 2016 646 2041 me
676 2015 756 2042 esse
791 2004 953 2052 dignum
986 2005 1112 2049 laude,
1140 2007 1231 2051 quia
1266 2016 1388 2041 iassus
1417 2016 1504 2041 sum

206 2057 439 2094 Scholastico
460 2059 658 2106 systemati
676 2059 777 2095 circa
802 2058 1124 2105 compositionem
1145 2067 1354 2105 corporum
1375 2057 1505 2094 deesse

204 2109 374 2147 valorem
395 2110 756 2147 demonstrativum.
779 2110 888 2147 Certe
912 2122 919 2146 :
943 2121 1021 2146 non
1044 2111 1147 2146 enim
1169 2109 1267 2146 mihi
1287 2120 1371 2146 mos
1392 2114 1449 2145 est
1465 2111 1504 2146 in

206 2162 451 2211 philosophia
475 2164 593 2200 veluti
622 2175 669 2200 ex
700 2163 883 2201 cathedra
912 2163 1185 2211 dogmatizare.
1215 2162 1504 2199 Animadvertat

206 2215 336 2252 tamen
356 2214 630 2252 scholasticum
654 2221 821 2264 systema
845 2227 867 2252 a
894 2225 956 2252 me
981 2216 1136 2251 retineri
1163 2218 1206 2251 ut
1224 2214 1339 2262 longe
1366 2215 1504 2262 proba-

206 2267 320 2304 bilius
339 2268 474 2305 ceteris
497 2269 795 2316 systematibus3
822 2273 858 2305 et
878 2268 1047 2316 iusuper,
1070 2278 1157 2303 cum
1182 2268 1311 2315 agitur
1331 2267 1378 2303 de
1404 2277 1505 2303 com-

206 2320 330 2368 posito
360 2320 546 2366 humano,
581 2325 625 2357 ut
660 2326 807 2358 certum
843 2332 864 2358 a
901 2331 963 2357 me
998 2321 1130 2358 haberi
1167 2325 1250 2356 tum
1283 2318 1505 2359 intrinsecis

205 2373 420 2410 rationibus
441 2377 523 2411 tum
541 2372 832 2412 definitionibus
850 2374 1010 2411 concilii
1029 2373 1268 2410 ViennensIs.
