1584 2569
237 111 301 145 {78
352 121 407 145 JL'S
428 120 589 144 NATURAE.
618 120 685 144 Lm.
708 119 734 146 1.
763 119 839 144 CAP.
861 118 910 143 lv.
935 118 978 143 DE
1005 119 1080 143 OFF·
1102 120 1188 144 [1011.
1218 120 1309 145 ERGA
1330 121 1433 147 Amos

234 193 337 228 tione
351 190 585 237 delectandi3
602 191 680 226 sive
697 190 747 226 sit
760 190 990 237 officiosum,
1005 190 1183 226 videlicet
1196 201 1284 227 cum
1305 191 1518 229 intentione

229 244 402 292 juvandi.
422 244 624 280 Probatur.
645 244 759 278 Actus
777 242 917 278 cadens
939 253 1053 290 super
1068 242 1280 280 indebitam
1301 246 1518 291 materiam,
1538 239 1540 251 ³

232 303 289 334 est
309 309 376 345 per
394 308 433 333 se
461 301 500 333 et
530 297 734 332 intrinsece
754 295 892 332 malus.
925 295 1040 342 Atqui
1067 295 1313 332 mendacium
1335 302 1392 333 est
1413 303 1520 335 actus

232 351 390 387 moralis
409 349 548 386 cadens
563 348 777 385 voluntarie
799 358 914 395 super
931 347 1142 384 indebitam
1164 350 1366 386 materiam
1396 361 1403 385 :
1431 362 1520 388 cum

231 405 335 440 enim
352 413 463 440 voces
483 402 710 438 naturaliter
724 402 800 437 sint
820 401 930 449 signa
958 402 1155 438 actionum
1178 403 1430 448 internarum,
1462 404 1516 440 in-

232 457 406 493 naturale
433 460 491 492 est
523 460 561 492 et
583 454 799 491 indebitum
826 453 930 501 quod
959 454 1171 491 voluntarie
1198 461 1447 492 assumantur
1472 452 1520 492 ad

231 508 527 558 significandum
548 508 586 544 id
605 507 708 555 quod
729 508 769 543 in
788 511 917 543 mente
938 518 1015 543 non
1037 507 1212 544 habetur.
1235 507 1333 556 Ergo
1361 509 1520 545 menda-

230 563 332 598 cium
354 567 410 597 est
434 572 502 608 per
525 572 565 597 se
588 565 624 596 et
652 560 855 596 intrinsece
876 559 1042 604 malum;
1070 564 1108 597 et
1134 560 1219 597 ideo
1240 561 1280 596 in
1301 561 1407 597 nullo
1430 572 1519 598 casu

231 620 287 650 est
304 615 464 651 licitum.
486 635 530 640 -
552 613 660 655 Quod
688 614 804 649 etiam
833 614 1087 649 confirmatur
1112 613 1391 650 considerando
1413 625 1518 651 men-

230 668 397 713 dacium,
417 672 606 714 quantum
625 666 672 702 ad
692 666 729 702 id
744 664 848 712 quod
868 666 1042 713 sequitur
1060 676 1128 713 per
1141 676 1180 702 se
1198 665 1245 702 ad
1258 666 1518 713 mendacium,

230 732 368 768 nempe
385 732 492 757 error
523 721 562 756 in
583 723 712 756 mente
741 717 945 756 audientis.
967 719 1063 755 Nam
1094 718 1124 754 si
1144 719 1360 756 voluntarie
1392 731 1518 756 errare

229 778 285 810 est
300 784 442 821 ponere
458 774 649 809 actionem
670 772 903 808 contrariam
925 775 1075 807 naturae
1096 771 1275 808 rationali
1296 777 1333 808 et
1355 772 1441 809 ideo
1465 773 1519 809 in-

232 826 391 862 trinsece
408 826 566 871 malam,
585 826 639 862 ita
658 830 696 861 et
715 824 930 861 voluntarie
951 835 1032 860 esse
1053 835 1208 860 causam
1231 826 1384 861 erroris.
1403 826 1517 872 Atqui

229 879 473 916 mendacium
493 890 561 926 per
591 889 630 915 se
651 877 855 914 ordinatur
879 877 927 913 ad
948 877 1185 914 causandum
1213 888 1381 914 errorem
1409 879 1447 915 in
1468 879 1518 915 al-

229 938 310 970 tero
339 943 461 969 :nam
493 931 660 969 mendax
693 931 808 968 habet
838 931 1012 967 animum
1043 931 1195 967 dicendi
1236 931 1397 977 falsum3
1428 944 1517 980 ergo

228 986 327 1022 actio
354 986 449 1032 ejus,
480 996 546 1021 seu
567 983 812 1020 mendacium
839 988 896 1019 est
916 994 983 1030 per
1005 994 1043 1019 se
1066 983 1287 1019 ordinatum
1313 984 1358 1019 ad
1388 984 1516 1020 fallen-

230 1038 323 1074 dum
343 1049 351 1075 2
374 1043 411 1074 et
431 1049 509 1074 non
533 1042 589 1074 est
612 1037 685 1073 nisi
709 1048 776 1084 per
799 1036 973 1072 accidens
994 1037 1024 1072 si
1049 1047 1156 1072 error
1182 1047 1258 1073 non
1283 1037 1519 1084 producatur

228 1093 267 1127 in
287 1091 418 1127 animo
445 1091 650 1127 audientis.
672 1089 771 1136 Ergo
805 1088 1049 1125 mendacium
1068 1094 1126 1125 est
1148 1100 1216 1136 per
1245 1100 1284 1125 se
1313 1094 1350 1125 et
1382 1090 1517 1125 intrin-

228 1154 311 1180 sece
328 1144 475 1180 malum
491 1164 535 1169 —
553 1143 650 1188 11—11‚
676 1143 745 1184 Qu.
769 1142 840 1187 CX,
861 1143 975 1178 Artic.
1000 1142 1063 1177 111.
1086 1152 1190 1188 corp.
1215 1146 1252 1177 et
1273 1141 1321 1178 ad
1345 1143 1378 1177 4.
1401 1162 1446 1168 —
1466 1144 1517 1179 De

229 1197 442 1233 rationibus
459 1201 589 1232 autem
605 1195 726 1231 Grotii
746 1195 844 1230 nihil
860 1194 1000 1230 addere
1016 1204 1167 1230 necesse
1188 1198 1257 1239 est,
1275 1205 1362 1231 cum
1384 1205 1517 1232 omnes

229 1250 401 1286 nitantur
417 1250 512 1285 salsa
532 1249 755 1285 definitione
776 1247 985 1292 mendacii3
1012 1251 1050 1283 et
1070 1247 1142 1284 hac
1173 1247 1290 1283 etiam
1317 1247 1406 1285 data
1431 1259 1518 1285 con·

229 1302 353 1339 fundit
373 1302 411 1338 id
432 1301 536 1349 quod
565 1306 623 1338 est
642 1312 714 1348 per
733 1312 771 1337 se
793 1302 832 1336 in
854 1300 1070 1344 mendacio,
1096 1310 1235 1347 nempe
1252 1300 1450 1337 ordinatio
1466 1302 1517 1337 ad

224 1356 451 1401 fallendum,
469 1364 557 1391 cum
575 1365 619 1391 eo
640 1353 744 1401 quod
763 1358 818 1390 est
824 1364 897 1400 per
910 1353 1100 1396 accidens,
1120 1363 1257 1400 nempe
1272 1352 1418 1390 salsitas
1430 1364 1516 1390 con·

225 1413 355 1445 secuta
379 1408 437 1444 vel
468 1419 546 1444 non
566 1411 771 1444 consecuta
803 1407 841 1442 in
870 1407 1000 1442 animo
1038 1404 1242 1441 audientis.
1283 1405 1353 1442 Res
1384 1410 1513 1442 autem

224 1461 518 1498 considerantur
528 1471 656 1507 perse,
676 1470 753 1495 non
768 1470 841 1506 per
860 1459 1049 1496 accidens.

271 1515 368 1550 VIII.
390 1514 654 1550 corollarium.
671 1512 837 1548 Intentio
857 1516 988 1547 autem
1009 1511 1161 1547 dicendi
1183 1512 1335 1556 falsum,
1361 1523 1427 1547 seu
1447 1513 1511 1548 sal-

224 1567 341 1611 lendi,
361 1571 487 1614 potest
507 1577 587 1602 esse
610 1571 692 1601 tum
713 1566 752 1600 in
772 1564 896 1600 verbis
921 1568 1003 1599 tum
1025 1565 1063 1599 in
1085 1564 1205 1600 factis.
1229 1564 1513 1611 Consequenter

225 1620 404 1657 illicitum
424 1624 480 1656 est
503 1619 658 1655 mentiri
681 1622 763 1653 tum
783 1617 906 1653 verbis
932 1621 1014 1652 tum
1040 1616 1162 1653 factis.
1184 1616 1424 1653 Mendacium
1445 1628 1514 1653 au-

225 1678 303 1709 tem
330 1674 369 1708 in
396 1673 631 1708 exteriorum
660 1671 779 1718 signis
803 1670 993 1707 factorum
1014 1670 1239 1714 consistens,
1263 1671 1441 1718 proprius
1463 1670 1515 1706 di-

224 1726 324 1762 citur
335 1725 548 1761 simulatio.
570 1744 615 1751 -
637 1724 742 1760 Idem
761 1723 967 1760 dicendum
985 1728 1042 1758 est
1056 1722 1102 1758 de
1120 1722 1331 1769 hypocrisi,
1355 1733 1441 1770 quae
1459 1729 1516 1760 est

224 1778 419 1814 simulatio
450 1788 526 1824 qua
554 1777 639 1824 quis
668 1777 751 1812 vult
775 1776 896 1812 videri
927 1775 1030 1823 quod
1061 1786 1138 1811 non
1169 1780 1239 1820 est,
1266 1786 1332 1812 seu
1358 1776 1517 1813 simulat

226 1841 429 1878 personam
465 1830 645 1874 alterius;
673 1830 771 1866 sicut
797 1839 886 1865 cum
920 1832 1097 1876 peccator
1128 1828 1285 1864 simulat
1311 1839 1514 1877 personam

220 1885 328 1931 justi.
352 1905 396 1909 —
414 1884 513 1928 11-11,
533 1883 602 1924 Qu.
620 1883 709 1927 CXI,
728 1883 843 1919 Artic.
862 1883 875 1917 I
895 1887 931 1917 et
950 1882 996 1917 11.

270 1938 332 1974 IX.
354 1937 438 1973 Alia
461 1937 588 1973 officia
610 1937 777 1973 hominis
803 1937 844 1972 in
869 1936 1075 1972 hominem.
1106 1936 1233 1971 Relate
1262 1945 1350 1971 vero
1371 1935 1419 1972 ad
1441 1936 1515 1972 alia

224 1991 351 2028 officia
371 1995 502 2026 nostra
517 2000 607 2038 erga
621 1991 842 2037 proximum
866 1993 1054 2033 nostrum,
1079 1999 1156 2024 non
1177 1992 1232 2024 est
1257 1989 1515 2024 necessarium

225 2049 266 2079 ut
276 2043 422 2089 aliquid
437 2042 638 2080 addamus.
657 2042 756 2079 Satis
771 2043 875 2078 enim
887 2045 1074 2088 apparent
1089 2052 1134 2076 ex
1149 2041 1209 2077 his
1222 2051 1308 2088 quae
1319 2041 1365 2077 de
1378 2041 1516 2078 officiis

225 2096 393 2133 hominis
411 2107 501 2143 erga
517 2096 686 2143 seipsum
704 2095 955 2132 disseruimus
971 2094 1086 2129 Artic.
1112 2095 1154 2129 36
1173 2098 1209 2129 et
1228 2096 1271 2129 37
1290 2104 1297 2129 ε
1315 2094 1456 2140 quibus
1484 2095 1516 2130 si

223 2148 342 2185 addas
371 2149 559 2196 principia
584 2149 723 2196 quibus
753 2153 886 2185 nostra
920 2151 1107 2194 reguntur
1134 2146 1261 2182 officia
1285 2157 1376 2193 erga
1401 2146 1514 2191 alios,

224 2202 330 2239 nullo
349 2203 503 2250 negotio
528 2201 831 2249 deprehenditur
850 2200 898 2237 ad
925 2200 1016 2247 quid
1038 2204 1074 2235 et
1101 2199 1148 2235 ad
1174 2204 1364 2246 quantum
1386 2203 1511 2235 tenea-

223 2264 325 2300 mur,
346 2255 423 2291 sive
444 2254 572 2291 officio
590 2255 773 2302 perfecto,
792 2255 870 2290 sive
890 2252 1127 2299 imperfecto.
