1554 2569
69 0 187 19 ’.Ἡ-,η’-
244 14 246 17 .

41 15 101 33 &¹⁴
126 17 133 22 ,.

241 0 246 6 ’
278 0 351 10 ’““’“’
391 0 393 3 ⁴
444 3 446 7 '
488 0 523 15 ’-ι,’
578 0 597 19 ‘5
630 0 712 26 (ἲν-,δ’
745 0 843 13 -κῑῶψ
864 0 875 6 ““

115 101 160 134 5ὓ
186 109 316 135 ΕΤΗΧΕΑ
327 109 399 134 Lm.
410 109 450 134 11.
463 109 539 135 CAP.
553 108 580 134 1.
595 108 638 134 DE
646 108 792 134 ACTmus
806 108 943 134 HUMAN.
960 108 997 134 m
1007 106 1139 133 SEIPSIS
1152 104 1404 134 CONSIDERATIS

117 180 415 216 determinatum
448 191 560 227 opus,
591 190 667 216 non
698 179 1042 216 indeterminatum
1063 181 1100 214 et
1135 178 1403 215 abstractum.

116 232 217 268 unde
238 233 284 268 de
305 232 378 268 hoc
398 243 511 280 opere
527 232 779 268 determinato
798 232 1018 278 judicamus
1038 234 1170 268 utrum
1191 231 1336 267 bonum
1357 233 1404 267 sit

116 285 172 321 vel
206 285 354 320 malum
385 285 596 327 moraliter,
631 287 668 320 et
701 287 980 330 consequenter
1010 284 1321 331 prosequendum
1343 285 1404 320 vel

116 337 385 373 omittendum.
408 337 600 373 Judicium
630 339 760 372 autem
790 336 836 372 de
861 337 1082 372 veritatibus
1107 337 1404 384 particularibus

115 393 158 426 iit
175 401 242 437 per
256 390 555 438 applicationem
574 390 787 437 primorum
802 389 1076 436 principiorum
1092 390 1140 426 ad
1160 390 1264 437 ipsas
1280 400 1289 433 ;
1312 401 1403 437 ergo

111 443 303 488 judicium
327 443 374 479 de
393 443 580 490 singulari
603 442 788 490 operabili
816 445 872 478 est
896 443 1100 489 applicatio
1127 443 1400 490 principiorum

116 496 322 531 moralium
343 496 392 531 ad
412 496 540 543 ipsum
560 507 670 540 opus,
689 495 806 531 Actus
827 495 1048 539 intellectus,
1070 506 1143 541 quo
1162 495 1404 541 applicamus

114 548 316 594 principia
329 548 496 584 moralia
507 548 559 584 ad
562 547 822 595 judicandum
833 547 876 583 de
886 547 1105 583 moralitate
1113 547 1309 584 actionum
1318 558 1405 583 nos-

116 605 264 637 trarum
285 602 326 636 in
341 601 551 647 singulari,
568 601 707 636 dicitur
717 600 950 636 conscientia
962 611 975 636 .·
987 603 1142 647 sumpta
1155 600 1404 650 conscientia,

116 657 156 689 ut
177 656 294 700 patet,
310 654 348 689 in
369 653 650 700 significatione
672 653 819 688 diversa
841 664 863 688 a
884 653 1118 689 conscientia
1137 653 1405 701 psychologice

115 705 358 742 considerata
379 707 432 751 (L.
461 706 533 752 52).
562 706 668 743 Unde
689 716 775 741 eam
803 705 881 741 dixi
906 706 1182 742 conscientiam
1210 706 1404 742 moralem.

115 760 224 794 Patet
240 759 359 804 igitur
378 758 653 794 conscientiam
674 758 863 794 moralem
884 768 967 794 esse
987 758 1273 794 conclusionem
1295 758 1401 805 syllo-

117 812 227 858 gismi
251 811 421 858 practici.
443 810 660 847 Intellectus
677 811 777 846 enim
798 812 987 857 practicus
1015 810 1256 858 (synderesis)
1289 811 1402 847 dictat

115 864 344 910 principium
365 864 579 899 universale
602 874 609 898 ε
630 863 773 899 malum
786 868 838 899 est
852 863 1092 910 fuyz’endum.
1112 864 1221 900 Ratio
1239 864 1403 911 practica

115 922 215 963 (quae
240 920 298 951 est
318 916 364 952 de
384 915 704 961 conclusionibus)
728 916 847 952 dictat
867 926 875 951 :
893 916 1043 962 furtum
1058 921 1112 952 est
1129 916 1284 952 malum.
1306 917 1405 952 Con—

115 969 276 1004 scientia
292 979 380 1004 vcro
395 968 589 1005 concludit
610 978 721 1014 :erqo
742 978 818 1004 non
839 967 924 1005 licet
940 968 1094 1014 auferre
1110 979 1206 1005 minc
1224 979 1302 1004 rem
1314 968 1406 1004 alie-

114 1031 217 1065 nam,
238 1031 325 1067 quae
347 1020 489 1056 ablatio
508 1025 565 1056 est
582 1020 739 1056 furtum.
762 1040 807 1046 -
827 1021 935 1056 Patet
956 1021 1115 1068 insuper
1133 1021 1405 1057 conscientiam

115 1083 197 1109 esse
231 1073 476 1120 principium,
508 1083 574 1108 seu
600 1072 773 1119 regulam
806 1073 1025 1119 proximam
1054 1072 1263 1108 dictantem
1295 1073 1405 1109 boni-

115 1128 237 1161 tatem
261 1126 318 1161 vel
344 1125 532 1161 malitiam
570 1128 792 1161 nostrarum
826 1125 1036 1169 actionum,
1075 1136 1160 1172 quoe
1193 1128 1282 1161 sunt
1307 1136 1406 1161 sem-

115 1189 183 1225 per
200 1178 239 1213 in
260 1177 470 1222 individuo,
499 1180 688 1224 quatenus
713 1177 882 1223 applicat
910 1177 1134 1213 immediate
1161 1177 1210 1213 ad
1239 1177 1406 1213 actiones

115 1230 329 1266 individuas
355 1230 545 1277 principia
573 1229 819 1273 universalia,
851 1234 893 1265 ut
915 1229 953 1265 in
984 1230 1160 1275 exemplo
1189 1229 1315 1266 videre
1335 1234 1405 1266 est.

161 1283 226 1318 111.
257 1283 358 1318 Nou
379 1284 406 1317 I.
430 1282 680 1318 conscientiae
705 1291 878 1318 munera.
902 1282 996 1318 Hinc
1021 1282 1291 1328 intelliguntur
1319 1293 1407 1317 mu-

114 1346 207 1370 nera
220 1345 304 1382 quae
316 1335 560 1371 conscientiae
572 1335 1070 1379 communitertribuuntur,
1083 1345 1220 1380 nempe
1230 1334 1406 1381 testifica-

113 1388 165 1432 ri,
186 1387 321 1433 liyare,
340 1387 397 1422 vel
412 1387 614 1433 instiyare,
632 1388 829 1423 autetiam
846 1397 1039 1430 excusare,
1052 1387 1110 1422 vel
1127 1397 1323 1431 accusare,
1340 1398 1407 1423 seu

113 1440 337 1476 remordere.
353 1440 438 1475 Haec
451 1440 553 1474 enim
574 1439 707 1475 omnia
720 1443 1008 1485 consequuntur
1019 1439 1319 1485 applicationem
1336 1439 1407 1476 ali-

113 1493 222 1539 cujus
239 1495 381 1528 nostrae
400 1491 628 1539 cognitionis
643 1491 701 1528 vel
716 1491 883 1527 scientiae
903 1491 951 1527 ad
970 1502 1015 1527 ea
1029 1502 1115 1539 quae
1131 1492 1296 1539 agimus,
1309 1503 1406 1539 quo-

114 1546 186 1581 ties
206 1545 370 1592 agimus.
391 1558 407 1577 ‹
431 1545 522 1587 Quae
543 1544 701 1590 quidem
722 1544 947 1591 applicatio,
962 1544 1088 1591 inquit
1107 1544 1143 1582 S.
1166 1544 1349 1590 Thomas,
1365 1546 1407 1580 fit

113 1598 327 1644 tripliciter.
348 1597 428 1634 Uno
441 1596 572 1639 modo,
589 1596 801 1632 secundum
815 1596 916 1643 quod
930 1597 1243 1643 recognoscimus
1260 1596 1406 1644 aliquid

115 1660 184 1685 nos
205 1649 337 1685 fecisse
349 1649 407 1684 vel
425 1659 501 1684 non
521 1648 669 1692 secisse,
685 1648 1001 1685 secundumillud
1017 1650 1113 1686 Eccl.
1133 1650 1210 1694 Vll,
1231 1650 1275 1685 23
1298 1649 1408 1686 :Scit

114 1702 348 1738 conscientia
365 1706 431 1737 tua
456 1702 550 1748 quia
566 1706 599 1737 et
616 1706 656 1737 tu
673 1700 805 1737 crebro
825 1701 1061 1737 maledixisti
1080 1701 1189 1737 aliis.
1212 1703 1255 1736 Et
1275 1712 1420 1738 secun--

114 1755 207 1790 dum
222 1753 295 1790 hoc
308 1754 541 1789 conscientia
559 1753 699 1789 dicitur
716 1753 932 1800 testificari.
948 1754 1031 1790 Alio
1046 1754 1163 1789 modo
1177 1754 1404 1801 applicatur,

115 1807 322 1843 secundum
340 1806 443 1853 quod
461 1817 528 1853 per
549 1811 720 1842 nostram
737 1806 1013 1842 conscientiam
1027 1806 1248 1852 judicamus
1260 1807 1406 1853 aliquid

116 1870 196 1896 esse
216 1859 434 1895 faciendum
446 1858 502 1894 vel
522 1869 597 1895 non
616 1859 834 1894 faciendum
853 1868 863 1902 ς
884 1863 921 1894 et
942 1859 1154 1895 secundum
1174 1859 1247 1895 hoc
1267 1858 1410 1895 dicitur

116 1911 346 1948 conscicntia
360 1911 482 1958 lz'yare
493 1911 550 1947 vel
565 1911 765 1958 instiqar'e.
781 1911 905 1947 Tertio
918 1911 1035 1947 modo
1051 1912 1267 1959 applicatur
1278 1922 1410 1948 secun·
1454 1916 1459 1918 ”

112 1966 208 2002 dum
226 1964 330 2011 quod
351 1975 419 2010 per
446 1964 719 2000 conscientiam
741 1964 975 2010 judicamus,
1000 1964 1104 2010 quod
1131 1964 1277 2011 aliquid
1303 1965 1408 2011 quod

113 2021 171 2054 est
182 2016 340 2061 factum,
357 2017 406 2051 sit
418 2016 513 2052 bene
528 2017 670 2052 factum
686 2016 744 2052 vel
759 2027 835 2053 non
850 2016 1118 2052 benefactum.
1134 2018 1179 2051 Et
1195 2017 1408 2054 secundum

115 2071 186 2106 lioc
199 2069 435 2106 conscientia
450 2069 590 2105 dicitur
603 2079 796 2114 mensore,
815 2068 874 2105 vel
889 2079 1085 2113 accusare,
1102 2079 1168 2104 seu
1183 2069 1406 2105 remordere.

135 2142 157 2148 -
176 2123 288 2158 Patet
306 2125 436 2157 autem
455 2120 558 2167 quod
575 2122 705 2157 omnia
726 2121 809 2158 haec
825 2124 1114 2169 consequuntur
1134 2121 1324 2157 actualem
1343 2132 1407 2167 ap-

111 2174 363 2214 plicationem
397 2173 566 2209 scientim
587 2173 636 2209 ad
671 2184 717 2209 ea
745 2184 830 2220 quae
851 2173 1017 2220 agimus.
1048 2173 1150 2209 Unde
1173 2173 1324 2220 proprie
1355 2173 1410 2209 lo-

112 2226 276 2271 quendo,
301 2225 534 2261 conscientia
551 2226 728 2261 nominat
747 2229 888 2261 aetum.
911 2226 1008 2268 Quia
1024 2228 1153 2261 tamen
1175 2225 1331 2261 habitus
1352 2229 1409 2262 est

111 2279 346 2326 principium
367 2281 488 2322 actus,
507 2277 739 2324 quandoque
760 2287 901 2313 nomen
915 2277 1154 2314 conscientiae
1183 2277 1408 2314 attribuitur

111 2331 234 2379 primo
252 2330 407 2367 habitui
428 2329 606 2374 naturali,
635 2329 775 2366 scilicet
794 2329 1014 2378 synderesi;
1034 2329 1129 2366 sicut
1152 2330 1407 2371 Hieronymus
