1554 2569
110 126 177 162 108
197 136 418 162 Efficimus.
431 137 470 163 11.
484 136 563 161 CAP.
580 136 632 161 111.
645 135 688 160 DE
701 134 850 161 ACTIBUS
859 135 944 161 mm.
956 135 993 161 m
1007 135 1088 161 om).
1099 135 1157 162 An.
1173 136 1305 172 EORUM,
1316 137 1394 165 E‘rc.

155 209 215 245 IV.
236 209 312 244 Lex
321 208 512 244 naturalis
526 210 587 244 est
603 207 650 243 ab
666 207 878 243 intrinseco
894 207 1161 244 immutabilis.
1182 207 1248 243 Est
1261 213 1395 246 contra

111 260 409 297 Puffendoriium
441 260 611 306 aliosque
642 259 708 306 qui
738 258 979 295 honestatem
1017 259 1075 296 vel
1113 259 1395 308 turpitudinem

110 312 296 349 moralem
322 313 517 349 actionum
542 312 802 348 humanarum
828 311 981 347 nonnisi
1007 322 1029 348 a
1053 312 1173 348 libera
1197 312 1397 349 voluntate
1439 353 1442 356 ,

110 365 351 413 legislatoris,
373 364 446 401 hoc
474 368 530 400 est
546 374 569 400 a
598 364 680 411 lege
701 363 864 410 positiva
892 368 1070 411 repetunt
1097 366 1170 410 (10,
1192 364 1239 411 11)
1268 369 1304 401 et
1324 365 1397 401 hac

110 417 258 454 ratione
285 416 488 453 mutabilia
504 416 636 452 dicunt
655 416 774 463 ipsius
799 416 894 464 legis
914 416 1100 452 naturalis
1124 421 1329 465 praecepta.
1350 437 1397 443 —

108 471 340 506 Anteautem
351 469 618 517 probationem
633 468 1007 516 propositionisnota
1015 469 1118 516 quod
1135 470 1398 506 lemnaturalis

110 522 314 570 dupliciter
329 522 490 569 intelligi
507 526 632 569 potest
648 521 790 557 mutari
805 531 813 556 τ
832 532 908 557 uno
925 521 1041 558 modo
1053 533 1125 568 per
1139 522 1373 559 additionem
1382 534 1396 566 ,·

109 575 184 610 alio
204 574 320 610 modo
341 585 408 622 per
425 573 731 610 subtractionem.
754 573 873 609 Nemo
897 578 1011 621 negat
1031 574 1155 622 legem
1179 575 1395 611 naturalem

109 638 219 674 posse
238 627 380 663 mutari
400 627 525 673 primo
542 626 673 670 modo,
703 626 794 672 quia
818 626 942 662 multa
964 626 1075 662 utilia
1100 626 1282 663 humanae
1309 628 1397 663 vitae

109 679 241 716 addita
259 684 349 715 sunt
368 684 405 715 et
426 679 606 715 continue
632 678 841 714 adduntur.
863 678 1021 715 Mutatio
1046 689 1114 726 per
1132 679 1293 715 modum
1309 679 1397 716 sub-

110 732 314 768 tractionis
336 736 434 767 esset
453 731 608 778 quando
628 730 773 777 aliquid
795 731 985 767 desineret
1004 742 1084 768 esse
1110 731 1157 767 de
1183 732 1265 779 lege
1285 736 1396 767 natu-

110 784 195 829 mli,
215 784 318 831 quod
338 784 443 830 prius
472 783 543 819 fuit
563 783 774 819 secundum
800 783 925 831 legem
945 784 1173 829 naturalem,
1196 789 1238 820 ut
1261 785 1293 820 si
1311 785 1397 831 fur·

111 842 188 873 tum
223 840 388 872 cessaret
424 846 505 872 esse
545 835 705 871 malum.
752 836 855 872 Hanc
887 836 1099 872 secundum
1141 838 1396 873 mutationem

110 889 316 924 asserimus
335 899 414 924 esse
443 888 722 935 impossibilem
751 889 798 924 ab
823 888 1030 924 intrinseco
1047 888 1122 936 legi
1152 889 1330 926 naturali.
1352 889 1398 924 Et

110 941 308 989 probatur.
330 940 435 976 Idem
457 940 647 987 judicium
669 940 842 976 absolute
866 940 1065 976 ferendum
1085 945 1142 977 est
1165 941 1212 977 de
1231 941 1314 989 lege
1334 953 1397 978 na-

111 999 208 1029 turae
224 1004 268 1029 ac
284 993 330 1029 de
347 1003 475 1028 rerum
492 993 664 1028 essentiis
683 1004 691 1027 :
711 993 853 1028 etenim
872 992 933 1028 lex
954 997 1102 1029 naturae
1118 997 1175 1029 est
1192 993 1238 1029 de
1255 994 1329 1030 illis
1349 994 1397 1030 ad

111 1056 197 1092 quae
232 1057 292 1081 res
335 1045 479 1080 habent
516 1045 805 1080 inclinationem
848 1049 1146 1092 consequentem
1185 1046 1395 1092 [essentiam

110 1109 256 1134 earum.
279 1098 393 1143 Atqui
421 1098 596 1132 essentiae
620 1107 749 1132 rerum
779 1102 867 1132 sunt
896 1097 1157 1133 immutabiles
1189 1098 1235 1133 ab
1263 1098 1398 1133 intrin-

110 1161 195 1187 seco
213 1150 269 1195 (O.
298 1152 353 1195 10,
379 1150 454 1195 IV).
485 1149 584 1196 Ergo
608 1154 645 1185 et
671 1149 719 1185 ab
739 1149 946 1185 intrinseco
977 1154 1033 1185 est
1065 1150 1318 1186 immutabilis
1338 1150 1398 1186 lex

109 1207 272 1239 naturae.
290 1222 335 1227 —
355 1201 493 1237 Confer
512 1212 598 1248 quae
619 1201 721 1238 dicta
741 1206 830 1237 sunt
860 1203 932 1247 (10)
953 1206 1088 1237 contra
1107 1212 1171 1238 eos
1188 1203 1253 1249 qui
1274 1213 1399 1239 mora-

109 1257 259 1291 litatem
280 1255 455 1290 omnium
481 1253 740 1290 humanarum
769 1254 965 1290 actionum
994 1259 1173 1302 repetunt
1192 1265 1214 1291 a
1245 1256 1397 1291 criterio

110 1308 338 1343 extrinseco.
367 1327 411 1332 —
436 1307 614 1343 Attamen
643 1306 813 1354 intellige
839 1311 1011 1343 nostram
1037 1307 1321 1344 conclusionem
1352 1308 1398 1344 de

109 1361 190 1408 lege
206 1360 373 1395 naturali
393 1359 431 1394 in
455 1370 511 1404 se;
535 1370 625 1394 nam
649 1359 776 1405 quoad
803 1370 886 1404 nos,
905 1359 977 1395 hoc
997 1364 1053 1395 est
1071 1359 1288 1406 subjective,
1315 1370 1398 1395 mu-

111 1413 247 1448 tationi
273 1416 400 1458 potest
419 1411 627 1458 subjacere,
650 1422 694 1447 eo
720 1412 837 1447 modo
865 1423 940 1458 quo
971 1411 1139 1448 diximus
1156 1423 1272 1461 supra
1289 1423 1326 1449 n.
1346 1413 1395 1448 111

110 1476 194 1503 eam
211 1475 322 1514 posse
339 1475 361 1501 a
378 1464 557 1501 cordibus
575 1464 778 1500 hominum
799 1465 956 1500 aboleri.

508 1580 766 1616 ARTICULUS
793 1579 1008 1622 QUARTUS

732 1663 790 1705 25)

573 1741 629 1778 De
653 1742 728 1788 leye
752 1741 936 1788 positiva.

155 1826 182 1861 Ι.
200 1825 313 1862 Notio
324 1824 421 1871 legis
435 1825 628 1870 positivae.
648 1825 723 1859 Lex
735 1824 897 1871 positiva
914 1823 988 1860 dici
1000 1826 1100 1860 recte
1116 1826 1244 1871 potest
1263 1835 1271 1860 ε
1291 1825 1397 1861 Orda-

107 1878 214 1913 natio
225 1877 653 1914 rationisdeterminans
666 1876 960 1912 indeterminata
974 1886 998 1912 a
1011 1876 1244 1923 leyenaturoe
1262 1882 1294 1913 et
1311 1877 1401 1914 huic

107 1940 285 1975 consona,
295 1930 346 1965 ad
357 1929 492 1966 bonum
508 1940 711 1973 commune,
729 1928 778 1964 ab
793 1939 834 1964 eo
848 1929 917 1975 qui
928 1939 1061 1965 curam
1075 1928 1186 1964 habet
1199 1930 1401 1965 communi-

109 1983 198 2018 tatis
213 1982 475 2028 promulgata.
490 2002 534 2007 —
553 1982 629 2017 Lex
646 1982 749 2017 enim
768 1981 931 2028 positiva
950 1981 1100 2027 utlegis
1121 1986 1301 2017 naturam
1322 1992 1401 2029 prae

108 2046 147 2070 se
166 2034 274 2078 serat,
308 2044 352 2069 ea
372 2044 459 2080 quae
485 2038 575 2069 sunt
595 2033 641 2069 de
670 2033 764 2080 legis
796 2033 946 2069 ratione
975 2032 1116 2068 habere
1146 2032 1260 2069 debet
1282 2033 1402 2069 :hinc

108 2087 349 2133 explicantur
388 2086 588 2133 particulae
623 2086 760 2134 positae
791 2086 831 2121 in
860 2085 944 2132 ejus
976 2085 1213 2130 definitione,
1247 2096 1399 2132 nempe,

107 2139 305 2175 ordinatio
331 2139 499 2174 rationis
519 2138 567 2174 ab
590 2138 725 2174 bonum
741 2148 944 2182 commune,
969 2137 1017 2173 ab
1034 2148 1087 2173 co.
1109 2142 1181 2173 etc.
1202 2137 1294 2173 Aliae
1313 2149 1400 2174 vero

107 2190 304 2238 particulae
321 2190 577 2226 determinans
608 2191 903 2227 indeterminata
925 2200 951 2226 a
974 2189 1050 2236 leye
1075 2195 1227 2226 naturoe
1253 2195 1287 2226 et
1311 2191 1400 2227 huic

107 2253 286 2287 consona,
317 2242 543 2289 exprimunt
563 2242 822 2278 differentiam
851 2242 946 2290 legis
973 2242 1148 2289 positivae
1167 2252 1190 2277 a
1213 2242 1298 2289 lege
1319 2247 1400 2278 tum

107 2300 248 2331 oeterna
280 2298 363 2330 tum
391 2294 581 2331 naturali.
607 2295 682 2330 Lex
711 2296 814 2330 enim
847 2298 995 2330 naturae
1037 2293 1217 2341 quaedam
1238 2294 1400 2332 indeter-

108 2348 254 2383 minate
274 2346 503 2394 praescribit,
525 2351 568 2382 ut
590 2351 696 2394 puta,
716 2345 818 2394 quod
841 2348 910 2394 qui
925 2346 1275 2394 peccatpuniatur·t
1296 2346 1398 2394 quod
