<?xml version="1.0" encoding="UTF-8"?>
<!DOCTYPE html PUBLIC "-//W3C//DTD XHTML 1.0 Transitional//EN"
    "http://www.w3.org/TR/xhtml1/DTD/xhtml1-transitional.dtd">
<html xmlns="http://www.w3.org/1999/xhtml" xml:lang="en" lang="en">
 <head>
  <title>
</title>
<meta http-equiv="Content-Type" content="text/html;charset=utf-8" />
  <meta name='ocr-system' content='tesseract 3.04.00' />
  <meta name='ocr-capabilities' content='ocr_page ocr_carea ocr_par ocr_line ocrx_word'/>
</head>
<body>
  <div class='ocr_page' id='page_1' title='image "./summaphilosophic03zigluoft_0161.png"; bbox 0 0 1584 2569; ppageno 0'>
   <div class='ocr_carea' id='block_1_1' title="bbox 469 97 1429 135">
    <p class='ocr_par' dir='ltr' id='par_1_1' title="bbox 469 97 1429 135">
     <span class='ocr_line' id='line_1_1' title="bbox 469 97 1429 135; baseline -0.004 0"><span class='ocrx_word' id='word_1_1' title='bbox 469 110 548 135; x_wconf 69' lang='lat' dir='ltr'>mr.</span> <span class='ocrx_word' id='word_1_2' title='bbox 565 110 620 135; x_wconf 83' lang='lat'>111.</span> <span class='ocrx_word' id='word_1_3' title='bbox 647 109 692 135; x_wconf 73' lang='lat' dir='ltr'>ne</span> <span class='ocrx_word' id='word_1_4' title='bbox 711 108 904 135; x_wconf 61' lang='lat' dir='ltr'>nnuc-nour.</span> <span class='ocrx_word' id='word_1_5' title='bbox 922 107 1112 134; x_wconf 76' lang='lat' dir='ltr'>ExTEmom</span> <span class='ocrx_word' id='word_1_6' title='bbox 1369 97 1429 131; x_wconf 74' lang='lat'>¹²51</span> 
     </span>
    </p>
   </div>
   <div class='ocr_carea' id='block_1_2' title="bbox 141 173 1434 961">
    <p class='ocr_par' dir='ltr' id='par_1_2' title="bbox 145 173 1433 485">
     <span class='ocr_line' id='line_1_2' title="bbox 147 173 1433 224; baseline -0.004 -12"><span class='ocrx_word' id='word_1_7' title='bbox 147 186 225 212; x_wconf 84' lang='lat' dir='ltr'>nes.</span> <span class='ocrx_word' id='word_1_8' title='bbox 261 176 357 212; x_wconf 84' lang='lat' dir='ltr'>Nam</span> <span class='ocrx_word' id='word_1_9' title='bbox 387 190 402 208; x_wconf 79' lang='grc' dir='ltr'>ι</span> <span class='ocrx_word' id='word_1_10' title='bbox 445 177 680 224; x_wconf 85' lang='lat' dir='ltr'>imaginibus</span> <span class='ocrx_word' id='word_1_11' title='bbox 716 188 794 212; x_wconf 89' lang='lat' dir='ltr'>non</span> <span class='ocrx_word' id='word_1_12' title='bbox 831 175 1035 211; x_wconf 78' lang='lat' dir='ltr'>exhibetur</span> <span class='ocrx_word' id='word_1_13' title='bbox 1077 174 1274 221; x_wconf 86' lang='lat' dir='ltr'>religionis</span> <span class='ocrx_word' id='word_1_14' title='bbox 1308 173 1433 208; x_wconf 77' lang='lat' dir='ltr'>cultus</span> 
     </span>
     <span class='ocr_line' id='line_1_3' title="bbox 146 225 1430 276; baseline -0.003 -12"><span class='ocrx_word' id='word_1_15' title='bbox 146 227 357 264; x_wconf 91' lang='lat' dir='ltr'>secundum</span> <span class='ocrx_word' id='word_1_16' title='bbox 375 228 479 275; x_wconf 89' lang='lat' dir='ltr'>quod</span> <span class='ocrx_word' id='word_1_17' title='bbox 500 230 537 264; x_wconf 91' lang='lat' dir='ltr'>in</span> <span class='ocrx_word' id='word_1_18' title='bbox 559 230 692 276; x_wconf 88' lang='lat' dir='ltr'>seipsis</span> <span class='ocrx_word' id='word_1_19' title='bbox 708 228 1012 272; x_wconf 87' lang='lat' dir='ltr'>considerantur,</span> <span class='ocrx_word' id='word_1_20' title='bbox 1031 227 1141 274; x_wconf 88' lang='lat' dir='ltr'>quasi</span> <span class='ocrx_word' id='word_1_21' title='bbox 1152 237 1211 263; x_wconf 91' lang='lat' dir='ltr'>res</span> <span class='ocrx_word' id='word_1_22' title='bbox 1226 225 1405 273; x_wconf 82' lang='lat' dir='ltr'>quaedam</span> <span class='ocrx_word' id='word_1_23' title='bbox 1421 237 1430 270; x_wconf 89' lang='lat'>;</span> 
     </span>
     <span class='ocr_line' id='line_1_4' title="bbox 146 279 1432 330; baseline -0.004 -13"><span class='ocrx_word' id='word_1_24' title='bbox 146 281 212 317; x_wconf 89' lang='lat' dir='ltr'>sed</span> <span class='ocrx_word' id='word_1_25' title='bbox 232 281 443 318; x_wconf 82' lang='lat' dir='ltr'>secundum</span> <span class='ocrx_word' id='word_1_26' title='bbox 464 282 568 328; x_wconf 90' lang='lat' dir='ltr'>quod</span> <span class='ocrx_word' id='word_1_27' title='bbox 586 287 676 319; x_wconf 90' lang='lat' dir='ltr'>sunt</span> <span class='ocrx_word' id='word_1_28' title='bbox 697 282 885 330; x_wconf 86' lang='lat' dir='ltr'>imagines</span> <span class='ocrx_word' id='word_1_29' title='bbox 904 280 1087 317; x_wconf 84' lang='lat' dir='ltr'>ducentes</span> <span class='ocrx_word' id='word_1_30' title='bbox 1111 280 1149 315; x_wconf 93' lang='lat' dir='ltr'>in</span> <span class='ocrx_word' id='word_1_31' title='bbox 1169 279 1291 315; x_wconf 90' lang='lat' dir='ltr'>Deum</span> <span class='ocrx_word' id='word_1_32' title='bbox 1312 279 1432 313; x_wconf 89' lang='lat' dir='ltr'>incar-</span> 
     </span>
     <span class='ocr_line' id='line_1_5' title="bbox 146 332 1430 382; baseline -0.003 -13"><span class='ocrx_word' id='word_1_33' title='bbox 146 338 295 370; x_wconf 86' lang='lat' dir='ltr'>natum.</span> <span class='ocrx_word' id='word_1_34' title='bbox 317 334 440 370; x_wconf 87' lang='lat' dir='ltr'>Motus</span> <span class='ocrx_word' id='word_1_35' title='bbox 457 338 587 371; x_wconf 87' lang='lat' dir='ltr'>autem</span> <span class='ocrx_word' id='word_1_36' title='bbox 611 335 677 382; x_wconf 89' lang='lat' dir='ltr'>qui</span> <span class='ocrx_word' id='word_1_37' title='bbox 701 339 757 371; x_wconf 87' lang='lat' dir='ltr'>est</span> <span class='ocrx_word' id='word_1_38' title='bbox 774 335 812 370; x_wconf 94' lang='lat' dir='ltr'>in</span> <span class='ocrx_word' id='word_1_39' title='bbox 834 334 1057 381; x_wconf 80' lang='lat' dir='ltr'>imaginem,</span> <span class='ocrx_word' id='word_1_40' title='bbox 1077 336 1192 380; x_wconf 88' lang='lat' dir='ltr'>prout</span> <span class='ocrx_word' id='word_1_41' title='bbox 1212 335 1268 367; x_wconf 88' lang='lat' dir='ltr'>est</span> <span class='ocrx_word' id='word_1_42' title='bbox 1288 332 1430 378; x_wconf 82' lang='lat' dir='ltr'>imago,</span> 
     </span>
     <span class='ocr_line' id='line_1_6' title="bbox 145 384 1433 434; baseline -0.003 -12"><span class='ocrx_word' id='word_1_43' title='bbox 145 396 222 422; x_wconf 93' lang='lat' dir='ltr'>non</span> <span class='ocrx_word' id='word_1_44' title='bbox 246 387 422 423; x_wconf 83' lang='lat' dir='ltr'>consistit</span> <span class='ocrx_word' id='word_1_45' title='bbox 442 387 479 422; x_wconf 92' lang='lat' dir='ltr'>in</span> <span class='ocrx_word' id='word_1_46' title='bbox 504 387 598 434; x_wconf 89' lang='lat' dir='ltr'>ipsa,</span> <span class='ocrx_word' id='word_1_47' title='bbox 624 387 689 423; x_wconf 91' lang='lat' dir='ltr'>sed</span> <span class='ocrx_word' id='word_1_48' title='bbox 708 386 828 423; x_wconf 89' lang='lat' dir='ltr'>tendit</span> <span class='ocrx_word' id='word_1_49' title='bbox 849 386 944 423; x_wconf 88' lang='lat' dir='ltr'>inid</span> <span class='ocrx_word' id='word_1_50' title='bbox 968 387 1077 432; x_wconf 85' lang='lat' dir='ltr'>cujus</span> <span class='ocrx_word' id='word_1_51' title='bbox 1104 388 1160 421; x_wconf 86' lang='lat' dir='ltr'>est</span> <span class='ocrx_word' id='word_1_52' title='bbox 1180 384 1322 431; x_wconf 82' lang='lat' dir='ltr'>imago.</span> <span class='ocrx_word' id='word_1_53' title='bbox 1349 397 1363 415; x_wconf 88' lang='lat'><strong>›</strong></span> <span class='ocrx_word' id='word_1_54' title='bbox 1389 403 1433 408; x_wconf 93' lang='lat'>—</span> 
     </span>
     <span class='ocr_line' id='line_1_7' title="bbox 146 438 852 485; baseline 0.004 -12"><span class='ocrx_word' id='word_1_55' title='bbox 146 438 242 483; x_wconf 90' lang='lat'>11-11‚</span> <span class='ocrx_word' id='word_1_56' title='bbox 258 438 328 480; x_wconf 89' lang='lat' dir='ltr'>Qu.</span> <span class='ocrx_word' id='word_1_57' title='bbox 350 439 503 484; x_wconf 89' lang='lat' dir='ltr'>LXXXI,</span> <span class='ocrx_word' id='word_1_58' title='bbox 525 441 640 477; x_wconf 88' lang='lat' dir='ltr'>Artic.</span> <span class='ocrx_word' id='word_1_59' title='bbox 665 440 729 485; x_wconf 93' lang='lat' dir='ltr'>III,</span> <span class='ocrx_word' id='word_1_60' title='bbox 749 440 797 476; x_wconf 91' lang='lat' dir='ltr'>ad</span> <span class='ocrx_word' id='word_1_61' title='bbox 818 441 852 476; x_wconf 85' lang='lat'>3.</span> 
     </span>
    </p>

    <p class='ocr_par' dir='ltr' id='par_1_3' title="bbox 141 491 1433 697">
     <span class='ocr_line' id='line_1_8' title="bbox 194 491 1433 540; baseline -0.002 -12"><span class='ocrx_word' id='word_1_62' title='bbox 194 491 364 539; x_wconf 78' lang='lat' dir='ltr'>objectio</span> <span class='ocrx_word' id='word_1_63' title='bbox 395 498 547 539; x_wconf 81' lang='lat' dir='ltr'>quarta.</span> <span class='ocrx_word' id='word_1_64' title='bbox 577 493 629 530; x_wconf 88' lang='lat' dir='ltr'>Ea</span> <span class='ocrx_word' id='word_1_65' title='bbox 655 504 740 540; x_wconf 82' lang='lat' dir='ltr'>quae</span> <span class='ocrx_word' id='word_1_66' title='bbox 764 492 813 529; x_wconf 90' lang='lat' dir='ltr'>ad</span> <span class='ocrx_word' id='word_1_67' title='bbox 839 492 985 531; x_wconf 87' lang='lat' dir='ltr'>cultum</span> <span class='ocrx_word' id='word_1_68' title='bbox 1009 497 1211 528; x_wconf 84' lang='lat' dir='ltr'>externum</span> <span class='ocrx_word' id='word_1_69' title='bbox 1241 491 1433 538; x_wconf 87' lang='lat' dir='ltr'>pertinent</span> 
     </span>
     <span class='ocr_line' id='line_1_9' title="bbox 144 543 1432 592; baseline -0.002 -12"><span class='ocrx_word' id='word_1_70' title='bbox 144 555 223 580; x_wconf 92' lang='lat' dir='ltr'>non</span> <span class='ocrx_word' id='word_1_71' title='bbox 249 549 339 581; x_wconf 91' lang='lat' dir='ltr'>sunt</span> <span class='ocrx_word' id='word_1_72' title='bbox 361 544 407 581; x_wconf 91' lang='lat' dir='ltr'>de</span> <span class='ocrx_word' id='word_1_73' title='bbox 434 545 641 582; x_wconf 82' lang='lat' dir='ltr'>dictamine</span> <span class='ocrx_word' id='word_1_74' title='bbox 671 546 832 582; x_wconf 84' lang='lat' dir='ltr'>rationis</span> <span class='ocrx_word' id='word_1_75' title='bbox 855 545 1062 591; x_wconf 86' lang='lat' dir='ltr'>naturalis;</span> <span class='ocrx_word' id='word_1_76' title='bbox 1092 555 1182 592; x_wconf 85' lang='lat' dir='ltr'>ergo</span> <span class='ocrx_word' id='word_1_77' title='bbox 1206 554 1329 590; x_wconf 90' lang='lat' dir='ltr'>neque</span> <span class='ocrx_word' id='word_1_78' title='bbox 1352 543 1432 589; x_wconf 88' lang='lat' dir='ltr'>ipse</span> 
     </span>
     <span class='ocr_line' id='line_1_10' title="bbox 145 595 1433 641; baseline -0.002 -8"><span class='ocrx_word' id='word_1_79' title='bbox 145 597 270 633; x_wconf 89' lang='lat' dir='ltr'>cultus</span> <span class='ocrx_word' id='word_1_80' title='bbox 293 601 472 634; x_wconf 83' lang='lat' dir='ltr'>externus</span> <span class='ocrx_word' id='word_1_81' title='bbox 499 603 556 635; x_wconf 92' lang='lat' dir='ltr'>est</span> <span class='ocrx_word' id='word_1_82' title='bbox 584 598 629 634; x_wconf 91' lang='lat' dir='ltr'>de</span> <span class='ocrx_word' id='word_1_83' title='bbox 654 598 862 634; x_wconf 84' lang='lat' dir='ltr'>dictamine</span> <span class='ocrx_word' id='word_1_84' title='bbox 885 598 1045 634; x_wconf 88' lang='lat' dir='ltr'>rationis</span> <span class='ocrx_word' id='word_1_85' title='bbox 1069 597 1270 641; x_wconf 86' lang='lat' dir='ltr'>naturalis,</span> <span class='ocrx_word' id='word_1_86' title='bbox 1295 606 1361 631; x_wconf 89' lang='lat' dir='ltr'>seu</span> <span class='ocrx_word' id='word_1_87' title='bbox 1387 595 1433 631; x_wconf 88' lang='lat' dir='ltr'>de</span> 
     </span>
     <span class='ocr_line' id='line_1_11' title="bbox 141 651 407 697; baseline 0.008 -12"><span class='ocrx_word' id='word_1_88' title='bbox 141 651 228 697; x_wconf 85' lang='lat' dir='ltr'>jure</span> <span class='ocrx_word' id='word_1_89' title='bbox 245 655 407 687; x_wconf 82' lang='lat' dir='ltr'>naturae.</span> 
     </span>
    </p>

    <p class='ocr_par' dir='ltr' id='par_1_4' title="bbox 144 703 1434 961">
     <span class='ocr_line' id='line_1_12' title="bbox 190 703 1432 752; baseline -0.002 -12"><span class='ocrx_word' id='word_1_90' title='bbox 190 703 300 750; x_wconf 76' lang='lat' dir='ltr'>Resp.</span> <span class='ocrx_word' id='word_1_91' title='bbox 317 704 517 752; x_wconf 84' lang='lat' dir='ltr'>Distinguo</span> <span class='ocrx_word' id='word_1_92' title='bbox 538 705 756 742; x_wconf 78' lang='lat' dir='ltr'>antecedens</span> <span class='ocrx_word' id='word_1_93' title='bbox 773 717 785 741; x_wconf 87' lang='lat'>.·</span> <span class='ocrx_word' id='word_1_94' title='bbox 806 706 897 746; x_wconf 65' lang='lat' dir='ltr'>Qua}</span> <span class='ocrx_word' id='word_1_95' title='bbox 909 705 957 741; x_wconf 90' lang='lat' dir='ltr'>ad</span> <span class='ocrx_word' id='word_1_96' title='bbox 969 704 1115 741; x_wconf 92' lang='lat' dir='ltr'>cultum</span> <span class='ocrx_word' id='word_1_97' title='bbox 1132 708 1334 739; x_wconf 86' lang='lat' dir='ltr'>externum</span> <span class='ocrx_word' id='word_1_98' title='bbox 1353 713 1432 749; x_wconf 90' lang='lat' dir='ltr'>per-</span> 
     </span>
     <span class='ocr_line' id='line_1_13' title="bbox 147 755 1431 801; baseline 0.001 -11"><span class='ocrx_word' id='word_1_99' title='bbox 147 756 269 793; x_wconf 79' lang='lat' dir='ltr'>tinent</span> <span class='ocrx_word' id='word_1_100' title='bbox 289 767 366 793; x_wconf 89' lang='lat' dir='ltr'>non</span> <span class='ocrx_word' id='word_1_101' title='bbox 389 762 478 793; x_wconf 88' lang='lat' dir='ltr'>sunt</span> <span class='ocrx_word' id='word_1_102' title='bbox 504 757 749 795; x_wconf 74' lang='lat' dir='ltr'>determinate</span> <span class='ocrx_word' id='word_1_103' title='bbox 769 769 791 794; x_wconf 89' lang='lat' dir='ltr'>a</span> <span class='ocrx_word' id='word_1_104' title='bbox 808 757 1015 794; x_wconf 83' lang='lat' dir='ltr'>dictamine</span> <span class='ocrx_word' id='word_1_105' title='bbox 1042 758 1215 801; x_wconf 89' lang='lat' dir='ltr'>rationis,</span> <span class='ocrx_word' id='word_1_106' title='bbox 1245 755 1403 792; x_wconf 77' lang='lat' dir='ltr'>concedo</span> <span class='ocrx_word' id='word_1_107' title='bbox 1422 767 1431 800; x_wconf 83' lang='lat'><em>3</em></span> 
     </span>
     <span class='ocr_line' id='line_1_14' title="bbox 146 808 1434 858; baseline -0.001 -14"><span class='ocrx_word' id='word_1_108' title='bbox 146 809 446 855; x_wconf 79' lang='lat' dir='ltr'>z‘ndetermznate,</span> <span class='ocrx_word' id='word_1_109' title='bbox 468 820 575 858; x_wconf 77' lang='lat' dir='ltr'>neqo.</span> <span class='ocrx_word' id='word_1_110' title='bbox 592 831 637 837; x_wconf 90' lang='lat'><em>-</em></span> <span class='ocrx_word' id='word_1_111' title='bbox 659 825 674 844; x_wconf 87' lang='lat'><strong>‹</strong></span> <span class='ocrx_word' id='word_1_112' title='bbox 699 811 749 847; x_wconf 88' lang='lat' dir='ltr'>De</span> <span class='ocrx_word' id='word_1_113' title='bbox 771 810 977 847; x_wconf 89' lang='lat' dir='ltr'>dictamine</span> <span class='ocrx_word' id='word_1_114' title='bbox 997 811 1158 846; x_wconf 89' lang='lat' dir='ltr'>rationis</span> <span class='ocrx_word' id='word_1_115' title='bbox 1174 808 1360 845; x_wconf 90' lang='lat' dir='ltr'>naturalis</span> <span class='ocrx_word' id='word_1_116' title='bbox 1377 813 1434 844; x_wconf 91' lang='lat' dir='ltr'>est</span> 
     </span>
     <span class='ocr_line' id='line_1_15' title="bbox 144 861 1433 909; baseline -0.001 -12"><span class='ocrx_word' id='word_1_117' title='bbox 144 861 248 908; x_wconf 86' lang='lat' dir='ltr'>quod</span> <span class='ocrx_word' id='word_1_118' title='bbox 269 861 386 899; x_wconf 90' lang='lat' dir='ltr'>homo</span> <span class='ocrx_word' id='word_1_119' title='bbox 408 861 536 909; x_wconf 87' lang='lat' dir='ltr'>aliqua</span> <span class='ocrx_word' id='word_1_120' title='bbox 558 863 670 900; x_wconf 77' lang='lat' dir='ltr'>saciat</span> <span class='ocrx_word' id='word_1_121' title='bbox 691 863 739 900; x_wconf 91' lang='lat' dir='ltr'>ad</span> <span class='ocrx_word' id='word_1_122' title='bbox 761 864 1014 901; x_wconf 83' lang='lat' dir='ltr'>reverentiam</span> <span class='ocrx_word' id='word_1_123' title='bbox 1032 863 1201 899; x_wconf 85' lang='lat' dir='ltr'>divinam</span> <span class='ocrx_word' id='word_1_124' title='bbox 1218 874 1227 908; x_wconf 81' lang='lat'>3</span> <span class='ocrx_word' id='word_1_125' title='bbox 1246 861 1311 898; x_wconf 87' lang='lat' dir='ltr'>sed</span> <span class='ocrx_word' id='word_1_126' title='bbox 1329 861 1433 908; x_wconf 90' lang='lat' dir='ltr'>quod</span> 
     </span>
     <span class='ocr_line' id='line_1_16' title="bbox 145 914 1433 961; baseline -0.001 -11"><span class='ocrx_word' id='word_1_127' title='bbox 145 914 227 951; x_wconf 79' lang='lat' dir='ltr'>haec</span> <span class='ocrx_word' id='word_1_128' title='bbox 249 914 492 951; x_wconf 81' lang='lat' dir='ltr'>determinate</span> <span class='ocrx_word' id='word_1_129' title='bbox 516 915 630 952; x_wconf 85' lang='lat' dir='ltr'>faciat</span> <span class='ocrx_word' id='word_1_130' title='bbox 653 916 712 952; x_wconf 90' lang='lat' dir='ltr'>vel</span> <span class='ocrx_word' id='word_1_131' title='bbox 735 917 812 961; x_wconf 86' lang='lat' dir='ltr'>illa,</span> <span class='ocrx_word' id='word_1_132' title='bbox 842 917 943 953; x_wconf 89' lang='lat' dir='ltr'>istud</span> <span class='ocrx_word' id='word_1_133' title='bbox 972 927 1048 953; x_wconf 90' lang='lat' dir='ltr'>non</span> <span class='ocrx_word' id='word_1_134' title='bbox 1072 920 1129 953; x_wconf 89' lang='lat' dir='ltr'>est</span> <span class='ocrx_word' id='word_1_135' title='bbox 1153 916 1198 952; x_wconf 92' lang='lat' dir='ltr'>de</span> <span class='ocrx_word' id='word_1_136' title='bbox 1227 915 1433 951; x_wconf 87' lang='lat' dir='ltr'>dictamine</span> 
     </span>
    </p>
   </div>
   <div class='ocr_carea' id='block_1_3' title="bbox 144 968 1430 1067">
    <p class='ocr_par' dir='ltr' id='par_1_5' title="bbox 144 968 1430 1067">
     <span class='ocr_line' id='line_1_17' title="bbox 144 968 1430 1016; baseline 0 -13"><span class='ocrx_word' id='word_1_137' title='bbox 144 968 304 1004; x_wconf 87' lang='lat' dir='ltr'>rationis</span> <span class='ocrx_word' id='word_1_138' title='bbox 325 968 524 1013; x_wconf 84' lang='lat' dir='ltr'>naturalis,</span> <span class='ocrx_word' id='word_1_139' title='bbox 546 969 612 1005; x_wconf 89' lang='lat' dir='ltr'>sed</span> <span class='ocrx_word' id='word_1_140' title='bbox 631 968 677 1005; x_wconf 91' lang='lat' dir='ltr'>de</span> <span class='ocrx_word' id='word_1_141' title='bbox 698 970 939 1006; x_wconf 88' lang='lat' dir='ltr'>institutione</span> <span class='ocrx_word' id='word_1_142' title='bbox 956 969 1055 1016; x_wconf 85' lang='lat' dir='ltr'>juris</span> <span class='ocrx_word' id='word_1_143' title='bbox 1076 969 1194 1005; x_wconf 87' lang='lat' dir='ltr'>divini</span> <span class='ocrx_word' id='word_1_144' title='bbox 1214 969 1273 1004; x_wconf 88' lang='lat' dir='ltr'>vel</span> <span class='ocrx_word' id='word_1_145' title='bbox 1297 968 1430 1003; x_wconf 87' lang='lat' dir='ltr'>huma-</span> 
     </span>
     <span class='ocr_line' id='line_1_18' title="bbox 144 1020 1004 1067; baseline 0.003 -12"><span class='ocrx_word' id='word_1_146' title='bbox 144 1020 196 1057; x_wconf 91' lang='lat' dir='ltr'>ni.</span> <span class='ocrx_word' id='word_1_147' title='bbox 216 1034 231 1054; x_wconf 79' lang='grc' dir='ltr'><strong>ι</strong></span> <span class='ocrx_word' id='word_1_148' title='bbox 253 1041 298 1048; x_wconf 94' lang='grc'>--</span> <span class='ocrx_word' id='word_1_149' title='bbox 319 1020 415 1065; x_wconf 89' lang='lat'>11-11,</span> <span class='ocrx_word' id='word_1_150' title='bbox 435 1021 504 1062; x_wconf 88' lang='lat' dir='ltr'>Qu.</span> <span class='ocrx_word' id='word_1_151' title='bbox 527 1021 680 1067; x_wconf 81' lang='lat' dir='ltr'>LXXXI,</span> <span class='ocrx_word' id='word_1_152' title='bbox 702 1023 816 1058; x_wconf 87' lang='lat' dir='ltr'>Artic.</span> <span class='ocrx_word' id='word_1_153' title='bbox 837 1022 882 1067; x_wconf 85' lang='lat'>11,</span> <span class='ocrx_word' id='word_1_154' title='bbox 905 1022 952 1058; x_wconf 90' lang='lat' dir='ltr'>ad</span> <span class='ocrx_word' id='word_1_155' title='bbox 972 1024 1004 1058; x_wconf 89' lang='lat'>3.</span> 
     </span>
    </p>
   </div>
   <div class='ocr_carea' id='block_1_4' title="bbox 302 1159 1272 1293">
    <p class='ocr_par' dir='ltr' id='par_1_6' title="bbox 302 1159 1272 1293">
     <span class='ocr_line' id='line_1_19' title="bbox 567 1159 1008 1200; baseline 0.005 -2"><span class='ocrx_word' id='word_1_156' title='bbox 567 1159 734 1200; x_wconf 81' lang='lat' dir='ltr'>CAPUT</span> <span class='ocrx_word' id='word_1_157' title='bbox 780 1160 1008 1200; x_wconf 84' lang='lat' dir='ltr'>TERTIUM</span> 
     </span>
     <span class='ocr_line' id='line_1_20' title="bbox 302 1261 1272 1293; baseline 0.002 -4"><span class='ocrx_word' id='word_1_158' title='bbox 302 1263 352 1290; x_wconf 73' lang='lat' dir='ltr'>nn</span> <span class='ocrx_word' id='word_1_159' title='bbox 371 1261 533 1290; x_wconf 59' lang='lat' dir='ltr'>oremus</span> <span class='ocrx_word' id='word_1_160' title='bbox 552 1264 772 1293; x_wconf 65' lang='lat' dir='ltr'>armemus</span> <span class='ocrx_word' id='word_1_161' title='bbox 798 1264 960 1293; x_wconf 65' lang='lat' dir='ltr'>nonnus</span> <span class='ocrx_word' id='word_1_162' title='bbox 981 1265 1087 1293; x_wconf 73' lang='lat' dir='ltr'><strong>ERGA</strong></span> <span class='ocrx_word' id='word_1_163' title='bbox 1109 1263 1272 1293; x_wconf 71' lang='lat' dir='ltr'>SEIPSUM</span> 
     </span>
    </p>
   </div>
   <div class='ocr_carea' id='block_1_5' title="bbox 139 1344 1434 2398">
    <p class='ocr_par' dir='ltr' id='par_1_7' title="bbox 139 1344 1434 2398">
     <span class='ocr_line' id='line_1_21' title="bbox 201 1344 1433 1392; baseline -0.003 -9"><span class='ocrx_word' id='word_1_164' title='bbox 201 1347 396 1392; x_wconf 69' lang='lat' dir='ltr'>Prologus.</span> <span class='ocrx_word' id='word_1_165' title='bbox 423 1348 514 1383; x_wconf 86' lang='lat' dir='ltr'>Post</span> <span class='ocrx_word' id='word_1_166' title='bbox 538 1346 883 1383; x_wconf 81' lang='lat' dir='ltr'>considerationem</span> <span class='ocrx_word' id='word_1_167' title='bbox 908 1346 1123 1383; x_wconf 81' lang='lat' dir='ltr'>officiorum</span> <span class='ocrx_word' id='word_1_168' title='bbox 1151 1344 1320 1382; x_wconf 89' lang='lat' dir='ltr'>hominis</span> <span class='ocrx_word' id='word_1_169' title='bbox 1344 1354 1433 1391; x_wconf 81' lang='lat' dir='ltr'>erga</span> 
     </span>
     <span class='ocr_line' id='line_1_22' title="bbox 144 1399 1433 1446; baseline -0.002 -11"><span class='ocrx_word' id='word_1_170' title='bbox 144 1400 279 1445; x_wconf 87' lang='lat' dir='ltr'>Deum,</span> <span class='ocrx_word' id='word_1_171' title='bbox 316 1400 595 1437; x_wconf 87' lang='lat' dir='ltr'>consideranda</span> <span class='ocrx_word' id='word_1_172' title='bbox 619 1403 708 1436; x_wconf 91' lang='lat' dir='ltr'>sunt</span> <span class='ocrx_word' id='word_1_173' title='bbox 734 1399 860 1435; x_wconf 86' lang='lat' dir='ltr'>officia</span> <span class='ocrx_word' id='word_1_174' title='bbox 886 1399 1054 1435; x_wconf 89' lang='lat' dir='ltr'>hominis</span> <span class='ocrx_word' id='word_1_175' title='bbox 1080 1409 1170 1446; x_wconf 88' lang='lat' dir='ltr'>erga</span> <span class='ocrx_word' id='word_1_176' title='bbox 1201 1399 1371 1445; x_wconf 89' lang='lat' dir='ltr'>seipsum</span> <span class='ocrx_word' id='word_1_177' title='bbox 1397 1402 1433 1433; x_wconf 83' lang='lat' dir='ltr'>et</span> 
     </span>
     <span class='ocr_line' id='line_1_23' title="bbox 142 1451 1431 1501; baseline -0.001 -14"><span class='ocrx_word' id='word_1_178' title='bbox 142 1452 232 1499; x_wconf 89' lang='lat' dir='ltr'>jura</span> <span class='ocrx_word' id='word_1_179' title='bbox 257 1462 343 1500; x_wconf 84' lang='lat' dir='ltr'>quae</span> <span class='ocrx_word' id='word_1_180' title='bbox 364 1464 411 1490; x_wconf 86' lang='lat' dir='ltr'>ex</span> <span class='ocrx_word' id='word_1_181' title='bbox 433 1453 525 1501; x_wconf 90' lang='lat' dir='ltr'>ipsis</span> <span class='ocrx_word' id='word_1_182' title='bbox 548 1453 684 1489; x_wconf 79' lang='lat' dir='ltr'>officiis</span> <span class='ocrx_word' id='word_1_183' title='bbox 703 1453 906 1498; x_wconf 82' lang='lat' dir='ltr'>oriuntur3</span> <span class='ocrx_word' id='word_1_184' title='bbox 934 1453 1025 1499; x_wconf 89' lang='lat' dir='ltr'>quia</span> <span class='ocrx_word' id='word_1_185' title='bbox 1049 1453 1155 1499; x_wconf 89' lang='lat' dir='ltr'>prius</span> <span class='ocrx_word' id='word_1_186' title='bbox 1183 1456 1239 1488; x_wconf 88' lang='lat' dir='ltr'>est</span> <span class='ocrx_word' id='word_1_187' title='bbox 1264 1451 1431 1488; x_wconf 89' lang='lat' dir='ltr'>conside-</span> 
     </span>
     <span class='ocr_line' id='line_1_24' title="bbox 145 1503 1433 1553; baseline 0 -14"><span class='ocrx_word' id='word_1_188' title='bbox 145 1515 228 1540; x_wconf 89' lang='lat' dir='ltr'>rare</span> <span class='ocrx_word' id='word_1_189' title='bbox 253 1505 455 1543; x_wconf 89' lang='lat' dir='ltr'>hominem</span> <span class='ocrx_word' id='word_1_190' title='bbox 482 1507 521 1542; x_wconf 87' lang='lat' dir='ltr'>in</span> <span class='ocrx_word' id='word_1_191' title='bbox 542 1517 595 1551; x_wconf 87' lang='lat' dir='ltr'>se,</span> <span class='ocrx_word' id='word_1_192' title='bbox 617 1515 733 1553; x_wconf 87' lang='lat' dir='ltr'>quam</span> <span class='ocrx_word' id='word_1_193' title='bbox 758 1505 867 1541; x_wconf 88' lang='lat' dir='ltr'>illum</span> <span class='ocrx_word' id='word_1_194' title='bbox 894 1505 1135 1542; x_wconf 87' lang='lat' dir='ltr'>considerare</span> <span class='ocrx_word' id='word_1_195' title='bbox 1162 1505 1201 1540; x_wconf 91' lang='lat' dir='ltr'>in</span> <span class='ocrx_word' id='word_1_196' title='bbox 1228 1504 1361 1541; x_wconf 89' lang='lat' dir='ltr'>ordine</span> <span class='ocrx_word' id='word_1_197' title='bbox 1385 1503 1433 1539; x_wconf 86' lang='lat' dir='ltr'>ad</span> 
     </span>
     <span class='ocr_line' id='line_1_25' title="bbox 144 1556 1433 1606; baseline -0.001 -14"><span class='ocrx_word' id='word_1_198' title='bbox 144 1557 263 1593; x_wconf 89' lang='lat' dir='ltr'>alium</span> <span class='ocrx_word' id='word_1_199' title='bbox 277 1557 490 1596; x_wconf 88' lang='lat' dir='ltr'>hominem.</span> <span class='ocrx_word' id='word_1_200' title='bbox 511 1559 639 1606; x_wconf 86' lang='lat' dir='ltr'>Neque</span> <span class='ocrx_word' id='word_1_201' title='bbox 661 1563 696 1595; x_wconf 88' lang='lat' dir='ltr'>te</span> <span class='ocrx_word' id='word_1_202' title='bbox 717 1564 870 1595; x_wconf 88' lang='lat' dir='ltr'>moveat</span> <span class='ocrx_word' id='word_1_203' title='bbox 890 1558 993 1606; x_wconf 86' lang='lat' dir='ltr'>quod</span> <span class='ocrx_word' id='word_1_204' title='bbox 1010 1559 1218 1605; x_wconf 84' lang='lat' dir='ltr'>loquamur</span> <span class='ocrx_word' id='word_1_205' title='bbox 1233 1557 1279 1593; x_wconf 92' lang='lat' dir='ltr'>de</span> <span class='ocrx_word' id='word_1_206' title='bbox 1298 1556 1433 1593; x_wconf 83' lang='lat' dir='ltr'>officiis</span> 
     </span>
     <span class='ocr_line' id='line_1_26' title="bbox 147 1609 1432 1659; baseline -0.001 -14"><span class='ocrx_word' id='word_1_207' title='bbox 147 1610 315 1647; x_wconf 90' lang='lat' dir='ltr'>hominis</span> <span class='ocrx_word' id='word_1_208' title='bbox 332 1622 424 1659; x_wconf 85' lang='lat' dir='ltr'>erga</span> <span class='ocrx_word' id='word_1_209' title='bbox 436 1612 620 1659; x_wconf 89' lang='lat' dir='ltr'>seipsum,</span> <span class='ocrx_word' id='word_1_210' title='bbox 642 1622 730 1647; x_wconf 91' lang='lat' dir='ltr'>cum</span> <span class='ocrx_word' id='word_1_211' title='bbox 755 1611 900 1647; x_wconf 87' lang='lat' dir='ltr'>dictum</span> <span class='ocrx_word' id='word_1_212' title='bbox 922 1613 971 1647; x_wconf 88' lang='lat' dir='ltr'>sit</span> <span class='ocrx_word' id='word_1_213' title='bbox 991 1612 1165 1658; x_wconf 75' lang='lat' dir='ltr'>officium</span> <span class='ocrx_word' id='word_1_214' title='bbox 1183 1622 1263 1647; x_wconf 87' lang='lat' dir='ltr'>esse</span> <span class='ocrx_word' id='word_1_215' title='bbox 1279 1609 1326 1646; x_wconf 90' lang='lat' dir='ltr'>ad</span> <span class='ocrx_word' id='word_1_216' title='bbox 1341 1609 1432 1645; x_wconf 89' lang='lat' dir='ltr'>alte-</span> 
     </span>
     <span class='ocr_line' id='line_1_27' title="bbox 147 1663 1434 1712; baseline -0.001 -14"><span class='ocrx_word' id='word_1_217' title='bbox 147 1674 257 1700; x_wconf 85' lang='lat' dir='ltr'>rum:</span> <span class='ocrx_word' id='word_1_218' title='bbox 278 1675 369 1701; x_wconf 88' lang='lat' dir='ltr'>nam</span> <span class='ocrx_word' id='word_1_219' title='bbox 384 1666 481 1701; x_wconf 89' lang='lat' dir='ltr'>sicut</span> <span class='ocrx_word' id='word_1_220' title='bbox 495 1665 613 1701; x_wconf 91' lang='lat' dir='ltr'>homo</span> <span class='ocrx_word' id='word_1_221' title='bbox 629 1664 836 1701; x_wconf 82' lang='lat' dir='ltr'>reflexione</span> <span class='ocrx_word' id='word_1_222' title='bbox 850 1664 1073 1701; x_wconf 86' lang='lat' dir='ltr'>etlibertate</span> <span class='ocrx_word' id='word_1_223' title='bbox 1090 1668 1218 1712; x_wconf 88' lang='lat' dir='ltr'>potest</span> <span class='ocrx_word' id='word_1_224' title='bbox 1231 1663 1434 1710; x_wconf 83' lang='lat' dir='ltr'>disponere</span> 
     </span>
     <span class='ocr_line' id='line_1_28' title="bbox 149 1717 1434 1765; baseline -0.001 -14"><span class='ocrx_word' id='word_1_225' title='bbox 149 1717 195 1752; x_wconf 91' lang='lat' dir='ltr'>de</span> <span class='ocrx_word' id='word_1_226' title='bbox 213 1717 291 1753; x_wconf 90' lang='lat' dir='ltr'>suis</span> <span class='ocrx_word' id='word_1_227' title='bbox 308 1718 536 1761; x_wconf 86' lang='lat' dir='ltr'>actionibus,</span> <span class='ocrx_word' id='word_1_228' title='bbox 559 1718 612 1754; x_wconf 89' lang='lat' dir='ltr'>ita</span> <span class='ocrx_word' id='word_1_229' title='bbox 629 1722 755 1765; x_wconf 86' lang='lat' dir='ltr'>potest</span> <span class='ocrx_word' id='word_1_230' title='bbox 768 1718 827 1754; x_wconf 90' lang='lat' dir='ltr'>vel</span> <span class='ocrx_word' id='word_1_231' title='bbox 847 1718 1046 1754; x_wconf 88' lang='lat' dir='ltr'>observare</span> <span class='ocrx_word' id='word_1_232' title='bbox 1058 1718 1118 1754; x_wconf 84' lang='lat' dir='ltr'>vel</span> <span class='ocrx_word' id='word_1_233' title='bbox 1138 1728 1215 1752; x_wconf 89' lang='lat' dir='ltr'>non</span> <span class='ocrx_word' id='word_1_234' title='bbox 1232 1717 1434 1753; x_wconf 84' lang='lat' dir='ltr'>observare</span> 
     </span>
     <span class='ocr_line' id='line_1_29' title="bbox 147 1769 1434 1817; baseline 0 -12"><span class='ocrx_word' id='word_1_235' title='bbox 147 1769 187 1804; x_wconf 89' lang='lat' dir='ltr'>in</span> <span class='ocrx_word' id='word_1_236' title='bbox 207 1779 276 1805; x_wconf 86' lang='lat' dir='ltr'>sua</span> <span class='ocrx_word' id='word_1_237' title='bbox 293 1771 449 1817; x_wconf 85' lang='lat' dir='ltr'>propria</span> <span class='ocrx_word' id='word_1_238' title='bbox 471 1781 636 1817; x_wconf 87' lang='lat' dir='ltr'>persona</span> <span class='ocrx_word' id='word_1_239' title='bbox 648 1771 737 1816; x_wconf 88' lang='lat' dir='ltr'>jura</span> <span class='ocrx_word' id='word_1_240' title='bbox 757 1781 843 1816; x_wconf 80' lang='lat' dir='ltr'>quae</span> <span class='ocrx_word' id='word_1_241' title='bbox 864 1771 962 1807; x_wconf 90' lang='lat' dir='ltr'>Deus</span> <span class='ocrx_word' id='word_1_242' title='bbox 982 1771 1099 1807; x_wconf 88' lang='lat' dir='ltr'>habet</span> <span class='ocrx_word' id='word_1_243' title='bbox 1123 1771 1161 1806; x_wconf 89' lang='lat' dir='ltr'>in</span> <span class='ocrx_word' id='word_1_244' title='bbox 1180 1771 1316 1817; x_wconf 85' lang='lat' dir='ltr'>ipsam.</span> <span class='ocrx_word' id='word_1_245' title='bbox 1340 1770 1434 1805; x_wconf 78' lang='lat' dir='ltr'>Hmc</span> 
     </span>
     <span class='ocr_line' id='line_1_30' title="bbox 145 1823 1434 1869; baseline 0.001 -13"><span class='ocrx_word' id='word_1_246' title='bbox 145 1826 382 1858; x_wconf 83' lang='lat' dir='ltr'>enascuntur</span> <span class='ocrx_word' id='word_1_247' title='bbox 401 1823 527 1858; x_wconf 79' lang='lat' dir='ltr'>officia</span> <span class='ocrx_word' id='word_1_248' title='bbox 550 1823 717 1858; x_wconf 84' lang='lat' dir='ltr'>moralia</span> <span class='ocrx_word' id='word_1_249' title='bbox 748 1833 919 1869; x_wconf 80' lang='lat' dir='ltr'>personae</span> <span class='ocrx_word' id='word_1_250' title='bbox 944 1823 1125 1859; x_wconf 81' lang='lat' dir='ltr'>humanae</span> <span class='ocrx_word' id='word_1_251' title='bbox 1152 1823 1191 1858; x_wconf 88' lang='lat' dir='ltr'>in</span> <span class='ocrx_word' id='word_1_252' title='bbox 1214 1832 1323 1858; x_wconf 88' lang='lat' dir='ltr'>suam</span> <span class='ocrx_word' id='word_1_253' title='bbox 1350 1833 1434 1869; x_wconf 89' lang='lat' dir='ltr'>pro·</span> 
     </span>
     <span class='ocr_line' id='line_1_31' title="bbox 147 1875 1433 1922; baseline -0.001 -12"><span class='ocrx_word' id='word_1_254' title='bbox 147 1875 272 1922; x_wconf 87' lang='lat' dir='ltr'>priam</span> <span class='ocrx_word' id='word_1_255' title='bbox 294 1875 608 1922; x_wconf 86' lang='lat' dir='ltr'>personalitatem</span> <span class='ocrx_word' id='word_1_256' title='bbox 625 1875 836 1922; x_wconf 83' lang='lat' dir='ltr'>physicam,</span> <span class='ocrx_word' id='word_1_257' title='bbox 859 1880 901 1911; x_wconf 92' lang='lat' dir='ltr'>ut</span> <span class='ocrx_word' id='word_1_258' title='bbox 917 1877 1007 1922; x_wconf 85' lang='lat' dir='ltr'>jura</span> <span class='ocrx_word' id='word_1_259' title='bbox 1024 1875 1152 1912; x_wconf 76' lang='lat' dir='ltr'>divina</span> <span class='ocrx_word' id='word_1_260' title='bbox 1177 1875 1294 1911; x_wconf 89' lang='lat' dir='ltr'>homo</span> <span class='ocrx_word' id='word_1_261' title='bbox 1312 1880 1433 1910; x_wconf 77' lang='lat' dir='ltr'>servet</span> 
     </span>
     <span class='ocr_line' id='line_1_32' title="bbox 147 1927 1430 1974; baseline 0.001 -12"><span class='ocrx_word' id='word_1_262' title='bbox 147 1927 185 1962; x_wconf 89' lang='lat' dir='ltr'>in</span> <span class='ocrx_word' id='word_1_263' title='bbox 205 1928 426 1974; x_wconf 89' lang='lat' dir='ltr'>semetipso.</span> <span class='ocrx_word' id='word_1_264' title='bbox 444 1927 486 1964; x_wconf 91' lang='lat' dir='ltr'>In</span> <span class='ocrx_word' id='word_1_265' title='bbox 501 1927 659 1964; x_wconf 89' lang='lat' dir='ltr'>homine</span> <span class='ocrx_word' id='word_1_266' title='bbox 676 1938 764 1963; x_wconf 86' lang='lat' dir='ltr'>vero</span> <span class='ocrx_word' id='word_1_267' title='bbox 784 1928 859 1963; x_wconf 82' lang='lat' dir='ltr'>duo</span> <span class='ocrx_word' id='word_1_268' title='bbox 881 1929 1059 1974; x_wconf 88' lang='lat' dir='ltr'>primitus</span> <span class='ocrx_word' id='word_1_269' title='bbox 1074 1933 1111 1964; x_wconf 85' lang='lat' dir='ltr'>et</span> <span class='ocrx_word' id='word_1_270' title='bbox 1129 1928 1306 1964; x_wconf 87' lang='lat' dir='ltr'>distincte</span> <span class='ocrx_word' id='word_1_271' title='bbox 1323 1932 1430 1964; x_wconf 88' lang='lat' dir='ltr'>sunt:</span> 
     </span>
     <span class='ocr_line' id='line_1_33' title="bbox 148 1980 1431 2028; baseline 0.002 -13"><span class='ocrx_word' id='word_1_272' title='bbox 148 1983 184 2015; x_wconf 87' lang='lat'>1⁰</span> <span class='ocrx_word' id='word_1_273' title='bbox 202 1980 372 2027; x_wconf 86' lang='lat' dir='ltr'>quidem,</span> <span class='ocrx_word' id='word_1_274' title='bbox 392 1981 553 2017; x_wconf 86' lang='lat' dir='ltr'>existere</span> <span class='ocrx_word' id='word_1_275' title='bbox 569 1982 632 2025; x_wconf 81' lang='lat'>320</span> <span class='ocrx_word' id='word_1_276' title='bbox 646 1991 757 2028; x_wconf 84' lang='lat' dir='ltr'>agere</span> <span class='ocrx_word' id='word_1_277' title='bbox 784 1991 860 2027; x_wconf 88' lang='lat' dir='ltr'>quo</span> <span class='ocrx_word' id='word_1_278' title='bbox 884 1981 966 2028; x_wconf 90' lang='lat' dir='ltr'>ipsa</span> <span class='ocrx_word' id='word_1_279' title='bbox 992 1981 1195 2017; x_wconf 83' lang='lat' dir='ltr'>existentia</span> <span class='ocrx_word' id='word_1_280' title='bbox 1222 1981 1431 2028; x_wconf 85' lang='lat' dir='ltr'>perficitur.</span> 
     </span>
     <span class='ocr_line' id='line_1_34' title="bbox 144 2033 1433 2081; baseline 0.001 -13"><span class='ocrx_word' id='word_1_281' title='bbox 144 2033 321 2069; x_wconf 87' lang='lat' dir='ltr'>Actiones</span> <span class='ocrx_word' id='word_1_282' title='bbox 342 2037 471 2070; x_wconf 87' lang='lat' dir='ltr'>autem</span> <span class='ocrx_word' id='word_1_283' title='bbox 489 2033 651 2081; x_wconf 84' lang='lat' dir='ltr'>dupli0is</span> <span class='ocrx_word' id='word_1_284' title='bbox 663 2033 701 2069; x_wconf 92' lang='lat' dir='ltr'>in</span> <span class='ocrx_word' id='word_1_285' title='bbox 720 2033 876 2069; x_wconf 86' lang='lat' dir='ltr'>homine</span> <span class='ocrx_word' id='word_1_286' title='bbox 892 2034 1040 2080; x_wconf 83' lang='lat' dir='ltr'>generis</span> <span class='ocrx_word' id='word_1_287' title='bbox 1053 2038 1142 2069; x_wconf 90' lang='lat' dir='ltr'>sunt</span> <span class='ocrx_word' id='word_1_288' title='bbox 1161 2045 1167 2069; x_wconf 91' lang='lat'>:</span> <span class='ocrx_word' id='word_1_289' title='bbox 1188 2033 1272 2069; x_wconf 72' lang='lat' dir='ltr'>alia:</span> <span class='ocrx_word' id='word_1_290' title='bbox 1295 2044 1433 2080; x_wconf 88' lang='lat' dir='ltr'>nempe</span> 
     </span>
     <span class='ocr_line' id='line_1_35' title="bbox 143 2084 1432 2133; baseline 0.001 -12"><span class='ocrx_word' id='word_1_291' title='bbox 143 2084 287 2122; x_wconf 86' lang='lat' dir='ltr'>directe</span> <span class='ocrx_word' id='word_1_292' title='bbox 326 2085 557 2122; x_wconf 85' lang='lat' dir='ltr'>ordinantur</span> <span class='ocrx_word' id='word_1_293' title='bbox 593 2085 641 2122; x_wconf 83' lang='lat' dir='ltr'>ad</span> <span class='ocrx_word' id='word_1_294' title='bbox 677 2086 954 2133; x_wconf 86' lang='lat' dir='ltr'>perficiendum</span> <span class='ocrx_word' id='word_1_295' title='bbox 989 2087 1164 2123; x_wconf 87' lang='lat' dir='ltr'>animum</span> <span class='ocrx_word' id='word_1_296' title='bbox 1181 2098 1190 2132; x_wconf 83' lang='lat'><em>3</em></span> <span class='ocrx_word' id='word_1_297' title='bbox 1228 2087 1312 2123; x_wconf 67' lang='lat' dir='ltr'>alite</span> <span class='ocrx_word' id='word_1_298' title='bbox 1344 2097 1432 2122; x_wconf 83' lang='lat' dir='ltr'>vero</span> 
     </span>
     <span class='ocr_line' id='line_1_36' title="bbox 145 2136 1433 2187; baseline 0.001 -14"><span class='ocrx_word' id='word_1_299' title='bbox 145 2136 288 2174; x_wconf 88' lang='lat' dir='ltr'>directe</span> <span class='ocrx_word' id='word_1_300' title='bbox 302 2138 531 2175; x_wconf 84' lang='lat' dir='ltr'>ordinantur</span> <span class='ocrx_word' id='word_1_301' title='bbox 547 2138 594 2174; x_wconf 91' lang='lat' dir='ltr'>ad</span> <span class='ocrx_word' id='word_1_302' title='bbox 613 2139 886 2186; x_wconf 78' lang='lat' dir='ltr'>perfectionem</span> <span class='ocrx_word' id='word_1_303' title='bbox 906 2139 1089 2187; x_wconf 87' lang='lat' dir='ltr'>corporis.</span> <span class='ocrx_word' id='word_1_304' title='bbox 1109 2141 1204 2176; x_wconf 87' lang='lat' dir='ltr'>IIinc</span> <span class='ocrx_word' id='word_1_305' title='bbox 1223 2151 1230 2175; x_wconf 91' lang='lat'><strong>:</strong></span> <span class='ocrx_word' id='word_1_306' title='bbox 1256 2142 1291 2175; x_wconf 88' lang='lat'>10</span> <span class='ocrx_word' id='word_1_307' title='bbox 1309 2139 1433 2176; x_wconf 91' lang='lat' dir='ltr'>dicen-</span> 
     </span>
     <span class='ocr_line' id='line_1_37' title="bbox 139 2189 1433 2239; baseline 0.001 -13"><span class='ocrx_word' id='word_1_308' title='bbox 139 2189 239 2235; x_wconf 85' lang='lat' dir='ltr'>dum</span> <span class='ocrx_word' id='word_1_309' title='bbox 259 2195 316 2226; x_wconf 88' lang='lat' dir='ltr'>est</span> <span class='ocrx_word' id='word_1_310' title='bbox 336 2191 382 2227; x_wconf 88' lang='lat' dir='ltr'>de</span> <span class='ocrx_word' id='word_1_311' title='bbox 399 2191 536 2228; x_wconf 82' lang='lat' dir='ltr'>officiis</span> <span class='ocrx_word' id='word_1_312' title='bbox 559 2195 595 2227; x_wconf 86' lang='lat' dir='ltr'>et</span> <span class='ocrx_word' id='word_1_313' title='bbox 608 2192 760 2239; x_wconf 75' lang='lat' dir='ltr'>Juribus</span> <span class='ocrx_word' id='word_1_314' title='bbox 778 2191 946 2229; x_wconf 87' lang='lat' dir='ltr'>hominis</span> <span class='ocrx_word' id='word_1_315' title='bbox 965 2192 1092 2239; x_wconf 80' lang='lat' dir='ltr'>quoad</span> <span class='ocrx_word' id='word_1_316' title='bbox 1114 2193 1433 2230; x_wconf 77' lang='lat' dir='ltr'>conservationem</span> 
     </span>
     <span class='ocr_line' id='line_1_38' title="bbox 140 2243 1434 2293; baseline 0.002 -15"><span class='ocrx_word' id='word_1_317' title='bbox 140 2243 316 2289; x_wconf 75' lang='lat' dir='ltr'>proprioe</span> <span class='ocrx_word' id='word_1_318' title='bbox 339 2244 571 2289; x_wconf 73' lang='lat' dir='ltr'>existentt&#39;ae;</span> <span class='ocrx_word' id='word_1_319' title='bbox 593 2247 630 2281; x_wconf 82' lang='lat'>20</span> <span class='ocrx_word' id='word_1_320' title='bbox 654 2244 700 2281; x_wconf 87' lang='lat' dir='ltr'>dc</span> <span class='ocrx_word' id='word_1_321' title='bbox 722 2245 857 2281; x_wconf 78' lang='lat' dir='ltr'>officiis</span> <span class='ocrx_word' id='word_1_322' title='bbox 879 2250 917 2282; x_wconf 92' lang='lat' dir='ltr'>et</span> <span class='ocrx_word' id='word_1_323' title='bbox 931 2246 1085 2293; x_wconf 84' lang='lat' dir='ltr'>juribus</span> <span class='ocrx_word' id='word_1_324' title='bbox 1112 2246 1281 2283; x_wconf 82' lang='lat' dir='ltr'>hominis</span> <span class='ocrx_word' id='word_1_325' title='bbox 1307 2245 1434 2293; x_wconf 78' lang='lat' dir='ltr'>quoad</span> 
     </span>
     <span class='ocr_line' id='line_1_39' title="bbox 141 2295 1434 2348; baseline 0.003 -17"><span class='ocrx_word' id='word_1_326' title='bbox 141 2295 411 2341; x_wconf 78' lang='lat' dir='ltr'>perfectionem</span> <span class='ocrx_word' id='word_1_327' title='bbox 427 2298 554 2333; x_wconf 79' lang='lat' dir='ltr'>animi</span> <span class='ocrx_word' id='word_1_328' title='bbox 564 2309 579 2342; x_wconf 91' lang='lat'><em>;</em></span> <span class='ocrx_word' id='word_1_329' title='bbox 616 2299 652 2334; x_wconf 87' lang='lat'>3⁰</span> <span class='ocrx_word' id='word_1_330' title='bbox 667 2297 713 2334; x_wconf 91' lang='lat' dir='ltr'>de</span> <span class='ocrx_word' id='word_1_331' title='bbox 735 2298 870 2334; x_wconf 79' lang='lat' dir='ltr'>officiis</span> <span class='ocrx_word' id='word_1_332' title='bbox 890 2303 929 2335; x_wconf 86' lang='lat' dir='ltr'>et</span> <span class='ocrx_word' id='word_1_333' title='bbox 943 2299 1096 2346; x_wconf 85' lang='lat' dir='ltr'>juribus</span> <span class='ocrx_word' id='word_1_334' title='bbox 1118 2298 1287 2336; x_wconf 88' lang='lat' dir='ltr'>hominis</span> <span class='ocrx_word' id='word_1_335' title='bbox 1308 2299 1434 2348; x_wconf 77' lang='lat' dir='ltr'>quoad</span> 
     </span>
     <span class='ocr_line' id='line_1_40' title="bbox 141 2348 1127 2398; baseline 0.005 -16"><span class='ocrx_word' id='word_1_336' title='bbox 141 2348 415 2394; x_wconf 78' lang='lat' dir='ltr'>perfectionem</span> <span class='ocrx_word' id='word_1_337' title='bbox 428 2350 628 2398; x_wconf 79' lang='lat' dir='ltr'>corporis,-</span> <span class='ocrx_word' id='word_1_338' title='bbox 647 2351 684 2386; x_wconf 86' lang='lat'>4⁰</span> <span class='ocrx_word' id='word_1_339' title='bbox 710 2351 753 2387; x_wconf 86' lang='lat' dir='ltr'>de</span> <span class='ocrx_word' id='word_1_340' title='bbox 767 2351 860 2396; x_wconf 65' lang='lat' dir='ltr'>‚iure</span> <span class='ocrx_word' id='word_1_341' title='bbox 877 2351 1127 2394; x_wconf 75' lang='lat' dir='ltr'>proprietatis</span> 
     </span>
    </p>
   </div>
  </div>
 </body>
</html>
