1584 2569
205 120 269 154 1722
301 128 357 152 sus
382 127 543 152 NA'runAE.
572 128 640 152 Lm.
670 128 694 154 1.
730 128 809 152 cn.
838 127 888 152 xv.
918 127 961 152 ns
987 126 1063 152 ont.
1091 127 1178 152 nou.
1208 127 1300 153 ERGA
1325 127 1429 153 auos

248 201 294 235 ΙΙ.
307 201 528 235 Corollaria.
544 199 990 245 Corollariumprimum.
1001 199 1100 247 Ergo
1114 199 1189 235 duo
1205 200 1504 247 suntprincipia'

201 252 341 298 quibus
362 253 494 287 onmia
518 256 650 288 nostra
671 252 798 288 officia
827 256 976 288 naturae
1000 262 1090 300 erga
1118 253 1340 299 proximum
1363 254 1493 289 metiri

200 305 399 350 debemus,
421 316 587 352 quorum
604 316 725 341 unum
741 309 798 340 est
815 305 1049 352 negativum,
1072 305 1243 341 officium
1265 316 1404 353 nempe
1418 317 1495 341 non
1537 338 1542 349 f

199 358 361 394 nocendi
379 358 506 403 alteri,
530 369 609 403 seu,
632 358 732 404 quod
753 357 827 393 cibi
842 368 919 393 non
937 358 995 393 vis
1011 358 1110 405 fieri,
1133 358 1249 394 alteri
1273 369 1318 394 ne
1334 359 1494 404 feceris;
1534 350 1541 368 ”

200 410 364 446 alterum
382 421 469 446 vero
491 414 548 445 est
562 411 784 457 positivum,
807 409 978 446 officium
1004 422 1142 458 nempe
1162 410 1425 456 benefaciendi
1444 411 1494 447 al-

201 463 285 507 teri,
307 473 372 499 seu
390 463 491 509 quod
505 462 579 498 tibi
594 463 650 498 vis
667 463 768 509 fieri,
781 463 897 498 alleri
910 463 1061 508 feceris.
1076 463 1172 505 Quia
1192 475 1321 499 revera
1335 465 1493 499 amorin

200 526 284 559 nos,
312 516 539 562 proveniens
569 516 615 551 ab
646 525 779 551 amore
808 525 923 562 quem
949 515 1026 551 Deo
1054 515 1249 560 debemus,
1281 515 1393 552 debet
1414 527 1494 552 esse

200 578 338 604 norma
352 568 507 604 amandi
523 568 630 604 alios.
645 569 829 603 Amamus
841 572 970 603 autem
986 569 1214 604 naturaliter
1231 573 1273 603 ut
1292 569 1402 604 nobis
1417 579 1494 604 non

200 625 397 665 noceatur,
423 621 488 657 sed
510 621 689 657 benefiat.

250 673 509 709 Corollarium
523 674 697 709 alterum.
718 674 809 715 Quae
831 674 958 709 officia
971 675 1098 721 vigent
1116 674 1233 710 etiam
1253 685 1344 721 erga
1364 685 1495 722 pecca-

203 730 303 761 tores
324 731 360 761 et
383 726 573 770 inimicos,
605 738 681 762 non
702 737 778 772 qua
800 731 1018 773 peccatores
1039 731 1129 762 sunt
1157 731 1223 762 aut
1244 727 1404 773 inimici,
1429 727 1495 762 sed

202 789 278 824 qua
298 778 487 813 homines.
510 799 554 803 —
576 778 673 823 II-II,
696 780 765 820 Qu.
789 779 893 823 XXV,
914 779 1030 814 Artic.
1052 779 1097 814 VI
1120 783 1157 814 et
1174 789 1280 825 seqq.

247 831 311 867 111.
332 832 515 867 Attamen
533 832 645 868 homo
660 842 737 868 non
757 835 917 868 tenetur
932 842 1062 868 amare
1082 833 1301 877 proximum
1320 834 1384 869 vel
1403 835 1491 878 plus

201 886 264 920 vel
285 889 473 930 quantum
494 886 674 931 seipsum.
698 885 819 920 Radix
837 886 940 920 enim
960 886 1104 921 amoris
1122 887 1243 921 nostri
1265 887 1303 921 in
1320 886 1416 922 alios
1438 891 1495 921 est

203 937 330 973 unitas
348 942 496 973 naturae
514 948 602 973 cum
621 938 726 984 ipsis,
749 942 790 972 ut
812 937 958 972 dictum
976 942 1032 973 est
1049 948 1074 973 n
1095 938 1123 973 1.
1145 938 1191 972 At
1211 948 1299 974 vero
1321 937 1493 974 hominis

203 989 251 1025 ad
272 990 440 1036 seipsum
461 994 517 1025 est
546 991 675 1026 unitas
695 990 974 1034 substantialis,
1005 1000 1091 1036 quae
1113 990 1242 1036 potior
1271 994 1327 1026 est
1347 992 1495 1027 unitate

202 1042 467 1078 similitudinis
482 1043 682 1078 existentis
700 1043 737 1078 in
756 1042 852 1078 aliis.
868 1042 967 1089 Ergo
983 1047 1020 1078 et
1037 1053 1159 1087 amor,
1176 1054 1251 1089 quo
1268 1044 1496 1080 naturaliter

204 1094 320 1130 homo
339 1094 465 1141 diligit
485 1096 669 1142 seipsum,
684 1095 820 1130 fortior
839 1100 896 1130 est
916 1106 1047 1131 amore
1065 1106 1141 1142 quo
1161 1097 1389 1132 naturaliter
1402 1097 1494 1132 obli-

205 1151 318 1194 gatur
337 1147 383 1183 ad
405 1148 626 1194 proximum
652 1147 905 1194 diligendum,
931 1152 973 1182 ut
995 1152 1097 1183 recte
1117 1148 1312 1184 concludit
1337 1148 1373 1185 S.
1396 1149 1494 1185 Tho-

205 1211 288 1235 mas
308 1200 388 1244 1-11,
412 1201 481 1241 Qu.
498 1201 637 1244 XXVII,
660 1201 774 1235 Artic.
799 1201 847 1235 111
871 1205 908 1235 et
930 1201 1029 1245 11-11‚
1054 1201 1124 1242 Qu.
1147 1201 1269 1246 XXVI,
1288 1202 1403 1238 Artic.
1427 1202 1486 1238 IV.

204 1253 327 1294 Quam
353 1253 509 1299 quidem
530 1253 801 1296 differentiam,
824 1257 866 1288 ut
896 1253 1013 1288 etiam
1036 1253 1072 1288 S.
1099 1254 1240 1289 Doctor
1259 1259 1368 1290 notat
1389 1255 1489 1299 11-11,

204 1306 274 1347 Qu.
297 1310 333 1341 et
352 1306 466 1341 Artic.
489 1306 553 1341 cit.
575 1306 613 1341 in
631 1310 861 1352 argumento
885 1305 960 1342 Sed
979 1311 1128 1351 contra,
1150 1307 1408 1354 significatam
1429 1307 1491 1343 ha-

204 1359 340 1394 bemus
358 1358 397 1393 in
414 1359 508 1405 ipsis
528 1358 653 1394 verbis
674 1358 817 1394 Christi
843 1359 997 1394 Domini
1022 1369 1139 1406 supra
1159 1360 1287 1395 citatis
1311 1371 1318 1395 :
1342 1360 1491 1406 Diliyes

199 1411 421 1458 proximum
441 1417 545 1447 tuum
555 1413 654 1447 sicut
670 1412 843 1457 teipsum.
866 1426 881 1444 ‹
901 1412 954 1446 Ex
967 1423 1042 1458 quo
1057 1412 1210 1447 videtur
1221 1412 1324 1458 quod
1338 1413 1491 1449 dilectio

204 1464 372 1499 hominis
394 1464 441 1499 ad
462 1464 644 1510 seipsum,
666 1468 723 1499 est
746 1464 844 1500 sicut
860 1465 1052 1510 exemplar
1072 1464 1287 1500 dilectionis
1311 1476 1397 1512 quae
1425 1465 1491 1501 ha-

204 1517 316 1552 betur
335 1516 382 1551 ad
400 1517 576 1552 alterurn.
598 1516 670 1551 Sed
698 1517 895 1563 exemplar
914 1518 1044 1563 potius
1068 1522 1137 1561 est,
1161 1528 1277 1563 quam
1298 1519 1491 1565 exempla-

203 1575 299 1604 tum.
316 1570 413 1615 Ergo
435 1569 550 1604 homo
579 1580 624 1604 ex
645 1569 831 1605 charitate
851 1570 975 1616 magis
993 1569 1105 1604 debet
1124 1569 1280 1616 diligere
1303 1571 1488 1618 seipsum,

203 1633 319 1668 quam
342 1622 573 1666 proximum.
596 1636 610 1653 ι
635 1622 777 1657 Contra
794 1626 937 1667 autem,
959 1621 1025 1657 sed
1046 1621 1180 1657 eadem
1196 1623 1358 1668 ratione,
1382 1623 1490 1659 debc-

203 1686 290 1710 mus
308 1677 430 1721 magns
445 1685 573 1710 amare
586 1674 707 1709 Deum
723 1674 869 1710 fontem
884 1674 1080 1719 bonitatis,
1101 1686 1217 1721 quarn
1236 1676 1491 1723 nosmetipsos

202 1728 270 1774 qui
291 1728 504 1763 bonitatem
534 1732 706 1763 nostram
727 1738 804 1773 qua
833 1738 904 1762 nos
930 1738 1121 1772 amamus,
1147 1739 1169 1763 a
1191 1728 1267 1764 Deo
1289 1729 1491 1776 participa-

202 1791 311 1825 mus;
334 1782 434 1815 unde
453 1781 483 1815 si
501 1780 658 1816 effectus
679 1784 736 1815 est
753 1780 943 1824 amabilis,
963 1780 1086 1815 multo
1105 1781 1229 1826 magis
1247 1785 1302 1816 est
1316 1781 1493 1817 amabilis

202 1838 239 1869 et
258 1834 425 1869 amanda
444 1843 558 1868 causa
575 1833 739 1868 infinita.
762 1853 806 1858 —
824 1832 921 1877 11-11,
944 1833 1014 1874 Qu.
1037 1833 1101 1868 cit.
1120 1834 1236 1869 Artic.
1259 1833 1323 1870 111.

250 1887 309 1922 IV.
339 1887 517 1931 Quaestio.
547 1885 656 1927 Quod
684 1885 800 1921 homo
828 1886 978 1932 privata
1009 1887 1238 1922 auctoritate
1268 1897 1345 1923 non
1373 1887 1494 1934 possit

204 1938 373 1974 occidere
403 1938 601 1974 hominem
630 1938 717 1982 (nisi
746 1939 784 1973 in
817 1938 961 1985 injusta
987 1940 1231 1986 aggressione
1260 1939 1491 1986 repellenda,

205 1997 245 2026 ut
266 2002 382 2039 supra
408 1994 465 2036 35,
488 1992 566 2035 Vll,
589 1991 735 2027 dictum
763 1992 832 2036 est)
861 2002 984 2038 neque
1011 1992 1139 2038 ipsum
1160 1993 1354 2037 mutilare,
1376 1993 1492 2029 etiam

204 2045 288 2090 ipso
306 2044 468 2088 volente,
490 2055 536 2080 ex
556 2044 667 2080 dictis
688 2045 927 2091 apertissime
945 2049 1064 2091 patet.
1086 2044 1228 2080 Eadem
1244 2046 1346 2081 enim
1368 2045 1492 2082 officia

204 2102 240 2132 et
267 2097 368 2143 jura,
397 2108 482 2143 quae
510 2098 620 2133 nobis
651 2098 782 2133 insunt
805 2097 1056 2134 conservandi
1081 2099 1278 2145 propriam
1309 2099 1427 2134 vitam
1457 2104 1492 2134 et

204 2149 466 2196 integritatem
498 2151 670 2197 corporis
691 2150 826 2195 nostri,
854 2150 981 2197 vigent
1005 2150 1044 2186 in
1064 2149 1162 2186 aliis.
1185 2150 1283 2197 Ergo
1310 2151 1408 2186 sicut
1429 2151 1494 2198 jus

205 2202 392 2239 habemus
411 2214 457 2238 ne
477 2203 542 2239 alii
560 2203 702 2239 laedant
717 2214 800 2248 nos,
817 2204 871 2239 ita
888 2203 1053 2239 naturali
1074 2203 1353 2250 obstringimur
1368 2203 1493 2240 officio

206 2266 283 2292 non
303 2255 468 2292 laedendi
486 2256 601 2301 alios;
624 2260 660 2291 et
677 2257 773 2293 sicut
791 2261 921 2304 peccat
936 2256 1053 2292 homo
1074 2255 1282 2292 occidendo
1302 2256 1360 2293 vel
1380 2257 1493 2292 muti-

222 2307 321 2344 ando
357 2309 527 2356 seipsum
555 2310 626 2354 (35,
658 2309 707 2344 111
732 2313 769 2344 et
795 2311 853 2354 37,
881 2309 925 2354 1),
953 2309 1007 2344 ita
1036 2312 1165 2355 peccat
1198 2309 1405 2346 occidendo
1438 2312 1493 2347 vel

251 2361 424 2398 utilando
443 2362 576 2407 alium,
598 2362 748 2398 etiamsi
768 2362 838 2398 iste
855 2362 1069 2398 consentiat
1089 2362 1210 2398 occidi
1225 2367 1291 2398 aut
1308 2363 1491 2409 mutilari,
