1584 2569
244 153 327 178 ΛΒΤ.
345 153 372 178 1.
399 153 443 178 DE
460 153 605 177 OFFICIIS
632 153 780 178 HOMINIS
795 153 885 178 ERGA
907 154 1018 178 vrsAM
1036 154 1189 179 Pnoxnu
1302 152 1375 188 175

93 226 218 274 prima
237 235 362 262 causa.
381 244 427 251 —
449 238 465 256 ι
485 225 527 260 ln
545 235 622 260 uno
643 228 772 260 tamen
792 235 896 269 casu,
918 225 1043 272 inquit
1064 225 1267 273 Cajetanus
1297 226 1372 263 loc.

93 281 156 316 cit.
182 289 219 314 n.
246 278 289 323 V,
316 277 465 313 licitum
492 276 588 313 mihi
618 277 768 314 videtur
793 282 988 324 acceptare
1014 277 1198 323 duellum,
1223 280 1376 325 quando

91 332 234 369 scilicet
254 334 453 367 accusator
474 329 668 366 evidenter
693 330 963 376 calumniatur,
986 335 1022 367 et
1042 331 1222 378 praevalet
1244 336 1379 368 eontra

91 397 153 423 me
170 386 412 420 innocentem
434 382 482 419 ad
497 387 676 428 mortem,
692 383 752 420 vel
765 383 1064 420 mutilationem.
1086 383 1191 420 Tunc
1208 386 1312 420 enim
1332 396 1377 421 ex

91 449 167 486 quo
193 440 392 474 accusator
421 436 575 483 impetit
604 447 664 472 me
686 435 827 483 judicis
854 436 982 484 gladio
1002 437 1268 484 injustissime,
1296 438 1377 474 sine

91 491 208 528 dubio
229 489 375 526 occidet
396 488 456 524 vel
475 488 671 525 mutilabit
690 499 765 534 me,
790 500 861 537 ego
881 500 958 525 non
982 489 1126 526 habens
1151 490 1254 526 aliud
1279 491 1377 527 resu-

92 545 212 592 gium‚
248 542 369 580 habeo
405 542 556 588 justum
589 541 732 577 bellum
777 541 1013 579 defensivum
1042 547 1177 578 contra
1200 553 1300 579 eum.
1333 543 1378 578 Et

91 600 293 645 propterea
317 595 349 631 si
375 595 454 642 ipse
481 593 593 631 offert
621 594 717 631 mihi
746 594 928 640 duellum,
965 605 1034 642 ego
1065 606 1222 643 possum
1250 606 1377 643 accep·

90 656 171 686 tare
195 649 241 685 de
263 658 451 685 consensu
481 648 677 695 principis,
699 652 736 683 et
766 648 863 684 tueri
891 658 952 684 me
980 648 1129 684 meliori
1156 648 1274 685 modo
1299 659 1375 695 quo

89 713 259 750 possum.
290 701 367 737 Hoc
391 701 508 745 enim,
536 700 624 737 licet
661 700 871 737 secundum
899 702 1166 748 apparentiam
1193 702 1241 737 sit
1274 701 1377 738 duel-

89 757 184 801 lum,
206 753 417 791 secundum
435 754 635 790 veritatem
657 764 734 789 non
755 758 824 799 est,
843 754 915 791 nisi
933 754 1102 790 defensio
1120 759 1255 790 contra
1276 755 1396 791 iuva-⁷

89 809 244 845 dentem
263 818 302 843 se
317 806 568 854 personaliter
587 805 634 843 ad
655 810 834 851 mortem,
852 806 912 843 vel
926 807 1224 843 mutilationem.
1243 806 1376 844 Diffcrt

88 863 190 896 onim
216 859 425 896 secundum
453 870 534 894 rem
560 858 669 904 nihil,
693 858 863 895 occidere
890 869 951 894 me
977 859 1104 906 gladio
1133 860 1290 907 proprio
1318 861 1374 896 vel

81 910 226 948 alieno.
250 926 265 945 ›

134 966 212 1002 VII.
234 965 454 1001 Corollaria.
482 964 739 1001 Corollarium
749 965 936 1010 primum.
954 965 1076 1013 Igitur
1096 966 1375 1013 sapientissime

87 1018 282 1055 Catholica
304 1017 470 1054 Ecclesia
490 1016 660 1052 duellum
684 1027 836 1064 semper
856 1018 1030 1065 energice
1053 1018 1264 1063 damnavit,
1292 1029 1375 1054 cen*

87 1071 261 1118 surisque
278 1069 548 1108 animadvertit
569 1070 606 1105 in
629 1069 855 1115 duellantes,
875 1071 1062 1118 patrinos,
1086 1075 1213 1116 testeS,
1230 1075 1375 1118 specta-

88 1128 216 1168 tores,
244 1127 281 1158 et
301 1122 492 1169 principes
520 1126 678 1169 peccant
703 1121 947 1159 concedendo
978 1122 1162 1168 duellum,
1199 1124 1375 1170 quamvis

87 1177 236 1224 possint
253 1186 299 1212 ex
319 1175 594 1222 urgentissima
612 1185 726 1211 causa
742 1176 842 1221 (quae
859 1180 991 1211 utrum
1006 1176 1045 1212 in
1064 1177 1173 1223 praxi
1195 1175 1277 1212 dari
1289 1187 1373 1224 pos-

85 1230 147 1274 sit,
167 1227 324 1265 definire
345 1228 544 1272 nescirem)
564 1227 658 1262 illud
679 1227 850 1272 tolerare,
870 1228 968 1263 sicut
982 1228 1167 1265 nonnulla
1180 1228 1254 1264 alia
1270 1229 1373 1266 mala

85 1282 251 1318 tolerant
270 1280 318 1316 ad
339 1279 517 1316 evitanda
537 1280 700 1326 majora.

132 1333 391 1371 Corollarium
417 1333 591 1369 alterum.
623 1331 775 1368 Eisdem
808 1333 1023 1369 rationibus
1045 1333 1287 1380 reprobanda
1316 1338 1371 1370 est

83 1389 186 1432 rixa,
205 1397 291 1434 quae
311 1389 368 1422 est
396 1399 412 1417 ‹
435 1385 631 1432 quoddam
656 1386 848 1432 privatum
870 1385 1027 1431 bellum,
1049 1385 1152 1432 quod
1174 1386 1273 1421 inter
1299 1386 1372 1433 pri-

82 1446 188 1477 vatas
213 1449 396 1487 personas
430 1439 570 1486 agitur,
604 1449 681 1474 non
714 1449 759 1474 ex
787 1438 915 1484 aliqua
942 1438 1095 1486 publica
1127 1439 1369 1483 auctoritate,

81 1493 147 1530 sed
167 1493 290 1540 magis
306 1502 352 1528 ex
363 1491 583 1528 inordinata
599 1491 808 1527 voluntate.
824 1505 840 1523 ι
854 1512 898 1516 -
910 1491 1008 1536 11-11,
1022 1491 1091 1533 Qu.
1104 1491 1193 1535 XLI,
1206 1492 1320 1527 Artic.
1339 1491 1367 1527 1.

455 1608 713 1645 ARTICULUS
753 1609 991 1645 SECUNDUS

681 1692 752 1736 (40)

209 1776 263 1811 De
279 1775 424 1821 officiis
439 1774 606 1810 hominis
627 1773 753 1820 quoad
769 1773 944 1819 proximi
954 1774 1236 1819 perfectionem.

125 1866 154 1901 1.
177 1863 309 1900 Officia
326 1862 501 1908 perfecta
516 1864 558 1898 et.
574 1861 701 1897 officia
713 1861 956 1906 imperfecta.
973 1861 1065 1902 Quae
1086 1862 1264 1908 proximo
1283 1871 1367 1898 nos-

79 1922 137 1953 tro
150 1917 338 1953 debentur
349 1914 567 1963 exjustitia,
582 1914 711 1960 etjure
732 1924 754 1949 a
768 1913 878 1949 nobis
890 1917 1061 1960 repetere
1080 1918 1218 1960 potest,
1234 1913 1365 1950 dicun-

78 1974 141 2006 tur
160 1969 287 2005 officia
308 1967 492 2015 perfecta3
516 1965 734 2013 euJusmodi
751 1969 840 2001 sunt
872 1965 999 2001 officia
1019 1976 1096 2001 non
1114 1966 1275 2002 nocendi
1299 1968 1364 2003 illi.

77 2022 169 2064 Quae
181 2032 267 2058 vero
285 2031 363 2056 non
376 2019 565 2056 debentur
578 2030 622 2055 ex
640 2018 804 2065 justitia,
822 2017 887 2054 sed
902 2028 948 2054 ex
966 2017 1166 2064 charitate,
1186 2019 1364 2056 humani-

78 2079 167 2119 tate,
186 2079 273 2119 etc.,
287 2077 324 2109 et
337 2073 425 2120 jure
445 2083 468 2108 a
488 2072 598 2108 nobis
616 2075 786 2118 repetere
807 2070 924 2106 homo
941 2081 1017 2106 non
1031 2075 1169 2118 potest,
1187 2071 1368 2108 dicuntur

77 2127 203 2164 officia
216 2125 452 2173 imperfecta,
472 2124 690 2171 cuiusmodi
711 2128 800 2159 sunt
812 2123 1088 2160 misericordiae
1101 2124 1228 2160 officia
1243 2130 1279 2160 et
1291 2125 1366 2161 alia

75 2179 312 2227 hujusmodi.
326 2179 418 2221 Quae
432 2177 658 2214 dividuntur
671 2178 710 2213 in
726 2176 852 2213 officia
860 2176 1114 2213 humamtatis
1127 2178 1183 2213 vel
1196 2179 1366 2215 innooeioe

74 2231 273 2276 utilitatis,
287 2241 375 2277 quae
389 2230 620 2267 exhibentur
636 2230 716 2265 sine
725 2233 856 2265 nostro
873 2229 1135 2274 incommodo,
1150 2234 1190 2265 ut
1206 2229 1363 2266 demon-

75 2288 197 2320 strare
216 2283 301 2320 aliis
311 2283 427 2328 viam,
443 2287 480 2319 et
498 2282 641 2318 similia
655 2294 664 2327 3
681 2286 717 2318 et
732 2282 771 2317 in
786 2282 913 2318 officia
931 2281 1181 2329 beneficentioe
1197 2293 1363 2328 quorum

77 2336 250 2373 executio
265 2335 765 2382 incommodumimportat,
788 2339 830 2369 ut
850 2334 1104 2381 eleemosyna,
1121 2335 1363 2372 infirmorum

78 2389 375 2435 administratio,
396 2393 436 2427 et
462 2388 554 2425 alia.
588 2388 673 2424 Haec
698 2387 866 2424 secunda
885 2388 1018 2435 primis
1044 2391 1132 2423 sunt
1160 2387 1361 2424 nobiliora.
