1554 2569
463 179 544 205 aar.
566 179 622 204 ιν.
646 179 689 204 nr:
705 178 794 204 LEGE
805 178 970 206 rosrnu
1330 174 1394 207 113

108 250 296 287 Lutherus
312 249 515 298 specialem
539 250 606 286 Dei
626 250 897 287 revelationem
917 251 990 286 sibi
1003 249 1236 298 vindicabat,
1264 256 1393 289 tamen

109 303 336 341 catholicam
372 302 577 340 Ecclesiam
611 303 841 349 subvertere,
878 307 915 339 et
945 303 1138 351 Evangelii
1184 305 1394 351 puritatem

109 356 265 401 foedare,
281 360 317 392 et
336 355 456 403 ipsius
469 354 627 404 pudoris
641 359 832 403 praecepta
844 355 995 403 scriptis
1005 360 1042 392 et
1053 356 1227 403 exemplo
1245 357 1395 394 concul-

108 419 193 444 care
213 408 369 444 molitus
389 411 459 452 est,
479 411 521 443 ut
538 418 672 444 omnes
691 412 846 444 norunt.
863 427 907 434 ·—
919 408 1027 445 Circa
1044 419 1133 445 vero
1146 409 1391 445 autoritatem

109 460 278 497 divinam
296 459 470 496 Ecclesiae
484 459 697 505 catholicae,
708 459 825 496 dubia
833 460 1076 497 rationabilia
1094 462 1185 497 oriri
1197 468 1394 509 nequeunt

108 513 182 549 illis
200 513 267 560 qui
285 513 433 549 sincero
448 512 561 548 corde
587 513 788 549 veritatem
816 518 1017 560 quaerunt:
1052 518 1140 549 sunt
1161 515 1264 549 enim
1282 515 1393 551 innu-

108 577 214 602 mera
231 566 377 602 motiva
387 564 666 610 credibilitatis,
692 576 777 612 quae
792 565 941 602 homini
969 566 1118 603 ratione
1138 571 1238 603 recte
1268 569 1391 604 utenti

108 617 268 654 suadent
293 618 468 654 Ecclesiae
480 617 734 662 divinitatem,
757 628 879 665 neque
891 619 930 655 in
948 619 1127 656 exercitio
1154 620 1393 656 auctoritatis

108 671 180 705 sibi
199 671 416 706 commissae
442 669 565 706 ullum
585 670 748 706 abusum
774 670 950 707 Ecclesiae
979 671 1187 708 Catholicae
1214 672 1253 708 in
1280 673 1393 709 rebus

108 723 322 770 praesertim
343 721 432 758 fidei
449 726 486 758 et
504 732 657 758 morum
686 733 776 759 vera
805 722 966 759 historia
992 728 1118 772 potest
1147 725 1392 772 exprobrare.

108 775 317 810 Calumniis
336 775 469 821 utique
489 774 756 821 improborum
791 775 995 812 hominum
1024 780 1061 812 et
1088 776 1171 824 ipsa
1193 777 1395 825 subjicitur

109 828 207 863 sicut
225 827 427 863 calumniis
446 827 650 873 subjicitur
667 828 807 863 veritas
825 829 863 864 in
884 828 1044 873 mundo,
1074 829 1172 865 sicut
1191 830 1393 866 calumniis

107 880 300 926 subjectus
314 879 384 915 fuit
398 879 595 924 Christus;
613 878 679 915 sed
698 880 892 916 calumnia
910 881 1101 928 injustitia
1121 886 1189 917 est.
1211 902 1256 908 —
1272 883 1393 929 Atque

107 942 175 978 per
190 930 262 967 hoc
298 941 525 978 responsum
557 935 614 966 est
648 931 757 967 alteri
780 933 879 979 parti
906 932 951 968 de
979 933 1165 979 criteri03
1195 935 1393 971 criterium

106 985 210 1020 enim
239 984 495 1020 extrinsecum
518 988 607 1020 sunt
632 985 778 1020 motiva
797 984 1085 1031 credibilitatis3
1117 988 1314 1023 criterium
1339 989 1394 1023 in·

108 1037 318 1073 trinsecum
332 1040 389 1072 est
405 1035 595 1072 evidentia
615 1036 802 1083 objectiva
818 1037 1031 1074 divinitatis
1056 1038 1248 1084 Ecclesiae,
1281 1041 1394 1076 nobis

106 1088 351 1125 manifestata
381 1099 449 1136 per
479 1089 639 1125 interius
670 1088 760 1125 fidei
797 1089 928 1126 lumen
954 1091 1244 1138 supernaturale
1267 1103 1289 1128 a
1316 1093 1394 1129 Deo

107 1141 290 1186 infusum,
309 1152 352 1178 eo
372 1141 488 1177 modo
504 1152 580 1188 quo
602 1142 799 1178 criterium
826 1143 1075 1179 intrinsecum
1096 1145 1302 1180 veritatum
1328 1157 1394 1181 na-

107 1193 290 1228 turalium
321 1197 378 1228 est
394 1193 477 1240 ipsa
495 1192 684 1229 evidentia
696 1194 883 1240 objectiva
901 1194 1125 1231 earumdem
1146 1207 1275 1233 rerum
1284 1198 1394 1234 nobis

106 1244 311 1281 manifesta
327 1255 395 1293 per
419 1245 550 1281 lumen
568 1246 741 1282 naturale
766 1247 927 1282 rationis
949 1248 1001 1293 (L.
1024 1250 1081 1293 65,
1102 1248 1160 1292 V).
1179 1249 1224 1285 Et
1258 1250 1303 1286 de
1323 1250 1395 1286 hac

107 1297 335 1343 objectione,
357 1306 443 1342 quae
459 1297 742 1333 arationalistis
761 1298 872 1334 nobis
886 1300 1107 1347 opponitur,
1128 1302 1232 1337 satis.

151 1349 231 1384 V11.
246 1349 412 1393 Quaestio
432 1350 571 1386 altera.
591 1349 684 1386 Aliae
700 1352 932 1397 quaestiones
953 1356 990 1388 et
1016 1352 1173 1398 quidem
1198 1354 1333 1391 multae
1355 1361 1392 1390 et

107 1401 404 1437 intricatissimae
426 1406 631 1438 moventur
660 1403 761 1439 circa
784 1403 909 1451 legem
932 1403 1158 1450 humanam,
1192 1417 1286 1453 quas
1324 1419 1392 1455 pro

107 1452 197 1490 data
215 1453 412 1490 occasione
427 1454 466 1490 in
477 1453 650 1492 discursu
665 1455 797 1503 Operis
812 1456 1019 1493 solvemus.
1041 1457 1392 1505 lmpraesentiarum

106 1506 268 1552 quaestio
282 1506 534 1554 proponenda
559 1512 615 1543 est
646 1512 684 1544 et
710 1507 891 1545 solvenda
918 1510 1019 1546 circa
1037 1511 1227 1558 originem
1259 1512 1392 1548 huma-

106 1566 243 1594 narum
262 1558 404 1606 legum.
428 1558 500 1595 Sed
529 1559 684 1596 attende
701 1560 805 1607 quod
824 1571 902 1597 non
934 1563 1125 1608 quaeritur
1150 1563 1196 1599 de
1222 1564 1392 1611 ipsarum

107 1610 255 1658 origine
283 1611 323 1646 in
354 1610 488 1648 ordine
519 1611 568 1648 ad
591 1613 824 1660 principium
854 1614 1138 1662 legislativum:
1170 1626 1258 1652 cum
1290 1618 1391 1653 enim

106 1662 287 1699 humanae
305 1663 408 1711 leges
424 1663 657 1701 subaudiant
679 1665 902 1702 societatem
912 1667 995 1713 jam
1015 1668 1279 1714 constitutam,
1300 1670 1393 1706 etad

105 1716 228 1763 ipsam
249 1715 488 1762 ordinentur,
519 1718 558 1752 in
578 1722 775 1765 comperto
796 1723 851 1754 est
868 1719 1101 1767 principium
1133 1720 1391 1768 legislativum

105 1767 270 1804 residere
296 1768 335 1804 in
360 1769 548 1817 principio
580 1770 663 1817 ipso
696 1771 934 1817 gubernante
954 1772 1245 1809 multitudinem
1277 1775 1394 1811 socia-

105 1819 195 1856 lem.
212 1820 311 1868 Ergo
344 1822 507 1867 quaestio
537 1826 593 1858 est
622 1822 668 1857 de
697 1823 844 1869 origine
864 1824 1071 1869 essentiali,
1092 1824 1166 1861 hoc
1185 1830 1242 1861 est
1267 1825 1313 1862 de
1340 1827 1395 1862 in-

108 1873 272 1909 trinseca
305 1873 401 1920 legis
433 1878 571 1910 natura
587 1885 596 1918 3
632 1879 670 1909 et
707 1879 910 1922 propterea
947 1877 1135 1922 quaeritur
1173 1882 1305 1913 utrum
1333 1878 1394 1914 lex

109 1924 279 1961 humana
295 1924 488 1962 derivetur
506 1937 529 1961 a
550 1926 633 1973 lege
654 1931 815 1963 naturae.
835 1927 903 1963 Cui
926 1928 1132 1974 quaestioni
1152 1930 1365 1976 respondeo
1384 1942 1391 1965 :

150 1978 248 2013 VIII.
263 1978 339 2014 Lex
357 1978 525 2014 humana
541 1979 743 2015 derivatur
763 1989 785 2015 a
801 1980 887 2025 lege
906 1983 1060 2017 naturae
1072 1990 1150 2017 non
1165 1983 1328 2026 praecise
1349 1987 1395 2019 ut

106 2031 302 2068 conclusio
321 2041 368 2067 ex
381 2032 595 2077 principiis,
616 2032 683 2068 sed
697 2035 744 2068 ut
762 2032 1033 2069 determinatio
1053 2035 1230 2079 quaedam
1249 2036 1396 2080 aliquo-

105 2093 192 2120 rum
207 2085 466 2120 communium
483 2085 606 2130 ipsius
622 2084 718 2130 legis
730 2088 894 2121 naturae.
912 2086 1007 2121 Ante
1022 2086 1291 2132 probationem
1303 2093 1395 2124 nota

107 2134 310 2183 diligenter
328 2136 404 2172 duo
421 2147 431 2173 ε
454 2140 490 2173 10
509 2137 614 2183 quod
631 2148 708 2172 non
729 2141 893 2184 negatur
907 2137 1033 2185 legem
1052 2138 1265 2175 humanam
1284 2151 1395 2187 posse

106 2187 276 2235 legitime
295 2190 516 2237 praecspere,
532 2190 592 2226 vel
611 2189 815 2237 prohibere
831 2200 918 2236 quae
938 2191 1216 2239 praecipiuntur
1231 2192 1289 2228 vel
1308 2204 1395 2240 pro-

107 2240 289 2277 hibentur
304 2241 352 2277 ab
374 2242 458 2289 ipsa
480 2242 564 2290 lege
583 2246 746 2287 naturae‚
770 2246 812 2277 ut
837 2242 1014 2279 homines
1037 2244 1103 2290 qui
1128 2249 1197 2280 aut
1217 2245 1395 2292 ignorare

106 2298 268 2340 possunt
286 2299 355 2330 aut
373 2295 647 2343 parvipendere
661 2300 855 2342 praecepta
870 2296 1213 2342 moraliarationis‚
1235 2297 1394 2334 docean-

65 2370 71 2376 .
107 2349 171 2380 tur
189 2349 227 2381 et
246 2345 381 2382 talium
396 2351 677 2395 praeceptorum
689 2347 970 2384 observantiam
982 2353 1116 2385 curent
1132 2353 1238 2385 metu
1258 2349 1394 2386 saltem

107 2407 311 2444 poenarum
326 2400 567 2437 sensibilium
582 2410 668 2447 quae
681 2400 727 2436 ab
740 2399 911 2437 humana
919 2401 1147 2438 auctoritate
1165 2402 1409 2450 infliguntur,
