1554 2569
180 161 223 194 30
249 169 374 194 ETmCA
395 170 464 195 LIB.
483 171 506 195 Ι.
528 170 603 195 cn.
626 170 667 194 11.
686 169 728 196 DE
745 170 889 195 NATURA
907 169 1027 194 ULrlm
1046 169 1139 195 Finis
1156 170 1311 195 RUMANAE
1328 170 1418 195 VITA!

179 242 236 283 30,
256 236 320 288 11)‚'
339 245 375 277 et
405 242 446 276 sit.
467 241 755 287 quodammodo
776 251 897 276 unum
918 251 1004 275 cum
1026 245 1280 287 cognoscente
1306 241 1382 283 (Ps.
1403 243 1458 286 31,

178 293 250 338 IV).
275 294 368 329 Cum
389 298 518 330 autem
539 294 645 330 nulla
668 294 810 341 species
833 293 1099 339 intelligibilis,
1123 297 1255 340 utpote
1275 297 1402 329 creata
1427 299 1463 330 et
1505 301 1507 305 ’

179 346 300 390 finita,
335 347 456 394 possit
482 347 645 393 perfecte
677 350 954 393 reproesentare
982 346 1188 382 essentiam
1219 345 1400 389 divinam,
1429 351 1464 382 et

179 397 317 435 ducere
341 404 619 447 consequenter
638 400 677 435 in
703 398 969 435 immediatam
995 399 1077 445 ejus
1103 399 1376 445 cognitionem,
1404 410 1463 434 se—

179 450 309 495 quitur
329 451 432 498 quod
458 453 540 498 ipsa
563 451 690 488 divina
716 451 881 487 essentia
903 451 951 486 sit
971 451 1085 486 veluti
1105 451 1230 486 forma
1252 451 1463 487 intellectus

178 502 294 546 beati,
315 507 351 539 et
371 505 476 550 quod,
502 515 548 540 ex
574 504 768 540 intellectu
795 504 906 539 heato
928 507 965 538 et
986 504 1150 539 essentia
1182 505 1248 539 [iat
1279 503 1463 550 quodam-

178 555 293 591 modo
316 567 450 599 unum,
484 568 561 593 non
587 556 826 603 simpliciter,
855 555 921 591 sed
947 556 986 591 in
1008 556 1256 602 intelligendo
1279 558 1353 601 (Ps.
1378 555 1428 591 ib.
1449 557 1462 590 l

179 611 215 642 et
232 609 307 653 lv),
337 614 373 644 et
399 610 502 657 quod
533 609 696 655 denique
728 623 742 640 ι
767 608 859 644 visio
888 608 966 652 illa,
988 619 1064 654 qua
1089 609 1209 644 Deum
1240 619 1308 655 per
1333 618 1463 644 essen·

178 661 273 696 tiam
293 661 521 707 videbimus,
546 667 603 697 est
623 662 757 697 eadem
781 671 868 697 cum
885 661 1031 696 visione
1057 671 1136 708 qua
1166 662 1265 697 Deus
1290 672 1328 696 se
1348 661 1461 702 videt,

178 724 224 749 ex
246 719 360 760 parte
386 714 470 761 ejus
501 725 573 762 quo
603 714 751 750 videtur
779 726 792 749 :
823 714 916 761 quia
945 714 1043 750 sicut
1075 714 1156 760 ipse
1191 725 1229 749 se
1265 713 1368 749 videt
1398 725 1466 762 per

178 766 384 802 essentiam
408 778 532 810 suam,
564 768 617 802 ita
642 770 678 803 et
703 777 771 802 nos
805 766 1020 802 videbimus
1045 776 1147 802 eum.
1176 766 1247 802 Sed
1278 777 1322 802 ex
1357 770 1464 812 parte

178 820 442 866 cognoscentis
470 820 659 856 invenitur
687 819 902 864 diversitas,
925 829 1010 865 quae
1031 823 1088 854 est
1107 819 1207 854 iuter
1232 819 1465 855 intellectum

179 871 349 907 divinum
371 877 407 907 et
424 876 613 908 nostrum.
629 873 671 907 In
691 871 958 918 cognoscendo
979 874 1108 907 autern
1126 872 1165 907 id
1183 872 1285 917 quod
1306 882 1466 919 cognos-

179 925 288 965 citur,
311 925 484 971 sequitur
500 925 666 971 formam
693 934 769 972 qua
790 924 1073 971 cognoscimus,
1097 924 1189 970 quia
1208 934 1276 970 per
1297 923 1463 960 formam

179 976 314 1022 lapidis
334 977 507 1013 videmus
543 977 730 1024 lapidem3
763 976 829 1012 sed
848 976 1017 1013 efficacia
1043 977 1081 1012 in
1110 976 1376 1023 cognoscendo
1403 987 1464 1013 se-

178 1030 306 1075 quitur
323 1030 503 1065 virtutem
526 1030 812 1076 cognoscentis3
832 1030 943 1074 sicut,
963 1029 1029 1076 qui
1057 1029 1172 1065 habet
1189 1030 1312 1065 visum
1334 1029 1464 1065 fortio·

179 1092 258 1116 rem
282 1082 431 1118 acutius
449 1082 564 1118 videt.
588 1083 632 1117 Et
654 1081 740 1118 ideo
769 1083 808 1117 in
837 1081 902 1117 illa
927 1081 1072 1117 visione
1100 1092 1170 1117 nos
1200 1082 1297 1118 idem
1323 1082 1463 1118 videbi-

179 1144 263 1169 mus
285 1134 388 1182 quod
411 1136 512 1170 Deus
536 1134 649 1179 videt,
678 1135 818 1170 scilieet
844 1134 1051 1169 essentiam
1072 1144 1196 1178 suam,
1226 1135 1289 1171 sed
1310 1146 1385 1170 non
1411 1135 1466 1173 ita

180 1188 400 1223 efficaciter.
424 1201 441 1220 ›>
465 1206 510 1213 —
530 1187 724 1233 Supplem.
753 1188 822 1229 Qu.
846 1187 948 1229 XCII,
969 1187 1086 1221 Artic,
1109 1188 1124 1222 Ι
1144 1187 1191 1223 ad
1212 1189 1244 1223 2.
1275 1207 1320 1213 —
1346 1187 1399 1224 Cf.
1420 1188 1462 1224 Ρ,

224 1240 294 1283 Ωιι.
313 1240 394 1282 xm
415 1240 473 1276 IV.
498 1240 591 1276 Dist.
613 1240 737 1276 XLIX.
760 1240 828 1283 Qu.
848 1240 892 1284 ΙΙ,
915 1239 1031 1275 Artic.
1053 1240 1083 1274 1.
