1554 2569
133 100 322 134 58ETHICA.
333 109 401 135 Lm.
415 111 452 138 Π.
469 98 546 136 ἆΑΡ.
567 111 591 136 1.
609 112 651 136 DE
665 113 808 137 Acrmcs
823 112 959 138 HUMAN.
975 111 1012 137 IN
1025 112 1154 137 SEIPSIS
1167 109 1426 138 CONSIDRRATls'

133 181 297 216 actiones
314 181 524 217 secundum
543 193 580 218 se
600 183 798 219 moraliter
818 183 1089 229 indifferentes,
1103 193 1189 230 quae
1209 187 1298 218 sunt
1315 183 1416 219 circa

133 232 280 278 objecta
299 243 344 268 ecc
363 243 401 269 se
420 244 497 269 non
517 234 751 270 includentia
770 234 916 281 aIIquid
935 235 1133 271 moraliter
1155 235 1347 282 pertinens
1367 234 1415 269 ad
1459 255 1466 261 ‹

133 284 305 320 ordinem
335 286 508 330 rationis,
532 291 572 322 ut
601 287 725 322 levare
750 287 933 323 festucam
960 287 1006 323 de
1031 291 1145 331 terra,
1168 288 1221 322 ire
1248 286 1296 323 ad
1316 297 1415 323 cam·
1461 304 1467 321 i

132 347 237 383 pum,
254 341 291 372 et
305 337 528 384 hujusmodi
544 350 553 383 ς
568 340 606 374 4⁰
625 339 662 374 in
682 340 863 383 actiones,
877 349 963 386 quae
977 339 1151 376 absolute
1166 338 1416 375 consideratae

132 389 416 426 deformitatem
436 391 493 426 vel
513 391 837 427 inordinationem
858 391 1067 437 quamdam
1085 393 1311 439 important,
1330 402 1416 438 quae
1460 400 1467 434 j

133 446 259 477 tamen
286 442 478 489 aliquibus
513 444 810 480 circumstantiis
841 444 1132 480 advenientibus
1162 445 1274 480 bonae
1301 443 1415 480 effici-

132 498 274 530 untur:
297 495 394 531 sicut
415 495 585 532 occidere
618 497 829 538 hominem,
846 496 907 532 vel
934 502 1145 543 percutere,
1167 498 1207 532 in
1233 507 1272 532 se
1295 495 1416 532 defor-

132 547 305 582 mitatem
335 548 547 594 importat;
581 549 646 584 sed
676 549 707 584 si
739 548 904 585 addatur
931 549 1102 585 occidere
1131 549 1417 585 malefactorem

131 603 287 646 propter
319 601 525 646 Justitiam‚
555 602 612 637 vel
650 605 846 648 percutere
879 601 1165 648 delinquentem
1204 612 1319 638 causa
1345 601 1419 637 dis-

130 651 294 698 ciplinae,
317 664 393 688 non
415 654 486 689 erit
516 658 728 700 peccatum,
750 653 815 689 sed
834 655 956 690 virtus
975 665 983 689 :
1012 656 1049 689 5⁰
1075 655 1113 689 in
1140 654 1308 690 actiones
1331 663 1418 700 quae

130 704 303 740 absolute
328 705 581 742 consideratae
610 706 721 742 bonae
750 710 853 750 sunt,
876 710 917 741 ut
943 716 1100 753 erogare
1121 706 1417 752 eleemosynam,

129 755 195 791 sed
215 767 261 791 ex
284 756 412 803 aliqua
432 758 722 794 circumstantia
744 763 907 805 possunt
926 759 1009 794 fieri
1030 759 1156 803 malae‚
1178 762 1221 793 ut
1247 758 1419 805 erogatio

129 808 380 856 eleemosynae
395 815 551 856 propter
564 821 703 846 vanam
714 811 882 857 ylorz’am
898 811 956 847 vel
972 810 1091 846 alium
1108 811 1225 847 finem
1243 820 1417 858 pravum.

130 881 173 887 —
193 861 274 906 I-II‚
294 861 363 902 Qu.
386 863 511 907 XVIII,
533 864 612 898 Art.
630 863 712 898 VIII
732 874 741 908 3
764 864 832 904 Qu.
855 874 933 910 seq.

175 914 235 950 IV.
263 915 429 958 Quaestio
449 917 588 952 altera.
608 915 681 952 Sed
699 917 728 951 si
747 916 915 952 actiones
938 916 1120 952 humanae
1140 916 1178 952 in
1199 916 1336 963 specie,
1353 926 1419 950 seu

92 994 96 997 .
129 977 174 1001 ex
201 966 350 1013 obJ'ecto
377 978 457 1003 esse
478 972 639 1014 possunt
663 968 923 1003 indifferentes
948 968 1158 1013 moraliter,
1181 971 1344 1015 possunt
1374 977 1421 1002 ne

129 1029 208 1054 esse
226 1019 321 1055 tales
341 1019 380 1054 in
401 1019 598 1056 individuo
613 1021 632 1057 ‘P
651 1020 742 1055 Aliis
761 1021 896 1064 verbis,
915 1021 1065 1066 quoties
1082 1019 1200 1056 homo
1220 1019 1422 1056 actualiter

129 1072 210 1118 agit
241 1082 287 1107 ex
318 1071 509 1118 libertate,
539 1083 605 1108 seu
642 1083 688 1108 ex
718 1073 915 1108 voluntate
947 1072 1170 1117 deliberata,
1204 1077 1310 1109 actus
1339 1072 1420 1117 ejus

131 1127 256 1170 potest
288 1134 334 1160 ne
364 1135 444 1160 esse
471 1124 693 1161 indifferens
726 1126 763 1160 in
796 1125 929 1161 ordine
962 1126 1094 1169 moris,
1127 1135 1260 1160 carens
1283 1133 1422 1170 nempe

131 1181 211 1211 tum
234 1176 418 1222 bonitate,
434 1181 518 1213 tum
536 1178 685 1213 malitia
701 1177 838 1213 morali
853 1178 868 1212 ?
882 1178 935 1212 Ex
953 1188 1028 1223 quo
1044 1176 1146 1213 vides
1166 1177 1421 1223 quaestionem

128 1238 209 1263 esse
244 1229 431 1264 exclusive
457 1228 503 1265 de
534 1229 750 1265 actionibus
779 1229 908 1264 stricte
943 1228 1123 1264 humanis
1145 1230 1192 1274 (2,
1209 1229 1253 1274 I),
1273 1239 1350 1264 non
1374 1229 1420 1265 de

129 1281 346 1316 actionibus
367 1280 536 1317 hominis
561 1281 704 1327 (ibid.)‚
723 1292 809 1328 quae
835 1286 965 1317 carent
984 1281 1217 1326 moralitate,
1239 1281 1330 1327 quia
1360 1292 1419 1317 ca-

129 1338 213 1368 rent
230 1333 420 1369 libertate.
439 1333 494 1369 Ad
513 1334 752 1381 propositam
773 1334 1027 1380 quaestionem
1045 1333 1179 1369 Scotus
1194 1333 1232 1368 in
1250 1333 1296 1368 II.
1317 1333 1418 1369 Dist.

129 1386 217 1430 XLI,
249 1386 411 1421 sustinet
443 1385 527 1421 dari
553 1397 664 1434 posse
693 1390 799 1422 actus
832 1386 1022 1421 humanos
1053 1385 1252 1421 moraliter
1270 1385 1420 1421 indiffe-

129 1442 254 1473 rentes
272 1438 315 1473 in
335 1438 550 1482 individuo,
573 1439 670 1474 sicut
687 1438 828 1475 dantur
848 1439 885 1473 in
908 1439 1032 1485 specie
1051 1450 1059 1482 ς
1087 1438 1153 1474 sed
1173 1439 1421 1474 communior

128 1492 317 1527 sententia
332 1491 560 1528 contradicit
576 1491 702 1536 Scoto‚
716 1496 752 1527 et
770 1495 872 1527 tenet
888 1501 976 1527 cum
993 1491 1028 1526 S.
1045 1491 1193 1527 Thoma
1213 1501 1290 1526 non
1307 1501 1418 1538 posse

129 1543 210 1578 dari
249 1548 356 1579 actus
395 1543 585 1579 humanos
617 1542 877 1579 indifferentes
915 1544 955 1578 in
990 1543 1199 1579 individuo.
1237 1543 1292 1578 Sit
1327 1554 1417 1590 ergo

129 1596 339 1643 propositio
358 1607 366 1632 :

175 1649 218 1683 V.
247 1649 410 1685 Necesse
436 1652 496 1685 est
519 1659 669 1686 omnem
694 1653 826 1686 actum
844 1649 1010 1686 hominis
1033 1659 1055 1684 a
1082 1648 1337 1684 deliberativa
1361 1658 1419 1684 ra-

129 1703 235 1737 tione
259 1702 545 1746 procedentem,
565 1703 608 1738 in
630 1702 829 1739 individuo
853 1702 1152 1744 consideratum,
1173 1701 1315 1737 honum
1334 1711 1418 1736 esse

131 1754 191 1790 vel
203 1755 360 1790 malum.
376 1755 591 1801 Propositio
599 1758 656 1790 est
670 1754 978 1801 expressaverbis
993 1754 1084 1800 ipsis
1098 1753 1134 1788 S.
1153 1753 1325 1798 Thomae,
1336 1753 1417 1796 1-11‚

129 1807 199 1848 Qu.
226 1806 354 1848 XVIH.
378 1807 492 1842 Artic.
527 1806 586 1851 IX,
608 1811 645 1842 et
676 1806 863 1854 probatur
896 1806 978 1853 ejus
1010 1805 1170 1841 ratione.
1198 1806 1312 1840 Actus
1340 1815 1421 1840 mo-

128 1858 219 1895 ralis
250 1869 328 1895 non
354 1859 479 1895 solum
512 1859 628 1895 habet
648 1859 863 1895 bonitatem
892 1870 938 1895 ex
965 1858 1128 1905 objecto,
1153 1856 1217 1893 sed
1238 1857 1354 1893 etiam
1374 1868 1420 1893 ex

128 1911 429 1948 circumstantiis
460 1913 532 1959 (14,
565 1911 646 1958 vl),
677 1912 777 1948 inter
808 1921 903 1958 quas
934 1911 1136 1958 potissima
1170 1914 1227 1945 est
1258 1910 1420 1945 intentio
1464 1908 1471 1929 ἵ

128 1964 219 2000 finis
253 1963 367 2009 (Ibid.
395 1964 470 2010 IV).
499 1964 614 2011 Atqui
643 1974 794 2000 necesse
823 1968 881 1999 est
909 1967 952 1998 ut
986 1962 1146 2009 quilibet
1176 1961 1422 1997 individualis
1449 2011 1451 2013 ι

130 2020 238 2052 actus
257 2016 451 2052 humanus
482 2015 621 2052 habeat
646 2016 815 2062 aliquam
841 2014 1183 2058 circumstantiam,
1208 2024 1276 2060 per
1303 2024 1420 2060 quam

131 2068 308 2104 trahatur
324 2068 372 2104 ad
391 2068 538 2105 bonum
554 2069 613 2104 vel
633 2068 779 2104 malum
799 2067 1009 2110 moraliter,
1035 2066 1082 2101 ad
1102 2066 1230 2101 minus
1247 2075 1293 2101 ex
1313 2070 1421 2112 parte

132 2121 356 2156 intentionis
384 2121 484 2156 finis.
515 2121 613 2168 Ergo
640 2131 791 2158 necesse
820 2124 877 2156 est
902 2124 945 2154 ut
975 2118 1136 2165 quilibet
1162 2122 1269 2154 actus
1289 2117 1422 2153 indivi-

131 2173 257 2209 dualis
273 2172 466 2209 humanus
491 2173 539 2209 sit
557 2173 618 2209 vel
642 2173 766 2209 bonus
791 2172 849 2208 vel
875 2171 999 2207 malus
1022 2170 1247 2215 moraliter3
1269 2174 1307 2205 et
1331 2180 1420 2206 con-

132 2230 336 2273 sequenter
360 2224 581 2261 indifferens
607 2236 688 2261 esse
713 2236 791 2261 non
820 2228 959 2272 potest.
989 2243 1034 2248 -
1062 2222 1253 2258 Probatur
1279 2221 1418 2257 minor.

131 2279 246 2315 Actus
275 2277 519 2314 individualiS
545 2277 738 2313 humanus
758 2276 932 2324 procedit
959 2287 982 2311 a
1003 2275 1193 2319 libertate,
1217 2285 1283 2311 seu
1310 2285 1333 2310 a
1356 2285 1420 2310 vo—

131 2331 280 2368 luntate
301 2330 510 2367 deliberata
524 2330 734 2367 secundum
748 2329 938 2376 judicium
955 2328 1128 2364 rationis.
1151 2327 1249 2374 Ergo
1269 2337 1429 2378 necesse¹
