1554 2569
133 107 200 138 102
211 113 351 138 mmm.
364 114 436 139 Lm.
451 115 490 140 u.
504 115 583 140 mr.
601 116 655 141 ιιι.
671 115 715 141 uz
732 115 880 141 Aemus
892 115 978 140 mm.
989 115 1025 140 m
1041 114 1122 140 ono.
1133 114 1178 140 An
1191 114 1323 148 nonum,
1334 113 1409 139 mc.

129 189 285 232 ptorum
306 185 344 220 in
362 185 434 222 hac
449 185 630 223 solvenda
641 186 866 222 difficultate
883 185 1142 233 praelaudatus
1157 186 1323 222 Concina
1338 184 1409 221 loc.

130 238 193 274 cit.
222 237 361 273 Verum
382 237 692 274 distinctionibus
719 237 845 274 debite
870 237 992 282 factis,
1019 237 1219 282 dissensio,
1242 240 1286 272 ut
1316 236 1413 272 mihi

129 289 293 333 videtur,
321 294 378 325 est
402 290 532 337 potius
558 290 605 326 de
630 291 786 327 nomine
818 300 934 336 quam
962 289 1008 326 de
1045 300 1098 328 re.
1125 289 1414 336 Distinguamus

131 341 407 388 obligationem
417 343 706 379 communitatis
717 343 764 379 ab
777 342 1011 390 obligatione
1023 341 1262 386 individuali,
1272 345 1310 377 et
1318 341 1414 377 forte
1444 369 1446 371 .

131 394 360 430 habebimus
380 395 611 442 scriptorum
629 394 897 431 dissidentium
922 393 1180 431 concordiam.
1202 394 1277 430 Lex
1296 393 1414 440 respi-

131 447 233 482 ciens
256 447 575 483 communitatem
604 447 719 484 talem
743 446 857 483 debet
884 446 1023 483 habere
1049 446 1413 494 promulgationem,
1436 468 1440 473 ·

132 504 187 543 ut,
209 499 407 535 moraliter
432 499 638 547 loquendo,
657 501 733 535 sive
754 499 975 536 immediate
992 500 1069 535 sive
1090 499 1256 535 mediate
1272 499 1413 542 veniat,

131 551 191 586 vel
216 551 336 597 possit
364 553 491 588 venire
521 553 560 588 in
589 553 849 599 cognitionem
872 552 991 588 totius
1020 551 1322 596 communitatis,
1350 562 1414 586 seu

132 603 307 638 omnium
334 604 474 640 civium
501 604 698 640 moraliter
723 605 776 649 (L.
805 606 863 649 22,
899 604 958 649 IV)
986 608 1245 650 sumptorum.
1271 603 1308 638 Si
1334 602 1416 638 haec

135 655 292 691 moralis
306 656 570 692 universalitas
594 656 914 704 promulgationis
932 656 1132 701 habeatur,
1152 656 1299 692 lexvim
1321 655 1416 690 obli-

133 708 248 753 gandi
268 714 456 755 quantum
479 714 536 745 est
555 709 601 747 de
625 721 662 746 se
680 709 892 754 actualiter,
914 720 979 745 seu
1006 710 1045 744 in
1065 713 1152 745 actu
1175 708 1355 753 secundo,
1375 712 1419 742 ut

133 760 278 805 dicunt,
309 761 391 807 jam
418 761 547 797 habet.
578 782 623 788 —
645 763 692 797 At
707 772 796 798 vero
817 761 1083 798 universalitas
1106 761 1263 797 moralis
1288 770 1419 807 excep-

133 812 256 847 tiones
273 812 444 849 admittit
466 813 519 858 (L.
539 813 651 859 ibid.)
675 825 683 849 :
702 824 839 861 nempe
861 814 899 849 in
914 824 1003 849 casu
1018 817 1164 857 nostro,
1182 813 1243 849 lex
1261 823 1346 859 quae
1363 817 1421 848 est

134 863 368 900 sufficienter
397 865 654 913 promulgata,
684 871 810 914 potest
836 870 964 901 tamen
992 866 1160 913 ignorari
1183 864 1230 900 ab
1253 875 1329 899 uno
1359 864 1419 900 vel

133 915 253 951 altero
271 915 482 952 individuO.
504 917 541 953 Si
562 919 681 965 igitur
697 918 780 954 haec
799 918 1017 965 ignorantia
1033 918 1083 952 sit
1105 916 1317 964 culpabilis,
1342 927 1419 951 non

135 968 270 1003 eximit
290 968 532 1005 individuum
553 981 576 1006 a
597 970 691 1018 legis
715 970 979 1006 observatione
998 981 1007 1014 3
1026 970 1057 1005 si
1075 973 1204 1005 autem
1222 970 1271 1004 sit
1295 968 1417 1005 incul-

136 1020 287 1066 pabilis,
308 1021 492 1068 obligatio
513 1022 607 1070 legis
627 1034 704 1058 non
725 1023 890 1059 habetur
907 1024 979 1068 (19,
999 1022 1045 1058 IV
1065 1026 1102 1058 et
1116 1023 1253 1069 sequj.

511 1139 769 1176 ARTICULUS
799 1138 1037 1175 SECUNDUS

746 1222 820 1266 (23)

619 1308 675 1346 De
695 1309 771 1355 leye
787 1314 944 1348 ceter-na.

181 1391 211 1426 1.
234 1390 375 1425 Existit
398 1390 461 1425 lex
482 1390 656 1434 quaedam
676 1394 836 1427 aeterna.
860 1390 965 1426 Sicut
985 1388 1212 1425 universitas
1231 1395 1418 1425 creatura-

132 1452 219 1476 rum
231 1445 358 1477 mente
373 1441 502 1477 divina
515 1446 700 1489 concepta
713 1446 782 1486 est,
799 1446 836 1477 et
852 1440 981 1477 divina
998 1442 1279 1488 omnipotentia
1292 1446 1418 1477 creata

134 1494 188 1537 (C.
215 1495 249 1538 6,
270 1493 327 1538 X),
354 1493 409 1529 ita
432 1493 561 1529 divina
586 1494 734 1530 ratione
757 1504 824 1529 seu
846 1493 1087 1541 providentia
1109 1494 1148 1528 in
1173 1495 1291 1529 finem
1313 1493 1414 1529 ordi-

132 1551 247 1580 natur
266 1550 303 1580 et
324 1546 560 1591 gubernatur
578 1546 632 1591 (T.
653 1548 709 1590 31,
728 1546 778 1581 111
799 1550 836 1582 et
851 1546 909 1590 V).
931 1546 1045 1592 Atqui
1067 1545 1128 1581 lex
1148 1551 1204 1581 est
1223 1545 1415 1582 dictamen

132 1597 292 1633 rationis
315 1598 492 1644 practicoe
512 1598 551 1633 in
572 1598 743 1646 principe
763 1599 829 1645 qui
851 1598 1037 1645 gubernat
1054 1598 1223 1644 aliquam
1245 1608 1415 1634 commu-

134 1650 296 1685 nitatem
320 1654 363 1685 ut
383 1660 420 1685 n.
448 1650 494 1685 VI
518 1650 768 1697 praecedentis
790 1649 941 1686 articuli
967 1650 1112 1686 dictum
1130 1655 1199 1686 est.
1218 1650 1316 1697 Ergo
1335 1651 1418 1697 ipsa

132 1702 231 1737 ratio
254 1701 542 1748 gubernationis
563 1713 691 1739 rerum
717 1702 756 1738 in
778 1701 869 1748 Deo,
891 1703 989 1738 sicut
1011 1702 1051 1738 in
1076 1702 1248 1749 principe
1268 1703 1416 1738 univer-

132 1754 256 1789 sitatis
286 1764 414 1789 rerum
447 1755 626 1799 existens,
660 1753 775 1791 habet
801 1755 1064 1802 propriissime
1087 1755 1277 1790 rationem
1308 1754 1414 1801 legis.

134 1807 242 1842 Ratio
267 1811 396 1842 autem
418 1806 548 1843 divina
570 1807 667 1843 nihil
693 1808 827 1855 incipit
846 1808 1045 1854 concipere
1068 1818 1114 1843 ex
1138 1812 1324 1855 tempore,
1352 1807 1417 1842 sed

133 1859 215 1905 ejus
235 1863 442 1906 conceptus
465 1863 521 1895 est
542 1864 721 1896 aeternus.
745 1860 843 1908 Ergo
863 1860 923 1896 lex
947 1861 987 1895 in
1013 1863 1141 1896 mente
1163 1860 1230 1895 Dei
1253 1859 1418 1896 existens

133 1916 278 1947 aeterna
294 1916 364 1954 cst,
386 1917 423 1947 et
443 1916 586 1948 aetcrna
606 1912 680 1948 dici
701 1912 825 1949 debet.
845 1913 982 1957 -1-11,
1001 1913 1072 1955 Qu.
1093 1912 1183 1957 XCI,
1204 1912 1319 1948 Artic.
1341 1911 1368 1947 1.

181 1964 228 2000 11.
246 1964 362 2000 NOTA.
380 1965 554 2001 Solvitur
565 1965 743 2011 obiectio.
766 1965 894 2001 Dices:
913 1965 965 2001 De
983 1966 1130 2001 ratione
1147 1964 1242 2012 legis
1259 1969 1315 2000 est
1334 1975 1417 2011 pro-

135 2017 338 2063 mulgatio,
360 2027 446 2064 qum
467 2022 524 2053 est
540 2018 744 2066 applicatio
759 2017 852 2065 legis
866 2017 941 2053 illis
958 2017 1097 2064 quibus
1113 2017 1174 2052 lex
1192 2017 1415 2063 imponitur.

135 2069 328 2105 Creaturae
355 2074 485 2106 autem
509 2080 587 2106 non
610 2070 765 2106 suerunt
787 2070 834 2106 ab
857 2075 1014 2115 aeterno‚
1039 2069 1177 2116 quibus
1203 2069 1264 2105 lex
1290 2069 1417 2104 divina

135 2125 265 2168 posset
285 2121 523 2170 promulgari
544 2127 582 2159 et
601 2123 799 2171 applicari.
821 2123 920 2170 Ergo
940 2122 1002 2159 lex
1021 2121 1151 2157 divina
1167 2132 1252 2168 quoe
1276 2125 1416 2157 aeterna

136 2172 289 2219 dicitur,
307 2184 438 2210 revera
458 2178 602 2212 aeterna
621 2186 698 2212 non
715 2180 784 2212 est.

184 2226 294 2272 Resp.
315 2224 517 2274 Distinguo
536 2238 760 2275 consequens
781 2238 790 2264 t
811 2227 873 2264 lex
895 2227 1068 2264 divina...
1094 2230 1238 2263 aeterna
1259 2237 1336 2262 non
1363 2232 1419 2262 est

136 2279 284 2325 passive
301 2282 457 2326 sumpta
470 2289 536 2315 seu
553 2291 599 2316 ex
616 2285 722 2328 parte
742 2280 909 2325 termini,
927 2279 1085 2316 concedo
1104 2290 1114 2324 3
1133 2279 1252 2315 active
1265 2283 1418 2325 sumpte

138 2341 205 2366 seu
227 2342 273 2367 ex
294 2335 402 2379 parte
419 2332 612 2380 principii,
629 2343 735 2379 neyo.
757 2351 802 2359 -
823 2333 998 2369 AEternus
1015 2330 1153 2367 divinae
1173 2331 1312 2367 mentis
1329 2340 1418 2367 con-
