1554 2569
52 129 132 154 Aur.
149 129 205 153 111.
220 127 337 154 urnula
351 128 448 154 nouo
466 121 597 154 ‘sn-uren
614 127 708 153 Aci-r
722 127 878 153 rnorrnn
896 126 1055 158 Amnum
1067 127 1145 154 σιτ.
1164 129 1270 155 mum
1300 123 1336 155 11

52 203 119 237 trae
146 199 331 236 electione
362 203 531 244 tantum,
551 199 617 235 sed
643 204 793 236 naturae
821 199 991 247 impulsu
1014 201 1232 247 appetimus
1258 212 1340 238 esse

52 253 191 295 felices,
214 262 352 300 nempe
372 253 591 300 appetimus
611 252 729 288 talem
751 254 869 288 finem
889 263 955 288 seu
977 252 1052 289 tale
1073 253 1217 289 bonurn
1237 255 1338 301 quod

53 306 203 353 expleat
230 315 344 351 omne
365 304 600 341 desiderium
630 304 855 341 voluntatis.
884 318 899 337 ‹
926 305 972 341 Et
994 305 1102 353 quid,
1124 306 1249 353 inquit
1268 310 1341 343 Au-

52 359 241 406 gustinus,
258 358 392 405 Operis
409 357 624 404 imperfecti
635 361 769 395 contra
780 357 978 394 lulianum
995 358 1074 395 Lib.
1092 359 1149 403 VI,
1162 370 1201 394 n.
1220 360 1338 399 XXVI.

51 412 158 448 circa
175 411 259 458 fin„
279 410 332 446 sic
352 410 447 457 fugit
465 414 619 456 natura,
635 413 678 447 ut
697 411 894 448 miseriam
911 422 919 456 ;
943 411 1036 458 quid
1051 411 1104 447 sic
1122 413 1283 459 appetit,
1301 420 1343 449 ut

52 463 328 500 beatitudinem
341 463 359 500 ‘1
372 463 541 511 Denique
555 463 721 500 liberum
739 463 942 500 arbitrium
954 463 1057 510 quod
1074 464 1120 499 de
1136 464 1207 500 hac
1220 476 1260 501 re
1276 465 1339 502 ha*

53 517 200 561 bemus,
223 516 279 552 ita
304 516 417 553 nobis
446 515 676 552 naturaliter
707 517 868 553 insitum
894 520 963 560 est,
985 521 1028 552 ut
1053 516 1160 553 nulla
1185 518 1342 554 miseria

53 568 162 605 nobis
184 567 306 616 possit
327 567 467 604 auferri
495 567 599 615 quod
620 568 752 604 miseri
774 578 856 604 esse
885 567 1080 612 nolumus,
1102 571 1140 605 et
1163 570 1341 606 volumus

53 632 133 658 esse
153 621 267 657 beati.
283 620 407 668 Usque
422 620 518 657 adeo
536 620 672 668 utjam
693 621 766 668 ipsi
780 621 847 668 qui
865 621 966 657 male
986 621 1146 657 vivendo
1167 627 1257 657 sunt
1272 624 1341 658 mi-

52 674 139 719 seri,
153 673 252 710 male
270 673 393 709 vivere
411 673 568 721 quidem
581 673 709 716 velint,
727 672 851 709 nolint
870 676 1001 710 tamen
1015 683 1096 710 esse
1117 675 1261 720 miseri,
1276 675 1342 711 sed

53 726 166 762 beati.
190 726 266 761 Hoc
285 727 342 761 est
366 725 530 762 liberum
552 725 755 761 arbitrium
777 726 921 762 nostris
946 726 1142 762 mentibus
1162 726 1342 763 immobi-

52 778 138 814 liter
156 778 291 821 fixum,
316 787 392 814 uon
420 788 498 825 quo
519 778 614 814 bene
637 788 752 826 agere
778 777 969 823 volumus,
990 788 1082 814 nam
1102 776 1141 814 id
1171 777 1343 816 humana

52 830 255 878 iniquitate
272 830 470 876 potuimus
494 831 683 876 amittere,
699 835 736 865 et
757 830 882 878 gratia
910 829 1038 868 divina
1060 840 1267 878 possumus
1286 842 1343 868 re—

52 884 202 930 cipere3
224 882 291 919 sed
327 882 492 918 liberum
519 883 724 919 arbitrium
757 894 834 930 quo
864 883 967 921 beati.
995 894 1078 920 esse
1108 883 1286 920 volumus
1307 889 1343 920 et

53 936 184 972 miseri
215 935 412 978 nolumus,
439 943 510 971 nec
537 936 668 971 miseri
706 939 868 981 possunt
894 936 1093 972 amitterre
1128 945 1197 973 nec
1225 936 1349 979 beati.

53 989 158 1024 Beati
177 989 319 1036 quippe
339 998 471 1023 omnes
492 998 574 1024 esse
599 987 789 1033 volumus.
807 988 913 1036 quod
939 988 1013 1036 igni
1040 998 1194 1036 quoque
1215 988 1339 1036 philo-

53 1040 166 1088 sophi
195 1041 310 1088 hujiis
336 1040 481 1086 saeculi,
503 1045 540 1076 et
567 1040 787 1077 Academici
813 1041 860 1077 de
884 1041 999 1078 rebus
1031 1041 1210 1077 omnibus
1238 1042 1342 1077 dubi-

53 1098 191 1136 tantes,
206 1096 303 1129 teste
322 1097 485 1139 patrono
505 1103 576 1129 suo
593 1092 729 1138 Tullio,
747 1093 869 1129 coacti
890 1096 980 1129 sunt
998 1093 1173 1129 confiteri
1193 1104 1201 1130 :
1228 1093 1344 1141 idque

53 1157 175 1182 unum
204 1156 285 1182 esse
319 1146 510 1191 dixerunt,
538 1145 642 1194 quod
675 1145 937 1194 disputatione
973 1157 1050 1182 non
1080 1150 1204 1194 egeat,
1239 1146 1344 1193 quod

54 1209 168 1234 nemo
196 1202 253 1234 est
281 1199 347 1245 qui
385 1208 462 1235 non
490 1201 679 1245 expectat.
710 1213 726 1232 ›
762 1199 848 1235 Haec
868 1198 1061 1247 sapienter
1091 1199 1342 1246 Augustinus.

53 1250 169 1297 Atqui
189 1250 302 1294 Deus,
324 1251 389 1296 qui
410 1261 533 1297 neque
550 1250 629 1287 falli
649 1261 773 1298 neque
794 1250 924 1287 fallere
944 1253 1085 1298 potest,
1107 1255 1242 1287 auctor
1261 1262 1345 1288 esse

53 1302 185 1348 nequit
200 1302 377 1338 desiderii
391 1303 518 1339 inanis
533 1307 570 1338 et
589 1303 767 1347 illusorii‚
778 1303 839 1338 cui
860 1302 958 1339 nihil
977 1303 1079 1339 reale
1094 1303 1338 1351 respondeat.

52 1357 151 1402 Ergo
171 1359 254 1391 tam
284 1356 516 1403 praepotenti
548 1355 738 1392 desiderio
759 1356 886 1391 ultimi
910 1356 995 1391 finis
1013 1366 1090 1392 non
1117 1359 1242 1404 potest
1268 1367 1344 1392 non

53 1407 285 1453 respondere
315 1408 416 1444 reale
446 1407 645 1455 quoddam
675 1409 834 1454 bonum,
865 1409 904 1444 in
931 1408 1041 1456 cujus
1074 1408 1344 1446 consecutione

54 1460 188 1496 heatus
206 1459 324 1497 homo
346 1460 548 1497 efficiatur.

456 1561 627 1602 CAPUT
663 1560 942 1603 SECUNDUM

267 1647 316 1678 nn
345 1649 502 1677 NATURA
532 1649 663 1678 omnm
698 1649 799 1677 F1N1s
829 1650 1002 1679 HUMANAE
1030 1649 1135 1679 vinu

101 1731 297 1778 Prologus.
312 1733 582 1768 Demonstrata
596 1732 798 1768 existentia
810 1733 904 1769 reali
919 1732 1044 1768 ultimi
1059 1733 1147 1768 finis
1160 1732 1346 1769 humanae

55 1784 140 1820 vitae
159 1785 367 1831 quaerimus
387 1784 480 1832 quid
507 1786 569 1828 sit,
592 1796 658 1822 seu
686 1796 772 1832 quae
803 1786 852 1821 sit
877 1785 941 1822 illa
967 1796 1027 1821 res
1054 1786 1093 1821 in
1119 1786 1227 1832 cujus
1249 1797 1343 1823 con-

56 1837 249 1872 secutione
281 1837 398 1873 homo
431 1838 540 1884 plene
573 1838 710 1874 beatus
741 1838 941 1874 efficiatur.
977 1839 1098 1874 Homo
1136 1841 1267 1875 autem
1301 1850 1346 1874 ex

56 1889 189 1925 anima
206 1890 385 1926 rationali
406 1894 443 1925 et
468 1900 628 1938 corpore
654 1892 836 1938 organico
862 1891 1055 1928 coalescit.
1084 1892 1127 1926 Et
1149 1891 1238 1926 licet
1263 1894 1346 1927 tum

56 1952 142 1989 quae
159 1941 208 1978 ad
224 1952 362 1988 corpus
383 1947 465 1978 tum
486 1953 572 1990 quae
593 1943 642 1979 ad
664 1944 838 1979 animum
859 1946 1033 1990 spectant
1050 1943 1250 1980 hominem
1266 1955 1348 1991 per-

56 1995 200 2040 ficiant,
217 1994 470 2032 nihilominus
489 1995 670 2044 quoedam
698 2000 787 2032 sunt
813 1996 927 2041 bona,
950 2006 1088 2044 nempe
1114 1997 1347 2044 corporalia,

56 2057 143 2094 quae
171 2047 322 2084 homini
346 2049 576 2085 conveniunt
601 2049 750 2085 ratione
783 2049 956 2096 corporis
985 2049 1088 2095 quod
1122 2050 1348 2086 immediate

56 2099 243 2146 afficiunt,
258 2101 439 2149 quoedam
455 2112 557 2146 vero,
573 2112 711 2149 nempe
733 2101 964 2149 spiritualia,
984 2112 1071 2149 quoe
1089 2101 1239 2138 homini
1260 2113 1349 2139 con-

56 2153 211 2189 veniunt
231 2155 379 2190 ratione
402 2155 523 2190 animi
543 2165 659 2202 quem
679 2153 904 2191 immediate
919 2155 1137 2203 perficiunt.
1157 2156 1350 2198 Quaeritur

56 2215 147 2252 ergo
164 2208 200 2241 1υ
217 2211 348 2243 utrum
371 2206 562 2244 beatitudo
576 2207 760 2253 hominis,
776 2218 841 2244 seu
862 2217 1079 2254 supremum
1098 2208 1267 2244 hominis
1290 2209 1350 2244 bo-

57 2267 147 2293 num
164 2258 217 2295 sit
232 2258 368 2305 aliqua
386 2270 446 2296 res
459 2269 641 2307 covporea
652 2271 667 2305 ;
678 2262 718 2295 2⁰
729 2264 859 2296 utrum
874 2260 927 2297 sit
936 2259 1072 2307 aliqua
1088 2271 1147 2296 res
1163 2260 1351 2307 spiritua-

59 2309 108 2346 lis
137 2311 265 2347 animo
290 2311 477 2348 inhaerens
497 2312 701 2359 ipsumque
721 2312 945 2360 perficiens3
972 2314 1010 2347 3ο
1035 2315 1167 2349 utrum
1197 2312 1249 2349 sit
1276 2313 1348 2349 ali-

57 2372 135 2410 qua
152 2372 212 2402 ru
229 2369 358 2401 creata
378 2369 410 2401 et
434 2364 549 2412 finita
565 2365 622 2403 vel
641 2365 814 2416 increata
835 2370 869 2402 et
886 2364 1057 2412 infinita.
1083 2365 1198 2413 Atqui
1229 2365 1347 2403 homo
