1529 2569
155 155 240 182 aar.
269 150 310 181 11.
338 154 458 180 unum
482 153 612 179 nomm
638 147 844 180 convertim-
870 147 985 180 mnne
1009 148 1167 181 paor-ren
1191 154 1296 181 mmm
1350 149 1372 182 7

125 228 186 264 IV.
206 228 309 264 Finis
322 227 543 264 inhomine.
561 226 678 274 Atqui
692 226 731 261 in
744 226 914 262 hominis
928 226 1127 263 voluntate
1141 231 1199 263 est
1213 227 1252 264 id
1270 230 1373 275 quod

79 285 136 316 est
155 285 307 317 naturoe
322 284 358 316 et
377 280 416 316 id
436 278 541 327 quod
562 281 618 315 est
637 278 828 315 libertatis
843 279 918 326 (Ps.
940 280 1000 324 49,
1022 279 1087 326 V);
1105 284 1144 316 et
1163 284 1372 328 utrumque

78 343 232 369 necesse
248 337 307 369 est
320 337 361 368 ut
374 331 677 369 consideremus.
694 331 881 368 Voluntas
898 335 939 368 ut
953 336 1096 368 natura
1109 331 1227 369 habet
1240 333 1369 383 finem,

78 387 276 434 cognitum
292 384 465 433 quidem,
484 384 550 422 sed
567 385 641 422 sibi
661 384 891 421 naturaliter
904 386 1123 433 praefixum,
1140 386 1228 422 etin
1243 387 1371 434 ipsum

79 444 255 476 movetur
280 438 410 486 quoad
442 438 667 475 exercitium
697 439 896 483 instinctu,
928 448 993 474 seu
1025 439 1198 475 motione
1228 438 1369 476 divina.

78 493 222 528 Contra
241 492 417 528 voluntas
436 494 480 528 ut
496 491 687 537 voluntas,
710 502 777 527 seu
797 490 973 527 voluntas
992 491 1115 527 libera
1133 492 1235 528 circa
1254 494 1369 529 finem

78 556 103 581 a
129 555 168 581 se
193 545 280 591 ipsa
306 544 597 581 determinatum
623 547 660 580 et
686 544 840 580 electum
864 548 1051 587 versatur,
1073 548 1110 580 et
1137 545 1178 580 in
1202 544 1312 581 illum
1331 556 1372 583 se

78 602 207 634 movet
224 600 267 634 ut
284 597 442 634 domina
452 596 612 644 proprii
630 600 737 633 actus
759 598 832 642 (Ps.
851 598 910 641 51,
930 596 1024 642 Vll),
1043 598 1220 644 quamvis
1240 598 1281 634 in
1300 598 1372 635 hac

78 660 150 686 sua
186 650 337 687 actione
369 650 525 686 electiva
561 659 639 685 non
674 648 853 685 excludat
885 649 1057 686 divinum
1090 649 1294 686 influxum.
1327 672 1372 678 -

78 703 175 739 llinc
193 703 389 750 sapienter
409 703 446 739 S.
468 702 636 738 Thomas
656 702 734 739 1·11.
758 702 827 745 Qu.
849 703 878 740 1.
898 702 1016 738 Artic.
1039 703 1072 738 11
1096 712 1103 738 :
1128 715 1145 735 «
1168 703 1372 751 Proprium

79 760 138 791 est
156 760 305 792 naturae
328 754 542 798 rationalis,
564 759 607 792 ut
632 755 766 791 tendat
790 755 830 791 in
855 755 971 792 finem
992 756 1108 803 quasi
1123 766 1162 793 se
1180 767 1295 803 ayens
1314 759 1371 795 vel

80 808 226 845 ducens
257 810 316 855 (ex
349 806 541 853 electione)
571 807 622 845 ad
652 807 780 844 finem.
817 808 973 845 Naturae
1001 819 1089 845 vero
1122 809 1372 855 irrassonalis,

81 861 192 907 quasi
207 860 257 897 ab
270 861 346 897 alio
363 865 448 897 acta
463 860 522 896 vel
540 859 669 906 ducta,
687 861 818 896 sivein
833 861 950 897 finem
964 861 1256 908 apprehensum,
1275 864 1374 900 sicut

77 914 196 950 bruta
223 913 424 959 animalia,
452 913 529 950 sive
558 913 598 949 in
624 913 740 950 finem
765 923 842 950 non
868 914 1160 961 apprehensum,
1189 916 1287 952 sicut
1311 928 1372 962 ea,

78 977 169 1015 quae
190 967 348 1003 omnino
368 967 587 1014 cognitione
607 969 753 1003 carent.
775 980 794 998 n
812 986 858 993 —
878 967 932 1003 Cf.
953 967 1105 1015 Psych.‚
1128 968 1245 1004 Artic.
1265 971 1301 1005 2.

127 1020 221 1056 Hinc
236 1019 398 1057 infertur
416 1018 522 1067 quod
541 1029 656 1067 agere
676 1024 834 1067 propter
854 1019 970 1055 finem
992 1020 1159 1066 perfecto
1181 1020 1298 1058 modo
1317 1033 1372 1064 est

84 1071 373 1120 apprehendere
393 1072 524 1117 finem,
544 1071 778 1109 constituere
798 1071 871 1108 sibi
890 1072 1022 1119 finem,
1044 1074 1214 1122 seipsum
1237 1078 1274 1111 et
1297 1085 1372 1112 me<

85 1125 149 1162 dia
168 1125 206 1162 in
227 1125 344 1163 finem
362 1123 555 1162 ordinare.

466 1241 716 1278 Anncums
745 1241 983 1279 SECUNDUS

700 1323 750 1370 (2)

242 1403 377 1444 Utrum
399 1403 550 1441 homini
567 1405 768 1442 conveniat
788 1415 900 1451 agere
916 1409 1075 1452 propter
1093 1405 1220 1453 finem.

125 1499 154 1537 1.
164 1500 690 1536 Praenotamen.—Actiones
699 1499 867 1536 hominis
882 1502 923 1536 et.
937 1500 1112 1536 actiones
1126 1501 1317 1536 humanae.
1328 1501 1374 1536 Ut

79 1553 241 1599 quaestio
262 1552 462 1600 proposita
481 1554 582 1588 recte
607 1551 827 1596 definiatur,
849 1555 943 1588 nota
966 1552 1160 1600 imprimis
1183 1554 1373 1589 rationem

78 1605 268 1642 libertatis
290 1605 331 1642 in
350 1605 548 1642 voluntate
568 1614 651 1642 esse
671 1605 939 1655 constitutam,
965 1609 1155 1652 quatenus
1175 1605 1305 1641 electio
1327 1606 1373 1641 ad

78 1658 295 1695 libertatem
314 1658 504 1706 requisita
523 1661 581 1694 est
601 1657 702 1694 actio
721 1657 849 1694 elicita
869 1668 892 1694 a
911 1658 1122 1694 voluntate.
1144 1658 1216 1694 Sed
1236 1662 1375 1706 praeter

79 1712 313 1749 voluntatem
342 1715 432 1749 sunt
460 1711 501 1747 in
528 1710 686 1748 homine
720 1711 804 1747 aliae
836 1710 1053 1757 facultates,
1081 1714 1122 1747 ut
1151 1711 1374 1755 intellectus,

80 1764 325 1811 imaginatio,
336 1768 406 1801 etc.
417 1765 481 1800 Hae
491 1774 625 1800 omnes
633 1763 836 1800 facultates
848 1763 885 1799 in
895 1774 934 1801 se
944 1766 1109 1810 sumptae
1119 1764 1376 1811 independen-

82 1822 138 1852 ter
152 1828 175 1853 a
186 1817 397 1864 voluntate,
410 1827 489 1854 non
504 1820 592 1853 sunt
606 1817 781 1861 electivae,
798 1817 890 1865 quia
903 1817 1042 1865 eligere
1058 1822 1115 1853 est
1132 1817 1202 1853 dos
1219 1818 1377 1864 propria

80 1870 287 1906 voluntatis
304 1881 314 1916 ;
335 1873 507 1906 attamen
527 1881 551 1906 a
568 1869 766 1906 voluntate
786 1873 950 1917 possunt
971 1870 1157 1917 applicari
1179 1870 1229 1906 ad
1255 1881 1374 1917 agen—

83 1923 190 1968 dum,
219 1927 257 1959 et
276 1923 361 1959 ideo
386 1933 408 1958 a
433 1922 556 1958 libera
584 1921 768 1958 electione
803 1921 1014 1958 voluntatis
1044 1923 1212 1970 pendere
1244 1923 1373 1969 quoad

82 1976 322 2012 exercitium.
334 1975 513 2012 Actiones
526 1985 610 2022 quoe
620 1974 830 2011 eliciuntur
843 1985 868 2011 a
880 1974 1137 2021 facultatibus
1151 1975 1193 2011 in
1202 1986 1241 2012 se
1250 1986 1374 2024 sump-

82 2028 131 2063 tis
146 2027 435 2075 independenter
451 2037 475 2063 a
486 2026 610 2063 libera
625 2025 941 2063 determinatione
953 2026 1178 2072 voluntatis,
1190 2031 1379 2063 vocantur

82 2081 249 2117 actiones
263 2079 432 2116 hominis
446 2090 460 2117 .·
476 2090 609 2116 revera
625 2079 728 2115 enim
744 2079 791 2115 ab
807 2078 964 2116 homine
984 2080 1147 2116 elicitive
1170 2090 1237 2115 seu
1257 2083 1377 2116 mate-

81 2134 227 2169 rialiter
244 2133 366 2179 fiunt3
389 2137 426 2169 et
443 2133 542 2169 inter
559 2132 784 2179 hujusmodi
802 2133 974 2169 actiones
994 2134 1265 2179 computandae
1286 2138 1377 2169 sunt

82 2187 200 2222 etiam
217 2186 389 2222 actiones
403 2186 525 2232 ipsius
542 2185 753 2221 voluntatis
768 2185 817 2221 ad
835 2196 932 2232 quas
952 2185 1038 2233 ipsa
1058 2185 1177 2222 libere
1198 2197 1263 2222 seu
1282 2187 1378 2222 elec-

82 2239 157 2275 tive
170 2249 248 2275 non
260 2249 300 2275 se
317 2238 564 2282 determinat,
580 2241 623 2274 ut
637 2240 695 2274 est
709 2237 841 2274 volitio
857 2238 983 2274 ultimi
997 2239 1085 2275 finis
1102 2239 1141 2274 in
1161 2240 1374 2275 communi.

82 2311 128 2318 —-
146 2292 301 2336 Contra,
321 2290 489 2327 actiones
507 2301 591 2338 quoe
607 2290 817 2327 eliciuntur
835 2291 914 2327 sive
927 2302 954 2327 a
972 2291 1164 2327 voluntate
1177 2293 1265 2337 ipsa
1286 2292 1378 2327 deli-

85 2343 214 2381 berata
225 2343 304 2380 sive
317 2342 366 2380 ab
379 2343 470 2380 attis
484 2342 738 2390 facultatibus
750 2342 819 2379 sub
835 2344 997 2390 imperio
1010 2344 1220 2380 voluntatis
1233 2343 1374 2390 liberoe,

83 2400 269 2434 vocantur
279 2395 446 2433 actiones
459 2395 650 2442 humanoe,
665 2406 802 2448 nempe
818 2395 989 2433 hominis
1000 2397 1150 2442 agentis
1162 2396 1377 2434 formaliter
