1584 2569
334 115 414 142 AM.
443 116 482 141 u.
517 115 559 139 DF.
575 115 786 141 MATRfflONu
814 114 1164 140 INDISSOLUBILITATR
1328 105 1391 140 193
1424 113 1426 115 ’

105 187 301 230 Senecam,
322 187 378 223 De
395 186 646 223 Providentia
668 186 748 222 Lib.
774 187 823 221 III
845 197 852 222 ε
879 185 968 222 hinc
998 197 1074 223 non
1103 187 1303 223 societates
1327 186 1405 222 doe

104 239 273 275 mesticae
290 238 545 283 habebantur,
568 239 632 274 sed
650 238 863 286 lupanaria.
888 239 944 274 Sit
963 250 1053 285 ergo
1075 239 1269 275 conclusio
1287 250 1296 275 :

154 293 218 328 111.
228 293 431 329 Vinculum
443 293 727 329 matrimoniale
737 295 797 329 est
808 293 853 329 de
860 293 945 338 lege
953 296 1103 329 naturae
1112 293 1390 328 indissolubile.

104 347 190 381 llaec
209 346 421 392 propositio
444 345 631 392 probatur
657 346 735 381 sive
759 345 1021 382 consideretur
1041 346 1332 381 matrimonium
1354 346 1392 381 in

103 409 171 434 suo
193 398 394 446 principio,
416 398 492 434 sive
513 399 552 435 in
575 409 644 434 suo
671 400 760 443 fine,
780 399 857 434 sive
886 399 924 434 in
948 398 1081 434 ordine
1107 397 1152 434 ad
1178 398 1392 434 naturalem

102 452 339 498 aequitatem,
362 451 437 487 sive
468 451 507 487 in
539 451 673 487 ordine
698 451 745 487 ad
769 452 888 487 bonos
910 463 1034 487 mores
1059 451 1281 498 conjugum.
1301 451 1393 493 Quae

103 505 234 540 onmia
253 504 478 551 singillatim
504 504 796 552 explanabimus
817 515 903 540 cum
927 505 963 540 S.
992 504 1152 548 Thomu,
1179 505 1227 540 111
1252 505 1392 541 Contra

103 556 277 601 Gentiles,
296 557 386 604 Cap.
410 557 552 592 CXXIII
575 562 611 592 et
641 557 778 603 Suppl.
798 558 867 598 Qu.
890 557 1027 602 LXVII,
1049 558 1164 593 Artic.
1191 557 1219 602 1,
1242 568 1308 592 seu
1332 556 1389 592 IV.
1436 576 1439 590 ι

100 610 193 645 Dist.
212 610 371 653 XXXIII,
394 610 463 651 Qu.
487 610 533 654 11,
552 610 630 645 Art.
655 610 682 646 I.

146 662 209 698 Ex
224 662 427 708 principio
446 662 699 698 matrimonii.
723 662 800 698 Hoc
819 662 1065 709 principium,
1083 666 1123 697 ut
1145 663 1183 697 in
1200 661 1390 708 superiori

100 714 282 758 Articulo‚
305 725 343 749 n.
372 713 431 758 IV,
466 714 649 760 diximus,
677 718 733 750 est
759 725 868 750 amor
894 715 1075 751 amicitiae
1095 726 1108 750 .·
1139 714 1203 760 qui
1233 713 1390 760 quidem

101 777 209 802 amor
229 766 379 802 videtur
398 777 480 803 esse
498 768 691 803 maximus
719 768 818 803 inter
842 769 1025 803 maritum
1048 771 1084 803 et
1105 778 1279 810 uxorem,
1300 777 1389 802 nam

101 824 142 854 ut
161 830 241 855 sese
261 820 301 854 in
333 820 628 855 matrimonium
658 821 909 867 conjungant,
937 821 1159 866 relinquunt
1180 824 1328 866 patrem
1356 824 1392 855 et

100 876 277 908 matrem.
310 871 503 907 Uniuntur
531 877 660 908 autem
690 874 727 908 in
759 884 871 909 carne
901 884 978 909 nna
1005 884 1080 908 non
1107 873 1232 908 solum
1262 872 1389 919 quoad

99 929 228 960 actum
255 925 418 960 carnalis
445 925 606 972 copulae,
637 926 735 961 sicut
764 926 895 962 bestiae
926 926 1084 970 faciunt,
1106 925 1171 962 sed
1199 926 1316 961 etiam
1343 924 1391 961 ad

101 978 218 1012 totius
236 977 458 1014 domestica}
478 979 778 1014 conversationis
795 980 1045 1014 consortium.
1065 979 1243 1014 Amicitia
1263 982 1391 1014 autem

99 1034 243 1076 quanto
271 1030 397 1077 major
426 1035 495 1074 est,
521 1035 627 1066 tanto
656 1031 768 1067 debet
798 1042 877 1067 esse
911 1032 1060 1066 firmior
1089 1037 1126 1067 et
1155 1031 1388 1067 diuturnior.

99 1083 196 1130 Ergo
226 1084 520 1119 matrimonium
549 1084 698 1120 ratione
727 1085 784 1120 sui
816 1085 992 1131 principii
1019 1085 1180 1131 requirit
1210 1084 1313 1131 quod
1342 1084 1391 1121 sit

100 1136 328 1171 naturaliter
345 1136 623 1172 indissolubile.
969 1167 976 1172 .

143 1189 303 1225 Ratione
322 1189 413 1236 sinis
434 1189 486 1225 ad
502 1199 609 1236 quem
622 1190 912 1225 matrimonium
927 1190 1145 1226 ordinatur.
1165 1190 1390 1226 Contractus

99 1241 409 1286 matrimonialis,
427 1241 624 1278 voluntate
643 1241 799 1288 quidem
821 1243 940 1278 libera
954 1243 1264 1278 contrahentium
1284 1255 1388 1278 exur-

100 1295 172 1341 git3
194 1298 234 1330 at
260 1294 352 1342 finis
384 1294 606 1342 principalis
634 1294 681 1330 ad
711 1306 825 1342 quem
846 1295 1048 1331 ordinatur
1080 1297 1387 1339 matrimonium,

99 1347 240 1382 scilicet
264 1347 476 1394 procreatio
498 1352 535 1383 et
561 1346 735 1384 educatio
757 1348 889 1394 prolis,
912 1359 988 1384 non
1019 1348 1229 1384 secundum
1258 1349 1390 1384 volun-

100 1403 219 1435 tatem
237 1399 562 1446 contrahentium,
592 1399 657 1436 sed
684 1399 894 1436 secundum
917 1401 1185 1447 praescriptum
1213 1401 1306 1448 legis
1326 1413 1390 1436 m-

48 1458 57 1464 ‘
105 1457 200 1488 turae
225 1453 434 1499 regulatur.
460 1453 557 1500 Ergo
588 1452 775 1500 quidquid
803 1453 892 1489 huic
911 1454 979 1489 fini
1007 1454 1207 1501 principali
1234 1456 1391 1501 opponi-

103 1509 177 1549 tur,
217 1515 263 1541 ex
302 1505 427 1541 officio
467 1510 616 1542 naturae
657 1506 839 1553 conjuges
880 1507 1000 1543 vitare
1043 1510 1233 1543 tenentur.
1277 1509 1391 1554 Atqui

102 1557 272 1593 officium
298 1557 506 1594 educandae
527 1558 644 1605 prolis
666 1569 741 1594 non
774 1558 898 1595 solum
922 1559 969 1595 ad
998 1563 1148 1606 tempus
1177 1558 1302 1605 durat,
1325 1560 1391 1596 sed

102 1621 168 1657 per
203 1615 323 1646 totam
355 1612 472 1646 vitam
506 1611 623 1658 prolis
653 1623 660 1647 :
695 1611 795 1648 unde
825 1611 870 1648 de
906 1612 987 1659 lege
1016 1618 1164 1649 natura>
1200 1618 1256 1648 cst
1287 1613 1392 1660 quod

102 1668 277 1708 parentes
308 1665 396 1699 [iliis
420 1664 687 1710 thesaurizent,
718 1670 754 1700 et
783 1665 849 1700 [ilii
872 1670 1076 1712 parentum
1107 1665 1279 1701 haeredes
1299 1667 1389 1711 sint,

102 1716 201 1751 utin
233 1716 304 1752 hoe
331 1718 455 1764 capite
477 1717 843 1756 demonstrabimus,
872 1719 917 1754 Et
948 1718 1035 1754 ideo
1062 1729 1150 1756 cum
1184 1719 1309 1765 proles
1343 1720 1392 1754 sit

102 1778 307 1804 commune
328 1770 472 1804 bonum
493 1771 563 1805 viri
592 1775 628 1805 et
656 1771 798 1815 uxoris,
829 1775 981 1817 oportet
1000 1781 1134 1807 eorum
1167 1771 1390 1808 societattm

103 1826 284 1868 perpetuo
325 1833 546 1868 permanere
592 1822 808 1865 Indivisam‚
848 1823 1058 1860 secundum
1106 1823 1201 1870 legis
1242 1830 1390 1861 naturae

102 1873 308 1917 dictamen,
331 1878 369 1909 et
389 1875 442 1910 sic
465 1874 771 1922 inseparabilitas·
792 1876 1030 1912 matrimonii
1052 1882 1106 1912 cst
1138 1875 1183 1912 de
1215 1876 1297 1924 lego
1328 1888 1391 1915 na·

102 1930 210 1962 turm.

145 1980 274 2026 Neque
295 1979 398 2016 dicas
419 1980 490 2016 hoc
511 1987 783 2027 argumentum
804 1981 927 2018 valore
954 1981 1108 2028 quando
1131 1982 1255 2030 proles
1279 1982 1391 2018 habe.

101 2037 176 2077 tur,
197 2044 273 2069 non
291 2037 420 2069 autern
444 2033 599 2079 quando
627 2038 692 2069 aut
720 2034 858 2070 mulier
876 2035 1015 2070 sterilis
1036 2039 1104 2079 est,
1127 2039 1193 2071 aut
1220 2035 1288 2070 filii
1310 2036 1390 2071 nati

101 2089 265 2121 mortem
290 2087 555 2134 oppetierunt3
588 2097 677 2122 nam
699 2086 782 2123 haee
806 2088 970 2134 obJectio
992 2088 1066 2123 vim
1090 2088 1235 2124 nullam
1258 2088 1388 2125 habet.

101 2138 145 2172 Et
161 2149 290 2174 revera
310 2139 460 2174 etiamsi
480 2143 630 2175 constet
652 2139 697 2175 de
718 2140 918 2176 sterilitate
945 2141 1089 2185 uxoris,
1114 2145 1242 2178 tamen
1261 2145 1390 2177 actum

101 2191 424 2228 matrimonialem
463 2201 551 2229 cum
592 2192 674 2239 ipsa
710 2203 820 2239 posse
852 2193 953 2230 licite
989 2198 1028 2230 et¹
1063 2193 1221 2230 honeste
1255 2193 1391 2230 haberi

101 2254 234 2280 omnes
250 2244 477 2281 concedunt.
497 2245 646 2287 Quare?
668 2246 763 2287 Quia
784 2257 921 2293 nempe
942 2250 1048 2282 actus
1070 2247 1131 2282 ilie
1148 2258 1219 2293 per
1233 2258 1271 2282 se
1288 2246 1390 2282 ordi-

104 2300 217 2332 natur
241 2296 288 2333 ad
318 2299 637 2344 procreationem,
670 2299 759 2334 licet
785 2310 856 2346 per
885 2299 1061 2337 accidens
1092 2299 1306 2346 procreatio
1341 2300 1390 2335 sit

105 2349 256 2397 physice
274 2351 534 2398 impossibilis.
553 2353 650 2399 Ergo
670 2363 691 2389 a
709 2353 803 2399 pari,
826 2354 1000 2399 quamvis
1014 2364 1084 2400 per
1101 2352 1275 2390 accidens
1304 2352 1390 2388 nnis
