1584 2569
293 132 372 157 ΛΒΤ.
394 132 446 157 11.
475 131 518 156 nn
536 131 655 155 romu
675 129 860 155 Rammius
879 127 1195 153 nssrnffisnnmrivt
1327 119 1391 153 263

103 205 214 252 gatis,
245 208 282 240 et
307 203 476 250 expetito
504 206 541 238 et
565 202 721 238 obtento
744 211 879 236 eorum
908 210 1112 242 consensu,
1138 201 1265 246 potest
1290 199 1393 246 leges

101 259 217 293 ferre:
249 257 301 292 ita
334 266 485 302 nempe,
515 256 567 290 ait
589 256 625 293 S.
653 254 822 290 Thomas
841 253 950 298 ibid„
982 256 1024 288 ut
1053 263 1152 288 unus
1175 252 1395 299 proeficitur

100 310 303 347 secundum
319 310 509 352 virtutem,
528 309 596 355 qui
615 307 789 343 omnibus
801 305 951 354 praesit,
969 310 1003 342 ec
1021 305 1090 342 sub
1113 306 1196 351 ipso
1216 309 1304 341 sunt
1325 305 1395 340 ali-

101 363 170 410 qui
191 362 457 409 principantes
473 361 677 397 secundam
699 360 888 396 virtulem.
907 379 951 384 —-
974 359 1144 405 Denique
1166 357 1394 393 monarchia

101 414 427 452 constitutionalis
448 417 506 450 est
524 414 658 449 divisio
687 413 808 448 civilis
828 411 1045 459 potestatis,
1075 410 1114 446 id
1136 414 1191 446 est
1220 411 1391 457 regimen

102 479 291 516 apparens
314 469 442 513 unius,
467 467 534 503 sed
555 477 685 502 revera
704 466 909 501 multorum
934 464 1161 500 dominatio.
1193 465 1270 500 Rex
1291 464 1392 500 enim

101 524 250 569 regnat,
272 521 337 557 sed
363 531 440 557 non
468 521 668 567 gubernat.
702 519 897 555 Gubernat
917 517 1097 565 populus,
1129 517 1188 552 cui
1211 517 1395 552 tribuitur

102 578 271 622 potestas
287 574 502 621 legislativa
520 583 595 608 non
610 583 678 619 per
693 583 731 607 se
750 571 961 608 exercenda
976 571 1041 606 sed
1062 581 1128 616 per
1146 570 1352 617 deputatos
1370 581 1391 604 a

103 639 141 663 se
161 627 315 671 electos,
338 627 451 673 etqui
467 630 670 672 propterea
689 625 803 660 simul
824 624 969 671 sumpti
985 634 1122 669 corpus
1138 623 1394 669 legislativum

102 680 355 716 constituunt.
373 681 450 715 Rex
466 679 592 725 signat
605 681 641 713 et
657 677 871 713 executioni
885 676 988 722 leges
999 676 1205 723 populares
1219 675 1392 711 mandat.

103 733 175 769 Sed
195 732 277 769 haeo
301 731 647 779 impraesentiarum
669 730 762 766 satis
784 730 829 766 de
848 730 1035 774 regimine
1062 728 1366 764 constitutionali
1384 741 1392 772 ;

104 785 181 821 alia
199 785 310 831 plura
328 785 365 820 in
387 784 560 830 sequenti
582 784 759 819 articulo.

149 837 210 873 IV.
238 838 331 881 Quid
362 837 540 882 generice
561 836 806 872 sentiendum
838 838 890 871 sit
914 836 960 871 de
1001 835 1164 871 diversis
1197 834 1394 879 regiminis

103 891 252 927 formis.
281 890 497 925 Generatim
525 888 734 935 loquendo,
757 889 939 935 quaelibet
963 898 1006 923 ex
1037 887 1170 923 formis
1198 887 1395 934 regiminis

103 943 279 979 indicatis
293 945 420 990 potest
433 942 667 989 respondere
689 942 755 977 fini
771 943 979 985 societatis,
996 951 1063 976 seu
1082 941 1182 976 bono
1197 941 1395 975 communi

107 997 261 1033 civium.
281 997 467 1043 Regimen
494 995 595 1031 enim
617 995 758 1030 sociale
786 995 909 1041 magis
937 993 1078 1040 pendet
1099 995 1136 1028 in
1160 1004 1268 1040 praxi
1291 1003 1313 1028 a
1333 1004 1395 1027 sa—

107 1051 252 1098 pientia
274 1054 310 1085 et
336 1049 537 1085 honestate
564 1058 836 1096 personarum,
857 1058 976 1095 quam
998 1058 1042 1082 ex
1062 1047 1185 1083 forma
1206 1047 1289 1093 ipsa
1309 1057 1316 1081 :
1343 1047 1396 1081 si-

111 1102 269 1151 quidem
298 1103 363 1138 ubi
386 1103 566 1139 Rectores
594 1102 786 1148 sapientes
811 1104 847 1136 et
881 1101 1033 1136 honesti
1065 1100 1153 1142 sint,
1182 1103 1393 1146 temperare

105 1160 268 1203 possunt
296 1155 325 1191 si
352 1154 443 1202 quid
470 1154 645 1190 fortassis
674 1154 712 1189 in
740 1154 821 1200 ipsa
848 1153 972 1189 forma
997 1153 1083 1188 duri
1105 1156 1172 1187 aut
1202 1152 1396 1187 abnormis

106 1209 375 1245 contineatur:
397 1208 461 1243 sed
480 1206 588 1251 nihil,
616 1207 768 1243 etiamsi
786 1206 1083 1252 sapientissimae
1105 1205 1209 1251 leges
1229 1205 1395 1251 vigeant,

105 1261 340 1308 sperandum
363 1264 432 1303 est,
454 1260 517 1296 nbi
536 1260 759 1306 insipientes
782 1259 957 1294 homines
976 1263 1013 1294 et
1033 1258 1226 1294 inhonesti
1247 1258 1397 1304 publica

108 1314 337 1351 auctoritate
365 1314 576 1361 potiantur,
605 1313 680 1348 sive
703 1313 773 1359 ipsi
801 1311 877 1348 sint
905 1311 1031 1353 multi,
1061 1311 1136 1346 sive
1164 1312 1290 1357 pauci,
1319 1311 1395 1346 sive

103 1378 216 1403 unus.
241 1366 322 1410 Qua
345 1366 389 1401 de
411 1376 525 1402 causa
550 1365 616 1401 ubi
638 1365 768 1411 aliqua
789 1364 950 1400 societas
979 1368 1136 1410 experta
1156 1363 1270 1398 fuerit
1290 1373 1396 1410 pecu-

103 1419 240 1456 liarem
261 1418 460 1466 regiminis
478 1418 645 1454 formam
676 1422 757 1453 tum
778 1428 823 1453 ex
844 1416 1008 1452 historia
1029 1427 1112 1459 sua,
1134 1420 1218 1452 tum
1240 1426 1286 1451 ex
1307 1426 1396 1451 con-

106 1472 321 1516 suetudine,
352 1476 434 1507 tum
455 1472 572 1507 etiam
593 1482 639 1506 ex
661 1482 730 1506 sua
753 1470 878 1506 indole
904 1471 1027 1517 magis
1050 1470 1121 1505 sibi
1144 1469 1395 1511 conformem,

106 1536 191 1562 eam
218 1529 357 1561 teneat.
386 1524 490 1561 Unde
520 1524 696 1560 illicitum
725 1523 882 1559 omnino
904 1526 961 1558 est
980 1522 1144 1558 subditis
1171 1523 1228 1558 vel
1249 1521 1398 1557 insidiis

105 1578 164 1614 vel
196 1578 338 1625 apertis
370 1577 694 1625 perduellionibus
735 1577 899 1612 sormam
947 1575 1162 1612 stabilitam
1198 1575 1399 1622 regiminis

106 1631 144 1667 in
164 1631 292 1678 aliquo
315 1631 424 1667 Statu
456 1633 676 1678 permutare
696 1630 754 1665 vel
778 1639 1015 1676 oppugnare.
1045 1629 1153 1671 Quod
1175 1628 1205 1664 si
1227 1628 1397 1675 aliquam

107 1684 419 1720 immutationem
435 1683 564 1730 quoad
582 1683 748 1719 sormam
768 1683 967 1729 regiminis
984 1682 1064 1717 fieri
1085 1692 1237 1717 necesse
1253 1682 1325 1716 sit:
1350 1682 1393 1716 ad

107 1737 147 1772 id
166 1747 289 1783 neque
311 1747 425 1782 penes
444 1736 636 1783 Principes
650 1736 713 1782 jus
734 1738 803 1779 est,
827 1745 950 1782 neque
971 1745 1087 1780 penes
1108 1734 1309 1781 populum,
1334 1734 1397 1768 scd

107 1799 224 1836 penes
245 1789 469 1824 societatem
495 1789 633 1833 ipsam,
661 1787 735 1822 hoc
753 1790 808 1822 est
828 1797 944 1832 penes
965 1787 1182 1832 Principem
1207 1797 1292 1821 eum
1315 1786 1401 1821 sul>-

108 1842 197 1878 ditis
217 1845 254 1878 et
273 1851 387 1889 penes
409 1840 583 1877 subditos
604 1851 681 1876 una
706 1850 794 1875 cum
816 1840 1004 1886 Principe.
1027 1859 1071 1865 —
1091 1840 1178 1874 Haec
1200 1839 1246 1874 de
1268 1839 1399 1873 formis

107 1895 305 1941 regiminis
330 1905 337 1930 ε
376 1894 519 1930 etenim
554 1893 787 1929 democratia.
815 1893 852 1927 in
883 1902 996 1927 sensu
1024 1891 1204 1927 deteriori
1231 1894 1396 1937 accepta,

108 1947 329 1994 oliqarchia
344 1949 379 1982 et
399 1946 583 1993 tyrannia
598 1956 674 1981 non
687 1946 820 1980 formoe
836 1943 1034 1990 regiminis
1052 1949 1154 1987 sunt,
1171 1943 1235 1978 sed
1248 1954 1398 1990 perver-

109 2001 236 2036 siones
258 1999 417 2048 publicae
445 1999 659 2046 potestatis,
691 2008 778 2045 quae
803 1998 852 2033 ad
878 1996 1074 2033 interitum
1097 1997 1242 2032 ducunt
1263 1996 1405 2032 huma-¹

108 2063 200 2089 nam
229 2053 469 2089 societatem.

535 2128 788 2164 ARTICULUS
825 2127 976 2162 NONUS

716 2204 788 2252 (5⁷)

366 2282 419 2318 De
443 2281 572 2327 forma
593 2280 795 2326 regiminis
818 2279 1131 2325 repvoesenlalz'vi.

157 2373 186 2408 Ι.
199 2372 311 2408 Notio
325 2370 523 2416 regiminis
537 2369 863 2415 repraesentativi.
879 2368 1063 2415 Regimen
1082 2366 1264 2414 populare
1280 2367 1399 2402 demo-
