1554 2569
199 111 243 145 24
269 121 394 147 ETHICA
412 122 483 147 mn.
512 123 537 149 1.
566 122 642 148 cAP.
669 124 709 148 11.
732 123 775 149 1>ss
802 124 944 149 NATURA
965 123 1085 150 ULTnn
1105 123 1195 149 mms
1221 123 1376 149 EUMANAE
1402 122 1490 149 vlu}

199 190 320 229 brutis
337 198 374 229 et
403 195 578 242 superior
597 198 654 231 est
687 195 774 232 illis.
797 195 920 242 Igitur
948 195 1148 231 beatitudo
1175 195 1287 232 debet
1310 194 1434 241 primo
1455 195 1490 229 et

199 256 267 292 per
284 257 322 282 se
342 248 550 284 consistere
577 248 614 283 in
641 247 872 296 perfectione
891 248 1065 292 rationis,
1091 259 1158 284 seu
1180 249 1299 296 partis
1320 247 1490 283 intellec-

199 298 298 343 tivae,
327 310 411 347 quae
438 301 590 336 nonnisi
613 300 830 347 cognitione
856 306 894 337 et
919 311 1050 337 amore
1069 301 1265 348 perficitur
1290 310 1299 336 ε
1326 301 1357 336 si
1383 310 1491 336 secus

198 356 310 398 esset,
338 364 416 389 una
447 353 545 390 foret
566 354 604 388 in
633 354 705 389 hac
728 354 805 389 vita
823 354 1020 390 beatitudo
1049 353 1219 390 hominis
1239 357 1277 390 et
1299 353 1491 400 jumento·

198 415 298 440 rum.
732 440 741 443 -
755 440 770 444 s
784 440 787 441 γ
802 440 867 443 -.7,
895 441 898 445 ,

245 457 386 494 Addidi
420 459 461 494 in
489 469 742 506 coynoscemzo
766 464 885 496 Deum
911 460 1091 507 illumque
1112 460 1291 505 amando,
1318 470 1387 506 per
1406 468 1492 505 quae

198 511 314 546 verba
341 512 556 559 completur
584 514 722 549 veritas
752 513 1041 561 propositionis,
1077 517 1113 548 et
1146 513 1270 559 magis
1299 523 1342 548 ac
1368 512 1493 558 magis

197 565 463 600 confirmatur.
488 566 637 601 Etenim
658 565 856 602 beatitudo
877 565 1062 611 objectiva
1082 565 1250 613 perfecta
1266 565 1433 600 hominis
1454 564 1492 599 in

198 617 278 650 solo
299 617 375 652 Deo
399 618 601 664 reperitur,
626 622 663 654 et
689 618 888 655 beatitudo
913 617 1080 665 perfecta
1110 618 1282 654 formalis
1306 618 1344 653 in
1371 618 1492 664 ipsius

198 670 264 704 Dei
299 671 581 706 consecutione.
612 672 847 719 Principium
883 675 1013 707 autem
1051 672 1170 707 totius
1202 671 1401 707 evidentiae
1436 674 1494 705 est

197 722 301 768 quod
325 723 506 768 perfectio
534 724 768 771 incompleta
796 724 934 760 debeat
955 724 1170 760 necessario
1196 724 1330 769 reponi
1354 724 1393 759 in
1411 727 1493 759 ten-

197 775 327 810 dentia
346 775 393 811 ad
420 776 527 811 illum
562 778 785 822 terminum,
815 777 854 813 in
880 777 988 823 cujus
1013 777 1279 813 consecutione
1312 775 1492 822 perfectio

197 828 389 875 completa
408 829 599 866 consistit.
629 831 729 878 Ergo
757 830 955 866 beatitudo
984 829 1222 876 imperfecta,
1245 840 1331 875 quae
1358 830 1397 865 in
1423 829 1493 864 hac

197 880 272 916 vita
290 880 422 917 haberi
446 886 584 929 potest,
611 894 686 919 non
709 884 747 919 in
777 883 852 919 alio
874 894 992 930 quam
1017 883 1056 918 in
1082 882 1278 918 tendentia
1301 882 1348 918 ad
1370 883 1492 918 Deum

197 934 384 970 consistit.
419 935 477 970 Ad
506 937 628 971 Deum
656 939 787 972 autem
818 947 895 972 non
923 946 1083 983 corpore
1116 939 1182 970 aut
1212 935 1290 971 ullo
1320 935 1494 982 corporis

197 997 324 1030 sensu,
349 988 439 1033 quia
456 999 525 1024 nec
547 999 687 1036 corpus
708 1000 777 1025 nec
799 988 970 1036 corporis
992 999 1123 1024 sensus
1145 989 1334 1035 attingere
1355 993 1391 1023 et
1410 998 1494 1034 pos-

197 1040 321 1075 sidere
342 1041 463 1076 Deum
485 1052 634 1077 summe
662 1042 903 1088 spiritualem
924 1045 1097 1088 possunt,
1125 1041 1189 1077 sed
1217 1041 1348 1077 animo
1369 1040 1493 1077 tendi-

197 1097 272 1137 tur,
295 1092 368 1128 hoc
391 1097 448 1129 est
474 1104 562 1130 vera
589 1095 809 1141 cognitione
841 1096 877 1130 et
899 1105 1030 1130 amore
1063 1094 1198 1141 ipsius,
1223 1094 1493 1140 constantique

197 1146 389 1182 desiderio
421 1146 454 1182 ei
484 1147 659 1194 placendi
696 1158 741 1183 ac
772 1158 861 1183 eum
896 1147 1006 1195 plene
1032 1146 1268 1194 possidendi,
1302 1151 1339 1183 et
1363 1156 1494 1182 conse·

197 1203 359 1246 quenter
377 1200 596 1244 virtutibus,
619 1201 759 1247 quibus
785 1200 902 1236 homo
930 1203 967 1236 et
986 1202 1061 1236 Deo
1085 1200 1210 1247 placet
1240 1203 1276 1235 et
1303 1199 1352 1235 ad
1373 1200 1494 1236 Deum

197 1252 381 1299 pervenit.
398 1254 498 1300 Ergo
511 1253 706 1289 beatitudo
722 1263 808 1301 quae
825 1254 864 1289 in
875 1253 946 1289 hac
962 1253 1038 1289 vita
1058 1253 1192 1289 haberi
1211 1255 1349 1300 potest,
1368 1253 1493 1300 primo

197 1309 234 1340 et
266 1316 334 1352 per
362 1304 401 1342 s'e
434 1306 608 1342 consistit
643 1307 681 1342 in
712 1305 945 1353 perfectione
973 1306 1095 1354 partis
1123 1305 1372 1350 intellectivae,
1407 1316 1494 1352 quae

197 1359 371 1394 consistit
392 1359 430 1394 in
451 1358 718 1407 cognoscendo
738 1363 775 1394 et
790 1359 959 1395 amando
975 1359 1109 1403 Deum,
1127 1369 1172 1394 ac
1191 1359 1229 1393 in
1249 1358 1493 1404 ipsumjugi-

197 1415 254 1446 ter
274 1411 466 1448 tendendo
488 1422 555 1459 per
581 1411 806 1447 exercitium
826 1411 1010 1446 virtutum
1033 1410 1254 1454 moralium,
1278 1420 1364 1456 quae
1381 1410 1494 1456 juxta

196 1465 456 1513 Augustinum
474 1468 563 1500 sunt
579 1464 660 1512 ipse
681 1474 792 1500 amor
809 1464 875 1499 Dei
897 1463 1160 1510 multipliciter
1179 1473 1261 1499 sese
1282 1463 1493 1512 explicans,

197 1521 234 1553 et
253 1528 419 1564 quarum
438 1528 585 1554 merces
615 1518 696 1564 ipse
727 1518 827 1553 Deus
848 1522 918 1553 est.
953 1517 1047 1552 Hinc
1073 1516 1210 1552 Graecae
1237 1515 1494 1563 philosophiae

196 1570 448 1618 principibus,
465 1572 652 1607 referente
671 1569 878 1607 Plutarcho
899 1569 937 1606 in
953 1570 1064 1606 Libro
1085 1569 1140 1606 De
1163 1569 1304 1615 audit„
1324 1570 1495 1606 solemne

199 1628 280 1659 erat
300 1623 393 1659 illud
414 1635 422 1659 :
443 1624 563 1660 Deum
578 1634 739 1671 sequere.

247 1677 289 1712 V.
309 1677 502 1713 Attamem
519 1678 568 1714 ad
585 1677 868 1714 beatitudinem
884 1677 1152 1723 imperfectam
1173 1677 1288 1724 huius
1305 1677 1412 1721 vitae,
1431 1687 1494 1712 se·

200 1729 385 1766 cundario
395 1731 650 1775 requiruntur
662 1730 780 1766 etiam
793 1730 893 1766 bona
911 1730 1096 1775 corporis.
1113 1730 1286 1776 Intelligo
1302 1740 1370 1777 pro
1382 1729 1494 1764 bonis

198 1782 369 1829 corporis
393 1787 475 1818 tum
492 1782 611 1829 ipsius
631 1783 803 1830 corporis
824 1782 1112 1830 perfectionem,
1138 1785 1221 1817 tum
1248 1782 1365 1817 etiam
1392 1782 1494 1818 bona

198 1835 403 1870 exteriora.
433 1836 476 1870 Et
500 1834 629 1882 quoad
658 1834 932 1883 perfectionem
964 1834 1135 1881 corporis
1162 1835 1201 1870 in
1225 1838 1407 1881 promptu
1438 1838 1495 1870 est

198 1888 312 1924 ratio.
334 1888 482 1924 Etenim
516 1888 598 1924 haec
628 1887 854 1936 imperfecta
883 1888 1097 1933 beatitudo,
1124 1892 1165 1922 ut
1187 1887 1394 1934 probatum
1421 1892 1493 1930 est,

198 1942 374 1977 consistit
404 1942 441 1976 in
470 1941 692 1988 operatione
725 1941 894 1989 perfecta
925 1942 1090 1986 virtutis,
1117 1940 1191 1976 hoc
1213 1945 1269 1977 est
1299 1942 1338 1976 in
1367 1941 1495 1987 cogni-

199 1995 303 2030 tione
324 1996 360 2030 et
380 2004 511 2030 amore
534 1994 615 2030 Dei.
638 1994 883 2030 Manifestum
910 1997 967 2030 est
985 1997 1116 2029 autem
1144 1993 1247 2039 quod
1268 2004 1336 2039 per
1353 1993 1495 2029 invale-

198 2046 375 2082 tudinem
393 2048 566 2093 corporis
591 2047 631 2082 in
659 2047 764 2083 omni
795 2046 1020 2093 operatione
1046 2046 1198 2081 virtutis
1225 2045 1343 2081 homo
1369 2050 1495 2091 potest

199 2099 393 2146 impediri.
415 2099 514 2146 Ergo
536 2098 585 2134 ad
609 2099 890 2136 beatitudinem
917 2098 1198 2145 imperfectam,
1221 2098 1345 2143 qualis
1364 2098 1402 2133 in
1424 2097 1495 2134 hac

197 2152 275 2188 vita
293 2151 426 2187 haberi
455 2156 595 2198 potest,
623 2162 669 2188 ex
695 2152 920 2188 necessitate
953 2151 1163 2198 requiritur
1197 2150 1298 2186 bona
1321 2151 1495 2197 corporis

201 2204 412 2251 dispositio,
435 2204 524 2240 talis
542 2214 679 2252 nempe
705 2209 748 2240 ut
771 2203 889 2240 homo
919 2215 998 2241 non
1023 2204 1073 2240 sit
1101 2203 1311 2250 impeditus
1334 2213 1357 2239 a
1382 2204 1495 2250 perfi-

198 2257 335 2294 ciendo
354 2257 494 2304 seipso.

196 2342 199 2348 .
247 2309 347 2345 Sed
337 2320 495 2356 insuper
516 2310 766 2356 requiruntur
793 2309 896 2346 bona
916 2310 1120 2354 exteriora,
1143 2320 1221 2346 non
1244 2309 1353 2357 quasi
1374 2309 1419 2345 de
1440 2318 1493 2345 es-

197 2362 329 2400 sentia
358 2362 618 2408 beatitudinis,
638 2363 704 2400 sed
735 2364 846 2412 quasi
873 2362 1220 2413 instrumentaliter
1242 2362 1494 2400 deservientia
