1584 2569
433 121 501 146 uu·
517 121 558 146 11.
577 121 620 146 ne
642 119 834 147 izi-:timont
859 121 1039 147 mrmuom
1349 113 1412 147 147

127 195 245 236 amat,
287 191 386 228 sic-ut
418 193 651 229 conscientia
686 196 861 230 testatur.
905 213 950 219 —
988 192 1251 229 Hallucinatur
1285 197 1413 229 autem

129 245 240 281 Kant.
267 244 362 280 Nam
388 247 424 280 1⁰
450 255 528 281 non
553 245 756 293 distinguit
782 255 954 282 amorem
981 245 1340 293 comprehensivum
1368 246 1414 281 ab

129 308 260 333 amore
280 297 500 343 adhaesivo3
528 299 566 334 20
585 303 688 334 errat
710 309 798 334 cum
818 298 952 335 asserit
978 298 1099 334 Deum
1121 308 1200 334 esse
1220 308 1286 334 ens
1309 303 1416 334 extra

130 360 284 386 omnem
304 350 464 386 rationis
484 354 627 387 nostrae
648 351 994 399 investigationem,
1014 361 1102 387 cum
1127 350 1416 387 demonstrative

129 402 240 438 nobis
262 403 416 450 cognita
438 403 514 439 sint
540 403 622 450 ejus
646 404 848 440 existentia
875 404 1056 451 variaque
1076 403 1275 447 attributa,
1310 408 1352 439 ut
1377 404 1416 439 in

131 454 326 501 theologia
342 455 508 492 naturali
529 455 781 502 ostendimuS‚
802 460 839 493 et
858 456 988 493 divina
1008 457 1165 503 insuper
1184 455 1416 492 revelatione

129 506 347 552 edocemur,
377 512 420 544 ut
448 519 564 555 supra
592 508 738 545 dictum
762 513 849 546 est:
877 512 915 545 3⁰
941 513 1044 546 errat
1075 519 1229 556 quoque
1256 508 1416 545 dicendo

129 560 249 596 Deum
284 571 365 597 esse
401 561 661 597 invisibilem:
694 565 749 598 est
779 561 881 598 enim
914 561 1012 598 Deus
1042 561 1243 598 invisibilis
1273 562 1416 605 sensui,

129 613 228 649 sicut
255 613 381 649 sensui
411 613 611 650 invisibilis
638 618 694 650 est
712 614 845 651 anima
864 614 1061 651 humana:
1090 624 1168 651 non
1198 618 1328 650 autem
1360 619 1416 650 est

130 665 331 701 invisibilis
354 666 579 703 intellectui.
599 666 705 703 Unde
729 668 826 704 sicut
853 668 983 704 anima
1011 671 1117 703 amat
1138 667 1304 715 seipsam
1331 667 1416 702 visi-

130 717 246 754 bilem
267 718 377 754 oculo
398 719 552 764 mentis,
577 720 631 756 ita
651 724 687 755 et
708 724 833 767 potest
852 719 973 756 Deum
994 730 1138 765 amare,
1157 720 1223 766 qui
1249 719 1416 767 splendi—

131 770 287 806 dissime
307 771 467 819 affulget
486 771 612 808 eidem
633 774 773 809 mentis
791 777 934 809 nostrae
956 774 1079 810 oculo.

176 824 273 858 VIII.
289 825 367 860 Imo
381 824 493 860 homo
512 826 760 862 strictissimo
777 826 976 872 religionis
990 826 1117 863 officio
1127 829 1286 863 tenetur
1303 827 1419 863 neum

130 876 291 922 diligere
319 887 433 922 super
459 878 598 914 omnia.
626 878 776 915 Etenim
803 879 951 926 religio,
979 883 1022 915 ut
1050 889 1151 926 saepe
1175 878 1321 915 dictum
1348 884 1416 923 est,

130 929 316 976 importat
333 929 508 966 ordinem
530 930 796 978 dependentiae
823 932 992 968 hominis
1012 931 1060 968 ad
1083 932 1219 978 Deum,
1238 936 1275 967 et
1291 942 1419 968 conse-

131 986 293 1028 quenter
329 982 505 1019 ordinem
553 983 820 1031 dependentiae
865 985 1080 1022 intellectus
1117 989 1156 1021 et
1194 985 1417 1021 voluntatis.

132 1036 245 1082 Atqui
277 1035 371 1072 ordo
410 1035 626 1073 intellectus
660 1038 845 1085 importat
883 1038 986 1085 quod
1022 1038 1099 1074 Deo
1136 1048 1290 1074 summo
1323 1038 1418 1074 Vero

132 1088 300 1125 maxime
317 1088 525 1126 adhaereat.
555 1090 653 1138 Ergo
675 1095 712 1126 et
732 1090 826 1127 ordo
856 1091 1067 1127 voluntatis
1098 1091 1284 1138 importat
1317 1090 1419 1138 quod

131 1141 207 1177 Deo
229 1152 380 1178 summo
399 1142 504 1178 Bono
522 1144 689 1179 maxime
708 1143 923 1180 adhaereat:
941 1154 1027 1190 quae
1045 1143 1216 1180 adhaesio
1238 1144 1276 1179 in
1290 1143 1420 1179 volun-

133 1197 210 1229 tate
228 1204 338 1230 amor
354 1198 423 1230 est.
445 1215 489 1221 —
512 1195 620 1237 Quod
648 1196 765 1232 etiam
788 1197 911 1243 magis
929 1198 1182 1233 confirmatur
1201 1207 1246 1232 ex
1272 1197 1421 1232 ratione

131 1246 257 1282 ultimi
281 1247 382 1282 finis.
410 1245 561 1283 Etenim
587 1246 633 1283 de
660 1248 806 1284 ratione
828 1249 953 1284 ultimi
974 1249 1061 1284 finis
1082 1253 1151 1293 est,
1171 1253 1213 1284 ut
1238 1249 1317 1295 ipse
1338 1247 1421 1283 dili-

133 1302 246 1346 gatur
271 1303 430 1346 propter
452 1310 503 1344 se,
534 1304 660 1337 cetera
684 1304 813 1336 autem
840 1305 996 1348 propter
1018 1302 1145 1348 ipsum
1173 1302 1223 1345 (3,
1246 1301 1288 1345 Ι).
1307 1301 1419 1348 Atqui

130 1352 231 1387 Deus
246 1355 302 1387 est
325 1352 485 1388 ultimus
511 1352 598 1388 finis
612 1352 794 1389 humanae
814 1354 901 1389 vitae
924 1355 956 1398 (6
979 1353 1040 1398 11).
1059 1353 1157 1400 Ergo
1179 1353 1418 1389 strictissimo

132 1403 328 1452 religionis
349 1404 475 1441 officio
503 1404 620 1441 homo
642 1410 794 1442 tenetur
813 1405 971 1453 diligere
996 1405 1118 1442 Deum
1138 1416 1253 1453 super
1276 1406 1419 1451 omnia,

131 1461 259 1493 cetera
271 1467 360 1493 vero
378 1461 537 1505 propter
554 1458 680 1505 ipsum
701 1458 835 1494 Deum.

180 1510 241 1545 IX.
279 1510 543 1547 corollarium.
582 1510 681 1558 Ergo
714 1522 791 1547 non
821 1515 877 1547 est
904 1515 1007 1547 recta
1040 1511 1218 1548 voluntas
1250 1511 1421 1547 humana

133 1562 262 1598 volens
290 1562 446 1609 aliquod
470 1563 699 1611 particulare
725 1564 884 1609 bonurn,
912 1564 986 1600 nisi
1007 1563 1100 1599 illud
1126 1563 1258 1600 bonun
1285 1564 1422 1600 referat

133 1615 172 1650 in
195 1614 329 1651 Deum.
356 1615 411 1650 Ex
431 1616 507 1651 fine
534 1616 637 1652 enim
665 1617 745 1663 (qui
771 1616 870 1652 Deus
896 1616 967 1663 est)
995 1616 1162 1652 sumitur
1185 1616 1294 1663 quasi
1322 1617 1420 1652 ratio

134 1667 306 1704 formalis
325 1667 478 1704 volendi
495 1667 590 1704 illud
610 1669 715 1715 quod
735 1674 791 1705 est
811 1668 859 1705 ad
886 1670 1016 1706 finem.
1040 1668 1146 1705 Unde
1163 1668 1210 1705 ad
1229 1669 1302 1705 hoc
1319 1669 1422 1716 quod

135 1719 274 1766 aliquis
310 1724 414 1757 recta
447 1721 645 1757 voluntate
683 1721 771 1758 velit
803 1721 959 1768 aliquod
995 1721 1225 1768 particulare
1261 1721 1420 1765 bonum,

134 1776 287 1820 oportet
315 1772 419 1819 quod
453 1773 548 1809 illud
575 1774 802 1820 particulare
819 1773 966 1810 honum
987 1774 1036 1809 sit
1060 1773 1224 1809 volitum
1246 1775 1426 1809 materia-

135 1824 236 1869 liter,
257 1824 403 1860 bonum
423 1829 552 1860 autem
568 1825 742 1861 divinum
759 1826 808 1861 sit
828 1826 990 1862 volitum
1001 1826 1234 1872 formaliter.
1254 1844 1301 1853 -
1318 1826 1421 1861 Atta-

135 1887 224 1913 men
258 1887 336 1913 non
369 1877 579 1924 requiritur
610 1877 714 1924 quod
740 1877 878 1924 aliquis
904 1888 1055 1925 semper
1089 1878 1232 1925 cogitet
1268 1877 1313 1913 de
1345 1878 1421 1914 Deo

135 1928 457 1977 quandocumque
489 1929 634 1976 aliquid
678 1931 825 1977 appetit
863 1930 923 1967 vel
963 1934 1168 1977 operatur3
1205 1929 1270 1966 sed
1302 1930 1422 1966 virtus

136 1982 272 2029 primae
304 1982 542 2027 intentionis,
575 1993 661 2029 quae
692 1986 748 2018 est
774 1986 948 2030 respectu
980 1982 1059 2026 Dei,
1084 1985 1131 2019 nt
1159 1981 1287 2018 ultimi
1319 1982 1420 2026 finis,

137 2034 250 2070 debet
269 2044 425 2072 manere
444 2034 482 2070 in
508 2034 679 2081 quolibet
700 2035 873 2082 appetitu
893 2034 1169 2081 quuscumque
1188 2035 1256 2079 rei,
1275 2035 1425 2070 etiarnsi

135 2086 182 2124 de
210 2087 286 2123 Deo
304 2091 392 2124 actu
412 2098 489 2124 non
515 2088 726 2135 cogitetur3
759 2088 857 2123 sicut
889 2087 954 2134 qui
986 2086 1091 2123 vadit
1124 2098 1191 2134 per
1216 2087 1316 2123 viam
1347 2097 1424 2123 non

136 2149 289 2187 semper
305 2140 342 2176 in
358 2140 530 2186 quolibet
541 2151 654 2188 passu
669 2140 813 2187 cogitat
831 2139 876 2175 de
891 2141 979 2184 fine,
995 2144 1166 2176 attamen
1198 2139 1237 2175 in
1253 2139 1425 2186 quolibet

139 2202 252 2239 passu
275 2196 332 2228 est
357 2192 521 2229 intentio
541 2193 643 2229 finis.
674 2209 718 2219 --
746 2192 824 2230 1-11.
857 2192 926 2235 Qu.
946 2192 1039 2239 xlx,
1063 2192 1142 2229 Art.
1164 2192 1207 2228 X.
1236 2195 1273 2228 et
1296 2191 1366 2235 Qu.
1394 2191 1424 2229 1.

138 2244 254 2282 Artic.
276 2244 336 2291 vl,
355 2244 402 2281 ad
423 2247 456 2283 3.
