1584 2569
191 104 204 114 ”
211 107 251 138 20
749 117 924 143 APPEnmx

192 196 249 229 est
267 192 392 239 ipsum
410 201 486 227 esse
503 190 684 234 hominis,
701 194 744 225 ut
761 199 877 237 supra
891 190 1037 226 dictum
1052 194 1120 227 est.
1138 190 1220 227 Non
1239 192 1484 230 concedimus

192 256 282 292 ergo
302 245 466 290 formam
491 254 567 290 qua
595 254 734 290 corpus
760 242 974 279 humanum
1004 244 1252 280 constituitur
1272 244 1310 281 in
1335 247 1481 284 ratione

191 298 363 346 corporis
383 297 631 345 praesupponi
652 296 690 334 in
711 296 874 332 materia
900 296 946 332 ab
970 297 1112 342 anima,
1132 297 1198 333 sed
1222 297 1385 335 dicimus
1405 310 1484 338 esse

193 353 316 399 ipsam
336 351 521 394 animam,
545 354 586 384 ut
606 353 663 384 est
683 349 897 385 eminenter
915 360 1111 397 corporea,
1134 351 1232 387 sicut
1252 352 1484 398 explicatum

191 410 261 440 est.

238 458 281 494 V.
311 458 426 505 Urget
455 462 643 504 praeterea
668 456 810 492 Auctor
838 461 1111 503 argumentum
1137 457 1295 493 ductum
1325 469 1371 495 ex
1397 458 1482 496 doc-

196 512 295 546 trina
317 510 529 546 Tridentini
560 509 718 545 Concilii
748 509 794 545 de
816 509 1062 545 Sacramento
1088 509 1226 546 Altaris
1250 512 1400 558 (Psych.
1427 514 1480 558 16,

193 565 253 609 XI,
279 563 413 610 object.
445 564 496 608 4),
524 563 633 609 cujus
663 563 881 609 argumenti
915 576 932 595 ι
959 562 1035 598 vim
1059 562 1225 610 effugere
1253 575 1331 600 non
1361 569 1483 612 potest

193 618 266 652 nisi
303 618 367 663 qui
400 620 514 663 neget
547 616 718 651 animam
754 615 981 652 rationalem
1019 617 1252 652 constituere
1284 618 1484 655 intrinsece

193 681 279 707 cum
307 670 469 705 materia
499 679 637 716 corpus
667 671 751 711 (cur
777 679 921 716 semper
948 668 1075 705 eadem
1106 669 1357 716 aequivocatio
1387 672 1484 709 inter

195 734 331 770 eorpus
367 728 404 758 et
436 733 573 769 corpus
608 722 851 768 ΗυΜΑΝυΜἹ),
885 721 1055 769 illudque
1087 727 1201 770 neget
1234 734 1279 760 ex
1312 734 1389 771 quo
1414 725 1487 762 hoc

194 777 406 813 necessario
428 779 624 821 sequatur,
646 775 865 822 cujusmodi
891 781 960 820 est,
983 780 1025 811 ut
1045 786 1115 823 ego
1143 787 1277 813 censeo
1298 779 1488 816 sententia

194 830 334 866 docens
369 829 539 864 animam
582 828 810 864 rationalem
855 838 939 865 eam
986 828 1137 864 forman
1178 840 1258 866 esse
1299 840 1385 877 quae
1424 831 1489 874 det,

195 884 321 930 ipsum
340 893 419 918 esse
441 881 612 928 corporis
633 880 793 928 physici.
817 895 832 913 ι
853 901 897 908 -
918 881 1047 917 Schol.
1071 892 1158 929 pag.
1179 883 1260 918 320.

241 937 349 981 Resp.
382 935 518 971 Fateor
547 933 650 980 quod
682 945 770 970 cum
805 934 932 981 prima
958 934 1039 970 vice
1067 935 1234 981 legerem
1263 934 1486 982 hujusmodi

195 992 482 1035 argumentum,
505 988 611 1023 tenui
638 986 731 1023 illud
759 998 827 1034 per
851 986 992 1023 mentis
1019 986 1308 1024 distractionem
1333 990 1488 1027 Auctori

197 1041 382 1078 excidisse
399 1052 407 1085 3
425 1045 463 1076 at
480 1040 602 1076 miror
616 1051 704 1075 eum
721 1041 820 1076 serio
838 1040 876 1075 in
894 1039 1029 1076 eodem
1045 1046 1273 1087 argumento
1298 1042 1486 1080 insistere.

195 1095 292 1135 Quia
308 1105 397 1129 vero
415 1093 469 1129 nil
489 1093 577 1128 novi
594 1094 735 1128 Auctor
754 1092 816 1128 hic
837 1093 994 1140 profert,
1016 1093 1063 1128 ad
1082 1103 1187 1129 meas
1207 1093 1316 1130 datas
1335 1106 1488 1143 respon-

196 1148 322 1183 siones
360 1146 587 1182 benevolum
622 1146 804 1182 lectorem
839 1147 1008 1182 remitto.
1044 1146 1168 1182 Unum
1209 1146 1351 1184 addam
1385 1150 1489 1195 quod

198 1200 395 1236 memoriae
430 1199 540 1245 lapsu
579 1199 617 1234 in
653 1199 900 1246 responsione
941 1198 989 1234 ad
1031 1199 1187 1234 citatam
1233 1200 1489 1246 objectionem

197 1253 323 1297 omisi,
346 1252 489 1288 seilicet
510 1251 614 1287 illam
632 1252 888 1298 objectionem
906 1262 1022 1297 quam
1044 1252 1156 1287 nobis
1174 1254 1334 1300 opponit
1349 1255 1491 1291 Auctor

198 1318 276 1342 esse
302 1307 557 1352 obJeetionem
579 1315 696 1351 quam
717 1305 787 1341 sibi
817 1306 889 1352 ipsi
917 1305 953 1341 S.
981 1305 1147 1341 Thomas
1173 1308 1335 1353 opponit
1360 1308 1401 1344 P.
1423 1309 1487 1354 111,

198 1362 267 1401 Qu.
299 1359 432 1403 LXXV,
463 1359 579 1394 Artic.
605 1358 665 1404 vl,
690 1363 728 1394 et
759 1368 886 1394 meam
916 1359 1206 1406 responsionem
1238 1371 1319 1396 esse
1348 1361 1491 1408 ipsissi-

198 1424 302 1448 mam
323 1411 491 1459 Angeliei
513 1412 814 1458 responsionem.
837 1411 890 1447 En
912 1412 1076 1458 objectio
1097 1422 1215 1458 quam
1239 1413 1311 1449 sibi
1332 1416 1491 1461 opponit

200 1466 236 1502 S.
254 1466 421 1501 Thomas
439 1475 445 1499 :
465 1478 480 1497 ‹
499 1464 637 1499 Forma
650 1465 821 1511 corporis
839 1464 979 1500 Christi
993 1468 1050 1500 est
1064 1465 1194 1501 anima
1210 1475 1217 1500 :
1235 1464 1377 1502 dicitur
1389 1468 1491 1503 enim

199 1520 238 1555 in
265 1519 295 1553 II
323 1518 378 1554 De
398 1517 544 1561 anima,
567 1516 670 1563 quod
691 1517 823 1552 anima
842 1521 897 1552 est
918 1521 1025 1553 actus
1051 1518 1222 1564 corporis
1242 1518 1403 1565 physici,
1426 1531 1491 1566 po-

199 1573 320 1608 tentia
339 1571 458 1606 vitam
477 1569 654 1605 habentis
673 1579 681 1604 :
704 1569 770 1605 sed
789 1579 865 1606 non
887 1574 1013 1616 potest
1033 1569 1107 1605 dici
1128 1570 1232 1616 quod
1258 1571 1382 1608 forma
1404 1573 1492 1608 sub-

199 1624 389 1660 stantialis
411 1623 520 1670 panis
546 1626 790 1658 convertatur
815 1623 853 1657 in
877 1623 1062 1658 animam.
1090 1622 1188 1670 Ergo
1215 1623 1368 1659 videtur
1389 1625 1492 1671 quod

199 1680 396 1713 remaneat
417 1674 648 1720 (substantia
666 1674 794 1720 panis)
814 1674 914 1710 sacta
933 1676 1230 1710 consecratione.
1258 1688 1275 1708 »
1306 1695 1350 1702 —
1371 1676 1494 1713 Audia

201 1741 286 1766 mus
312 1728 428 1765 modo
459 1728 749 1775 responsionem
774 1727 957 1774 Angelici,
976 1728 1084 1774 cujus
1110 1727 1326 1764 doctrinam
1354 1730 1496 1766 Auctor

201 1784 281 1831 ipse
303 1787 418 1825 tenet,
439 1786 480 1816 ut
498 1785 605 1828 puto,
628 1791 839 1816 consonam
863 1779 1048 1816 doctrinae
1073 1780 1232 1817 Concilii
1253 1781 1465 1818 Tridentini
1485 1794 1493 1819 :

204 1850 220 1867 ι
242 1834 295 1870 Ad
317 1837 366 1869 2¹¹1
388 1833 593 1870 dicendum
620 1832 723 1879 quod
751 1834 881 1869 anima
900 1837 956 1868 est
982 1832 1107 1869 forma
1132 1834 1316 1881 corporis,
1341 1834 1436 1871 dans
1462 1835 1496 1871 ei

202 1893 318 1925 tolum
333 1888 506 1924 ordinem
522 1897 597 1923 esse
610 1886 787 1933 perfecti,
807 1886 950 1922 scilicet
969 1894 1068 1931 ESSE,
1088 1891 1126 1922 et
1144 1895 1230 1922 ESSE
1251 1895 1494 1933 CORPOREUM,

201 1947 239 1977 et
267 1949 354 1976 EssE
383 1948 591 1985 mmmmm,
614 1944 652 1975 et
680 1940 734 1975 sie
762 1938 807 1975 de
834 1939 930 1975 aliis.
953 1939 1195 1975 Convertitur
1223 1941 1341 1987 igitur
1367 1941 1497 1986 forma

197 1994 316 2041 panis
345 1995 386 2029 in
404 1993 571 2039 formam
596 1992 768 2040 corporis
793 1991 947 2037 Christi,
976 1992 1178 2029 secundum
1198 1993 1298 2039 quod
1325 1993 1392 2029 dat
1410 2002 1497 2030 ESSE

203 2054 445 2091 conponatur,
474 2056 552 2081 non
578 2050 709 2081 autem
734 2045 937 2081 secundum
966 2045 1065 2091 quod
1092 2045 1158 2081 dat
1187 2053 1273 2080 ESSE
1301 2055 1496 2082 ANIMATUM

203 2100 277 2136 tali
296 2101 442 2135 anima.
463 2113 478 2131 ι
503 2118 546 2124 -
567 2098 709 2134 Eadem
727 2099 884 2135 nraecise
904 2097 983 2133 dixi
1004 2099 1043 2133 in
1065 2109 1151 2134 mea
1170 2100 1431 2145 responsione.

250 2152 309 2187 VI.
330 2151 434 2187 Nihil
457 2150 597 2186 addere
618 2145 768 2186 neces'se
795 2155 851 2186 est
876 2150 976 2186 circa
996 2151 1284 2197 responsionem
1312 2162 1333 2186 a
1353 2161 1413 2186 me
1437 2157 1499 2188 cia-

204 2209 285 2241 tam
297 2203 344 2240 ad
359 2208 633 2251 argumentum
642 2202 850 2239 deductum
859 2214 905 2239 ex
917 2204 1046 2249 forma
1055 2203 1294 2240 cadaverica.
1310 2204 1499 2240 Existimo

204 2258 307 2294 enim
321 2268 388 2304 per
405 2257 509 2292 illam
522 2256 811 2303 responsionem
826 2256 936 2304 plene
947 2256 1154 2303 objectioni
1166 2267 1227 2292 me
1239 2255 1369 2292 secisse
1383 2257 1496 2302 satis3

203 2311 346 2346 Auctor
364 2310 600 2345 contrarium
621 2309 756 2354 sentit,
777 2309 896 2345 lector
910 2308 1071 2356 judicet.

252 2363 330 2398 VII.
353 2363 494 2399 Ultimo
513 2361 677 2410 denique
693 2361 777 2398 loco
795 2373 919 2399 sermo
940 2363 1095 2399 Auctori
1113 2367 1245 2398 nostro
1266 2367 1323 2398 est
1339 2362 1386 2399 de
1406 2363 1484 2401 desi
