1554 2569
221 97 264 130 38
292 106 550 132 ET1110A1.1B.11.
567 108 645 132 CAP.
663 108 687 131 Ι.
705 108 746 132 DE
761 107 907 132 ACTIBUS
919 107 1105 133 HUMAN.1N
1118 107 1242 132 SE1P515
1254 106 1503 132 commensus
1520 91 1530 102 ⁹
1553 117 1554 121 ¹

220 177 334 224 igitur
363 179 592 224 prudentem
619 181 669 223 et,
701 184 741 214 ut
777 179 833 214 ita
863 178 1002 221 dicam,
1024 182 1181 214 cautum
1207 189 1283 214 non
1309 188 1355 214 ex
1383 178 1503 224 ipsius

220 229 361 273 habitu,
396 231 462 266 sed
489 242 535 266 ex
563 232 694 278 aliqua
720 242 759 266 re
786 235 946 266 externa
973 231 1145 277 judicet?
1171 232 1235 266 Est
1261 231 1364 266 enim
1384 231 1504 266 virtus

220 282 385 328 perfecta
404 284 526 328 ratio;
550 284 654 331 quod
674 288 774 319 certe
794 284 830 318 in
845 288 984 320 natura
998 288 1068 320 est.
1090 284 1209 330 Igitur
1229 283 1352 319 omnis
1367 283 1504 318 hones-

220 339 278 370 tas
303 336 439 371 eodem
467 337 596 373 modo.
622 338 718 372 Nam
743 341 784 371 ut
804 347 893 372 vera
915 341 952 372 et
978 336 1088 382 falsa,
1112 340 1152 372 ut
1174 336 1450 383 consequentia
1468 340 1505 371 et

218 389 413 424 contraria
431 400 500 424 sua
518 394 668 436 sponte,
690 400 767 424 non
786 389 910 425 aliena
927 388 1171 436 judicantur3
1194 389 1247 424 sic
1267 391 1447 424 constans
1468 393 1504 423 et

219 444 405 487 perpetua
432 441 529 477 ratio
554 442 651 486 vitae,
681 453 767 488 quse
796 445 853 477 est
883 443 1014 486 virtus,
1042 443 1211 488 itemque
1234 441 1502 483 inconstantia,

218 492 322 538 quod
343 499 399 529 est
421 494 568 538 vitium,
592 505 662 530 sua
683 499 822 529 natura
843 494 1082 540 probabitur.
1106 508 1122 527 x»
1142 514 1188 520 —-
1208 494 1286 529 Huc
1306 493 1423 528 etiam
1444 493 1503 528 fa-

217 545 322 581 ciunt
343 558 428 592 quoe
455 550 590 582 contra
616 551 785 593 systema
815 547 1146 582 lamennesianum
1174 547 1209 581 in
1231 546 1370 592 Logica
1389 546 1505 581 disse-

217 598 277 633 rui
296 600 367 644 (64,
384 600 412 634 V
433 603 469 635 et
487 601 633 645 seqq.);
656 598 791 635 eadem
810 599 912 635 enim
934 603 990 635 est
1010 600 1109 635 ratio
1127 599 1297 635 veritatis
1317 599 1355 634 in
1375 608 1505 644 specu·

188 658 191 661 '
219 652 342 686 lativis
364 654 399 687 et
419 652 457 687 in
478 652 652 699 practicis
674 653 799 687 rebus.

264 705 324 739 IV.
345 705 460 740 Nom.
484 704 656 741 Solvitur
677 704 900 740 difficultas.
924 705 1031 741 Dices
1049 715 1058 740 z
1081 705 1248 741 Historia
1268 705 1382 740 refert
1402 703 1504 751 apud

219 757 424 793 nonnullos
446 758 607 804 populos
627 757 806 804 quaedam
824 761 864 792 ut
878 757 1040 793 honesta
1059 757 1176 794 fuisse
1191 757 1337 802 habita,
1356 767 1442 803 qum
1457 756 1505 792 ab

218 810 302 844 aliis
324 809 476 856 popuh‘s
497 813 538 844 ut
564 810 692 855 turpia
719 810 946 845 retinentur.
970 810 1090 856 Igitur
1119 809 1166 845 ab
1196 810 1440 856 opinionibus
1469 811 1505 844 et

216 862 560 898 consuetudinibus
586 862 819 909 populorum
853 862 994 909 pendet
1019 862 1217 898 moralitas
1243 861 1503 897 humanarum

218 914 425 950 actionum.
439 934 485 941 —
499 914 725 961 Respondeo
743 925 751 950 :
769 925 866 959 nego
887 915 1202 961 consequentiam.
1219 915 1369 950 Etenim
1383 925 1506 961 quoes·

218 969 269 1002 tio
285 978 361 1003 non
383 972 439 1002 est
455 970 583 1003 utrum
605 967 708 1013 apud
728 967 921 1013 quosdam
942 967 1104 1014 populos
1125 967 1284 1014 praefata
1301 967 1443 1013 judicia
1459 967 1504 1002 de

217 1020 412 1055 actionum
437 1019 656 1055 moralitate
676 1020 883 1063 extiterint,
903 1020 970 1056 sed
990 1022 1120 1056 utrum
1140 1030 1229 1055 vera
1250 1019 1392 1055 fuerint
1412 1019 1504 1054 talia

213 1071 370 1118 judicia,
394 1074 430 1107 et
451 1082 497 1107 ex
517 1071 591 1107 hoc
611 1072 693 1118 ipso
716 1071 877 1107 honesta
897 1082 1029 1107 revera
1051 1072 1192 1107 suerint
1212 1075 1249 1107 et
1270 1070 1504 1117 inculpanda

217 1135 302 1171 qua}
327 1129 368 1159 ut
389 1125 480 1159 talia
506 1124 761 1169 habebantur,
784 1127 849 1160 aut
869 1129 1002 1160 contra
1029 1124 1158 1170 turpia
1183 1128 1219 1159 et
1241 1123 1444 1169 culpanda.
1463 1124 1503 1158 In

217 1177 289 1212 hoc
307 1181 382 1212 stat
401 1177 578 1223 quoestio.
597 1178 715 1212 Porro
736 1186 812 1212 non
835 1176 1052 1212 inficiamur
1069 1187 1225 1212 sensum
1245 1175 1450 1211 hominum
1467 1176 1503 1210 in

214 1230 359 1276 judicio
386 1229 542 1265 ferendo
572 1229 617 1264 de
647 1229 844 1264 actionum
871 1229 1090 1264 moralitate
1120 1239 1230 1274 posse
1259 1228 1431 1275 pluribus
1459 1228 1504 1264 de

215 1283 340 1318 causis
362 1281 584 1327 depravari3
607 1281 674 1317 sed
695 1281 776 1317 hoee
798 1281 1022 1328 depravatio
1044 1281 1188 1317 malum
1210 1284 1281 1326 est,
1302 1291 1380 1316 non
1397 1281 1506 1316 crite·

216 1336 317 1370 rium
339 1345 415 1381 quo
445 1335 622 1370 dicantur
648 1334 810 1369 honesta
839 1345 927 1382 quae
955 1344 1088 1370 revera
1118 1333 1247 1380 turpia
1272 1336 1371 1369 sunt.
1401 1333 1505 1370 Unde

216 1390 314 1423 reete
336 1388 497 1433 ipsemet
520 1386 664 1422 Tullius
684 1387 755 1422 loc.
778 1387 842 1422 cit.
869 1387 960 1432 Cap.
981 1387 1079 1422 XVII
1099 1387 1214 1422 etiam
1235 1390 1342 1422 notat
1364 1396 1372 1421 ε
1395 1399 1411 1418 ι
1434 1386 1505 1422 Sed

217 1441 418 1486 perturbat
438 1450 508 1475 nos
537 1439 762 1486 opinionum
783 1439 946 1474 varietas
974 1438 1255 1485 hominumque
1282 1438 1471 1474 dissensio
1493 1449 1502 1474 :

217 1497 253 1527 et
282 1492 372 1538 quia
397 1503 473 1527 non
494 1491 596 1526 idem
622 1491 810 1538 contingit
839 1492 878 1527 in
901 1491 1089 1536 sensibus,
1114 1491 1184 1526 hos
1214 1496 1353 1527 natura
1381 1494 1504 1527 certos

217 1548 418 1590 putamus3
440 1545 505 1580 illa
527 1545 696 1590 (honesta
719 1549 751 1580 et
777 1544 939 1590 turpia),
961 1555 1048 1591 quae
1075 1544 1160 1580 aliis
1186 1545 1250 1588 sic,
1276 1544 1360 1580 aliis
1379 1535 1502 1588 secus,

219 1608 286 1633 nec
312 1597 449 1633 iisdem
471 1607 622 1644 semper
649 1608 723 1632 uno
754 1597 869 1633 modo
888 1597 1077 1642 videntur,
1102 1598 1191 1632 sicta
1212 1607 1293 1632 esse
1315 1596 1501 1631 ducimus.

223 1649 330 1692 Quod
353 1654 409 1685 est
428 1650 542 1696 louge
564 1649 686 1685 aliter.
706 1651 802 1685 Nam
827 1660 958 1684 sensus
979 1652 1129 1685 nostros
1152 1660 1228 1684 non
1255 1659 1407 1696 parens,
1428 1659 1502 1684 non

222 1703 365 1747 nutrix,
388 1713 465 1738 non
491 1702 690 1749 magister,
718 1713 794 1737 non
821 1703 947 1748 poeta,
969 1711 1044 1738 non
1065 1712 1177 1738 scena
1206 1701 1403 1748 depravat,
1426 1712 1503 1736 non

221 1755 478 1790 multitudinis
504 1765 713 1790 consensus
734 1753 889 1790 abducit
916 1765 938 1789 a
956 1764 1059 1790 vero.
1090 1754 1240 1790 Animis
1267 1763 1400 1789 ornnes
1419 1756 1503 1789 ten-

220 1808 362 1843 duntur
379 1808 541 1847 insidiae.
557 1807 614 1843 vel
634 1807 681 1843 ab
701 1807 758 1850 iis,
775 1818 870 1853 quos
884 1807 1000 1842 modo
1019 1807 1253 1851 enumeravi,
1272 1807 1337 1853 qui
1353 1810 1504 1841 teneros

218 1865 255 1896 et
280 1861 394 1896 rudes
414 1871 535 1906 quum
566 1864 807 1907 acceperunt,
838 1860 1014 1895 inficiunt
1034 1863 1071 1895 et
1099 1859 1268 1903 flectunt,
1290 1863 1331 1894 ut
1356 1859 1501 1903 volunt,

217 1913 275 1948 vel
299 1913 346 1948 ab
367 1923 425 1958 ea,
447 1923 532 1960 qum
556 1912 705 1959 penitus
726 1912 763 1947 in
787 1912 891 1947 omni
912 1922 1026 1948 sensu
1048 1911 1245 1958 implicata
1262 1911 1402 1947 insidet
1420 1911 1505 1946 imi-

217 1966 331 2002 tatrix
351 1965 454 2010 boni,
475 1966 668 2012 voluptas,
691 1965 883 2001 malorum
907 1969 1037 2001 autem
1057 1969 1184 2000 mater
1209 1964 1384 2000 omnium
1407 1975 1415 2000 :
1437 1975 1503 1999 cu-

218 2019 276 2063 jus
298 2018 495 2054 blanditiis
521 2018 705 2065 corrupti,
728 2028 815 2064 quae
836 2022 976 2054 natura
1005 2018 1107 2053 bona
1138 2019 1239 2062 sunt,
1262 2017 1352 2063 quia
1379 2016 1504 2052 dulce-

217 2071 303 2106 dine
323 2071 395 2106 hac
415 2074 451 2106 et
472 2071 598 2107 scabie
618 2074 762 2113 carent,
784 2081 861 2106 non
881 2074 1044 2106 cernunt
1064 2070 1169 2107 satis.
1192 2083 1208 2102 ι

261 2123 303 2158 V.
327 2124 409 2159 Non
430 2124 599 2160 omnium
618 2124 816 2159 actionum
835 2123 1090 2159 humanarum
1108 2122 1309 2158 moralitas
1325 2123 1467 2167 pendet
1481 2132 1502 2158 a

214 2178 300 2221 lege
311 2176 428 2212 civili.
444 2176 660 2211 Auctoritas
674 2177 777 2212 enim
793 2176 959 2220 socialis,
969 2175 1295 2212 consentientibus
1307 2175 1501 2218 omnibus,

215 2228 404 2263 Hobbesio
426 2239 500 2263 non
522 2227 688 2272 excluso,
708 2230 774 2263 aut
789 2227 885 2264 nihil
901 2232 972 2271 est,
993 2231 1059 2263 aut
1079 2227 1128 2263 ad
1146 2227 1292 2263 bonum
1309 2227 1501 2263 societatis

216 2291 282 2316 seu
299 2281 440 2316 civium
460 2284 600 2316 natura
619 2291 690 2316 sua
705 2280 918 2316 ordinatur.
942 2280 1089 2315 Bonum
1104 2281 1234 2315 autem
1249 2281 1306 2315 est
1320 2278 1500 2328 perfectio

206 2343 305 2380 ‚quae
335 2344 413 2369 nou
441 2333 579 2370 eadem
613 2335 669 2369 est
703 2343 772 2380 pro
802 2333 1001 2376 omnibus,
1033 2332 1100 2369 sed
1135 2333 1258 2369 variat
1290 2331 1499 2368 secundum
